4325 6267
1781 368 1995 421 CAPUT
2020 373 2087 419 V.

294 492 387 551 lex
424 494 579 568 prior
618 494 734 567 ipsa
772 492 893 567 lege
932 492 1209 562 humana,
1251 500 1307 551 et
1344 499 1605 567 tanquam
1633 494 1717 553 lex
1744 496 1885 565 eius,

296 585 429 657 quia
456 592 545 642 est
570 599 827 642 mensura
854 584 1002 657 eius,
1035 583 1183 657 quod
1211 599 1369 642 nemo
1395 584 1563 643 dicet.
1594 585 1885 644 Concludi-

294 690 425 731 mus
452 677 623 749 igitur
640 716 656 748 ,
680 674 827 732 illam
852 674 1115 732 rationem
1136 691 1423 733 mensurae
1446 675 1529 734 vel
1552 676 1889 736 fundamenti

294 762 599 823 honestatis
630 782 735 823 non
759 766 893 823 satis
922 780 1039 821 esse
1068 766 1135 823 ad
1163 768 1428 823 rationem
1462 766 1888 841 legis,‚ideoque

292 854 473 911 solam
513 860 765 913 naturam
808 855 1123 913 rationalem
1142 898 1157 923 ,
1186 861 1251 912 ut
1286 857 1364 912 sic
1382 898 1398 930 ,
1427 873 1534 913 non
1563 872 1725 931 posse
1752 874 1887 915 con-

290 944 575 1002 venienter
602 946 787 1002 vocari
816 945 991 1019 legem
1019 946 1342 1003 naturalem.
1804 938 1809 943 ’

377 1042 431 1093 5.
462 1037 565 1094 Est
585 1052 715 1109 ergo
743 1035 985 1093 secunda
1013 1038 1272 1094 sententia
1290 1079 1306 1109 ,
1330 1052 1471 1110 quae
1498 1038 1553 1094 in
1581 1044 1777 1096 natura
1801 1052 1887 1095 ra-

290 1126 481 1185 tionali
522 1125 635 1184 duo
675 1127 983 1197 distinguit:
1028 1143 1202 1185 unum
1236 1136 1323 1186 est
1352 1136 1549 1185 natura
1575 1132 1721 1201 ipsa,
1752 1145 1886 1203 qua-

288 1224 455 1275 tenus
484 1222 570 1273 est
596 1216 764 1273 veluti
790 1215 1199 1275 fundamentum
1226 1219 1632 1277 convenientiae
1662 1219 1745 1277 vel
1776 1220 1883 1277 dis·

290 1308 701 1363 convenientiae
730 1308 1005 1363 actionum
1036 1307 1402 1365 humanarum
1425 1309 1493 1366 ad
1514 1311 1686 1382 ipsam
1705 1332 1719 1385 ,
1738 1311 1882 1369 aliud

288 1404 380 1455 est
417 1398 502 1453 vis
533 1395 801 1470 quaedam
830 1396 974 1454 illius
1001 1405 1261 1470 naturae,
1290 1416 1457 1472 quam
1492 1400 1655 1458 habet
1680 1402 1749 1458 ad
1775 1402 1884 1459 dis-

288 1486 631 1545 cernendum
671 1488 807 1545 inter
848 1488 1193 1560 operationes
1232 1492 1649 1564 convenientes,
1690 1501 1746 1549 et
1771 1493 1879 1550 dis-

286 1580 677 1636 convenientes
720 1579 793 1636 illi
834 1585 1094 1653 naturae,
1143 1597 1307 1653 quam
1352 1572 1615 1639 rationem
1656 1591 1883 1641 natura·

286 1668 401 1727 lem
446 1670 807 1741 appellamus.
849 1670 1026 1728 Priori
1067 1670 1229 1727 modo
1270 1671 1476 1729 dicitur
1515 1672 1648 1729 haec
1686 1680 1883 1730 natura

286 1775 413 1816 esse
457 1758 876 1817 fundamentum
918 1759 1220 1818 honestatis
1261 1762 1556 1835 naturalis;
1596 1765 1881 1835 posteriori

288 1857 475 1907 autem
520 1848 684 1906 modo
711 1849 914 1907 dicitur
942 1848 1027 1907 lex
1054 1852 1171 1924 ipsa
1198 1850 1489 1925 naturalis,
1519 1869 1660 1925 quae
1687 1853 1880 1911 huma-

282 1956 391 1997 nae
421 1939 687 1997 voluntati
710 1941 994 2012 praecipit,
1024 1940 1108 1997 vel
1132 1942 1413 2013 prohibet,
1438 1942 1585 2015 quod
1608 1942 1879 2016 agendum

282 2038 377 2088 est
402 2046 471 2089 ex
498 2030 731 2088 naturali
760 2031 897 2087 iure.
929 2033 1073 2089 Haec
1103 2031 1321 2089 videtur
1348 2048 1467 2089 esse
1498 2048 1649 2089 mens
1672 2033 1881 2091 theolo-

284 2137 522 2195 gorum,
551 2128 618 2179 ut
645 2122 885 2179 sumitur
912 2137 977 2179 ex
1001 2122 1126 2180 divo
1152 2123 1356 2180 Thoma
1374 2128 1435 2197 1.
1462 2128 1493 2182 2
1513 2167 1529 2198 ,
1553 2140 1607 2197 q.
1644 2128 1745 2198 94,
1770 2132 1874 2183 art.

294 2217 349 2285 1,
378 2218 437 2268 et
463 2206 521 2281 2,
550 2217 608 2268 01
633 2212 685 2267 10
714 2214 770 2281 4,
800 2210 857 2267 d.
892 2216 993 2283 33,
1023 2229 1082 2285 q.
1122 2218 1171 2287 1,
1204 2218 1307 2270 art.
1346 2219 1409 2287 1,
1438 2221 1496 2272 01
1520 2214 1709 2272 Alense
1732 2215 1879 2273 dicta

286 2318 349 2374 q.
380 2305 473 2361 27.
506 2303 585 2358 lta
614 2302 887 2373 sentiunt,
918 2308 976 2358 01
1000 2302 1161 2360 Abul.
1198 2302 1386 2359 Matth.
1426 2306 1513 2374 19,
1538 2320 1593 2378 q.
1626 2309 1717 2377 30,
1748 2306 1879 2363 Soto

284 2391 386 2447 lib.
420 2394 473 2449 1.
496 2391 569 2448 de
588 2394 732 2449 inst.
758 2408 813 2465 q.
841 2396 897 2463 4,
922 2400 1024 2449 art.
1060 2398 1110 2466 1,
1135 2394 1363 2468 viguer.
1389 2394 1445 2450 in
1474 2395 1600 2450 inst.
1626 2411 1750 2467 cap.
1786 2402 1873 2469 15,

282 2486 321 2547 s
354 2486 404 2553 1,
432 2497 577 2539 vers.
616 2488 667 2549 1,
690 2487 747 2539 01
772 2481 859 2538 alii
885 2482 1117 2556 theologi
1144 2483 1478 2557 frequenter:
1507 2490 1563 2540 et
1582 2486 1875 2559 iurisperiti

281 2572 339 2627 in
380 2574 527 2629 titul.
571 2572 637 2629 de
678 2574 809 2630 iust.
852 2579 909 2629 et
934 2574 1039 2630 iur.
1075 2580 1131 2630 et
1160 2574 1467 2647 specialiter
1497 2574 1665 2633 videri
1696 2582 1875 2649 potest

282 2663 495 2722 Albert.
518 2664 706 2737 Bolog.
731 2671 893 2721 tract.
915 2664 981 2721 de
1003 2664 1143 2737 lege,
1160 2668 1268 2722 iur.
1290 2671 1349 2723 et
1370 2666 1576 2739 aequit.
1597 2683 1745 2723 num.
1776 2672 1871 2742 25,

282 2762 343 2811 et
382 2758 485 2827 26,
527 2755 621 2812 ubi
666 2754 797 2811 alios
835 2754 1022 2812 refert.
1054 2756 1364 2828 Philosophi
1390 2758 1551 2833 etiam
1580 2757 1683 2814 1100
1710 2757 1873 2815 1110110

281 2844 603 2920 frequenter
630 2844 958 2921 loquuntur,
985 2853 1045 2904 ut
1064 2848 1224 2905 retuli
1244 2848 1587 2921 praecedenti
1608 2847 1767 2921 libro,
1783 2866 1875 2907 ca-

282 2938 399 3008 pite
424 2937 516 2993 111.

364 3030 419 3083 6.
455 3028 751 3099 Potestque
780 3024 993 3083 fundari
1013 3026 1063 3082 10
1092 3025 1261 3085 Paulo
1287 3028 1517 3087 Roman.
1542 3033 1599 3100 2,
1624 3027 1719 3084 ubi
1742 3044 1873 3087 cum

280 3116 534 3174 dixisset:
565 3120 799 3183 Gentes,
828 3132 979 3190 quae
1004 3115 1187 3192 leyem
1212 3134 1333 3175 non
1357 3117 1589 3185 habent,
1620 3123 1877 3177 natura-

282 3204 419 3263 liter
442 3222 537 3267 ea,
568 3222 719 3281 quae
745 3204 889 3279 leqis
909 3211 1061 3274 sunt,
1073 3205 1348 3280 faciunt‚·
1370 3205 1659 3264 eiusmodi
1684 3206 1872 3283 leqem

282 3314 401 3355 non
424 3295 731 3365 habentes,
765 3299 883 3372 ipsi
910 3297 1026 3354 sibi
1055 3301 1193 3354 sunt
1220 3296 1341 3355 lex.
1373 3299 1538 3367 Quasi
1566 3299 1868 3369 declarans,

3392 354 3476 417 95

1958 499 2125 570 111011,
2169 494 2292 555 nain
2333 496 2594 571 Basilius,
2637 504 2700 557 ut
2726 497 2890 557 refert
2917 499 2970 557 d.
3001 496 3236 557 Thomas
3267 497 3323 555 d.
3355 514 3412 572 q.
3446 500 3542 571 94,

1959 594 2065 643 art.
2120 587 2179 653 1’,
2223 578 2439 661 argum.
2472 591 2502 645 2
2524 627 2540 660 ,
2570 587 2732 659 dixit,
2763 589 3102 665 synderesim
3131 604 3229 645 seu
3258 589 3544 645 conscien-

1958 679 2090 736 tiam
2118 692 2238 733 esse
2268 676 2445 749 legem
2475 678 2786 736 intellectus
2815 680 3012 743 nostri,
3044 679 3191 753 quod
3221 695 3326 735 non
3356 685 3541 750 potest

1956 766 2212 842 intelligi,
2245 768 2346 823 nisi
2376 766 2442 823 de
2472 764 2588 837 lege
2617 768 2875 841 naturali,
2907 776 2970 826 ut
2997 769 3193 827 ibidem
3222 768 3281 826 d.
3314 769 3546 825 Thomas

1955 856 2126 931 dixit,
2171 864 2570 930 sumptumque
2598 858 2812 915 videtur
2849 876 2915 916 ex
2955 860 3145 916 Basilio
3188 859 3334 915 hom.
3375 864 3460 917 12.
3492 860 3549 914 10

1957 949 2077 1004 1011.
2122 948 2386 1005 Proverb.
2429 950 2504 1005 De
2546 948 2648 1005 hac
2688 950 2848 1005 etiam
2879 951 2996 1024 1030
3025 949 3241 1007 videtur
3269 949 3416 1023 loqui
3445 952 3546 1008 Da-

1954 1052 2250 1099 mascenus
2291 1036 2380 1094 lib.
2428 1041 2461 1096 4
2482 1080 2497 1107 ,
2539 1054 2662 1111 cap.
2709 1044 2802 1097 23.
2834 1038 2905 1096 de
2932 1038 3103 1107 Fide,
3140 1056 3271 1097 cum
3291 1042 3383 1097 ait:
3415 1044 3542 1099 Lex

1955 1130 2069 1184 Dei
2095 1133 2348 1185 mentem
2375 1133 2646 1185 nostram
2671 1127 3017 1196 incendens,
3053 1146 3188 1187 eam
3217 1128 3300 1186 ad
3325 1145 3384 1185 se
3405 1145 3543 1204 per-

1954 1219 2168 1286 trahit,
2226 1220 2759 1291 conscientiamque
2799 1218 3056 1287 vellicat,
3111 1236 3259 1293 quac
3305 1225 3360 1277 et
3404 1223 3545 1295 ipsa

1954 1314 2166 1366 mentis
2205 1313 2444 1366 nostrae
2479 1309 2580 1365 lea·
2606 1308 2843 1367 dicitur.
2875 1310 2974 1369 Ubi
3003 1310 3316 1368 Clictoveus
3346 1312 3425 1366 sic
3453 1326 3546 1369 ex-

1952 1401 2141 1471 ponit:
2173 1403 2303 1457 1,οω
2333 1402 2540 1455 mentis
2567 1406 2806 1457 nostrae
2833 1406 2916 1457 est
2941 1404 3078 1475 ipsa
3111 1398 3415 1458 naturalis
3445 1416 3546 1457 ra-

1952 1493 2031 1545 tio
2052 1492 2166 1546 Dei
2190 1488 2373 1562 leqem
2393 1488 2616 1547 liabens
2640 1490 2750 1547 sibi
2771 1489 3048 1553 inditam,
3073 1496 3542 1566 impressamque

1952 1586 2010 1637 et
2048 1583 2321 1647 insitam,
2371 1597 2491 1653 qua
2529 1580 2746 1637 bonum
2787 1596 2829 1638 a
2866 1580 3029 1638 malo
3056 1584 3284 1639 interno
3311 1579 3538 1638 lumine

1952 1668 2375 1737 diiudicamus,
2397 1678 2505 1727 etc.
2532 1672 2866 1745 ldemsentit
2887 1674 3251 1747 Hieronymus
3279 1689 3366 1744 ep.
3409 1677 3534 1730 151.

1953 1760 2021 1817 ad
2052 1761 2237 1833 Algas.
2271 1778 2326 1834 q.
2361 1768 2415 1833 8,
2447 1761 2541 1817 ubi
2574 1762 2713 1817 hanc
2746 1761 2916 1835 legem
2941 1762 3360 1835 appellatlegem
3383 1761 3540 1819 intel-

1952 1852 2228 1925 ligentiae,
2255 1868 2420 1925 quam
2441 1854 2654 1927 ignorat
2674 1853 2922 1923 pueritia,
2942 1854 3118 1909 nescit
3138 1853 3379 1927 infantia:
3405 1859 3539 1910 tunc

1951 1948 2130 2000 autem
2160 1945 2328 2017 venit,
2358 1950 2415 2000 et
2442 1944 2732 2026 praecipit,
2764 1943 2981 2016 quando
3011 1945 3204 2015 incipit
3234 1944 3532 2017 1010111300-

1949 2033 2054 2104 tia,
2084 2049 2226 2105 quae
2256 2050 2363 2089 non
2406 2039 2641 2105 possunt
2666 2034 2768 2105 ipsi
2795 2040 3022 2090 naturae
3050 2034 3302 2090 rationali
3335 2050 3536 2091 conve-

1949 2124 2086 2179 nire.
2132 2121 2298 2180 Addit
2336 2124 2527 2195 etiam,
2573 2122 2904 2180 Pharaonem
2937 2124 3272 2181 stimulatum
3301 2125 3416 2197 lege
3446 2141 3541 2182 na-

1947 2221 2104 2271 turae
2133 2229 2233 2269 sua
2254 2213 2852 2286 orimina'cognovisse,
2879 2214 3048 2271 Exod.
3077 2218 3130 2285 9,
3155 2230 3262 2271 000
3289 2215 3535 2272 stimulat

1948 2311 2133 2361 autem
2162 2304 2263 2360 nisi
2286 2311 2436 2361 recta
2457 2306 2618 2361 ratio.
2645 2306 2713 2361 Et
2735 2305 2944 2363 Maxim.
2974 2312 3012 2363 t.
3045 2310 3096 2364 5.
3119 2305 3368 2362 Biblioth.
3403 2322 3533 2363 cen-

1946 2380 2089 2452 turia
2118 2400 2172 2465 5,
2198 2410 2320 2467 cap.
2357 2397 2442 2453 13:
2476 2398 2600 2451 Lex
2628 2400 2904 2460 naturae,
2939 2396 3035 2467 ait,
3066 2400 3153 2451 est
3177 2398 3336 2452 ratio
3363 2400 3541 2454 natu·

1942 2484 2112 2550 ralis,
2148 2501 2300 2559 qnae
2325 2488 2626 2559 captivum
2653 2490 2807 2542 tenet
2833 2501 3071 2543 sensum
3096 2483 3190 2557 fad
3216 2482 3534 2544 delendam

1942 2578 2062 2632 vim
2082 2574 2501 2632 irrationalem
2512 2592 2536 2643 ;
2557 2582 2612 2631 et
2633 2576 2973 2648 Augustinus
2997 2574 3068 2631 de
3089 2587 3264 2632 serm.
3290 2578 3539 2633 Domini

1942 2670 2008 2723 in
2035 2670 2232 2723 monte
2257 2665 2349 2723 lib.
2376 2671 2438 2725 2:
2465 2664 2716 2724 Nullam
2739 2670 3014 2723 animam
3031 2682 3173 2733 esse,
3203 2664 3355 2739 dicit,
3384 2682 3538 2738 quae

1942 2759 2308 2813 ratiocinari
2319 2759 2526 2831 possit,
2543 2760 2604 2813 in
2624 2760 2791 2813 cuias
2812 2758 3174 2813 conscientia
3195 2771 3312 2811 non
3336 2754 3542 2828 loqua-

1946 2851 2047 2903 tur
2086 2851 2269 2905 Deus.
2309 2848 2458 2922 Quis
2481 2849 2642 2903 enim
2668 2844 2853 2920 leyem
2881 2844 3228 2903 naturalem
3255 2848 3321 2902 in
3349 2845 3540 2902 cordi·

1946 2936 2051 2992 bus
2088 2936 2398 2993 hominum
2437 2936 2668 3003 scribit,
2715 2938 2838 2993 nisi
2875 2935 3081 2995 Deus?
3106 2936 3176 2992 Et
3213 2936 3287 2992 ita
3315 2939 3536 3008 exponit

1940 3024 2128 3084 locum
2158 3026 2310 3084 Pauli
2333 3025 2400 3083 ad
2425 3028 2654 3083 Roman.
2678 3032 2732 3083 2.
2759 3026 2912 3094 Quod
2935 3026 3124 3083 eodem
3148 3028 3306 3084 modo
3331 3033 3533 3085 tractat

1942 3116 2163 3188 copiose
2190 3114 2506 3173 Ambrosius
2534 3114 2625 3172 lib.
2654 3120 2707 3188 5,
2731 3117 2888 3189 epist.
2916 3120 3011 3187 41,
3036 3116 3125 3174 ubi
3147 3118 3288 3173 inter
3308 3118 3412 3174 alia
3435 3117 3530 3174 ait:

1942 3211 2040 3265 Ea
2065 3205 2183 3268 lex,
2218 3205 2427 3263 scilicet
2453 3206 2739 3279 naturalis,
2763 3222 2879 3263 non
2899 3206 3196 3273 scribitur,
3225 3206 3329 3265 sed
3353 3211 3533 3265 inna—

1940 3299 2159 3363 scitwr,
2205 3312 2314 3353 nec
2347 3293 2562 3369 aliqua
2592 3298 2927 3370 percipitur
2964 3294 3236 3363 lectione,
3271 3297 3373 3355 sed
3388 3316 3554 3373 prm.

284 3386 561 3463 quomodo
598 3389 699 3446 sibi
730 3388 837 3444 sint
876 3387 959 3445 lex
979 3430 995 3463 ,
1022 3394 1077 3447 et
1102 3405 1242 3463 quae
1271 3390 1342 3446 sit
1373 3389 1465 3446 illa
1492 3389 1575 3447 lex
1596 3432 1611 3461 ,
1642 3389 1869 3446 subiun·
1926 3382 2061 3458 fluo
2103 3383 2364 3459 quodam
2399 3390 2659 3443 naturae
2678 3383 2852 3457 sonte
2877 3388 2944 3443 in
2968 3385 3218 3459 sinqulis
3243 3391 3532 3462 exprimi-

284 3480 389 3553 git:
440 3476 775 3536 Ostendant
813 3496 957 3555 opus
996 3478 1138 3552 leqis
1178 3482 1467 3554 scriptum
1504 3482 1571 3535 in
1597 3478 1870 3537 cordibus

279 3574 437 3639 suis,
467 3573 867 3628 testimonium
895 3568 1169 3631 reddente
1188 3569 1313 3627 illis
1333 3572 1697 3627 conscientia
1717 3573 1874 3644 ipso-

280 3677 440 3718 rum.
474 3662 575 3718 Est
614 3666 800 3718 autem
830 3661 1164 3718 conscientia
1192 3677 1333 3734 opus
1364 3660 1616 3731 rationis,
1651 3668 1714 3718 ut
1740 3678 1874 3718 con-

282 3757 421 3825 stat3
466 3758 523 3809 et
560 3750 650 3809 illa
688 3750 916 3824 praebet
944 3752 1347 3819 testimonium,
1378 3758 1435 3809 et
1461 3752 1701 3810 ostendit
1730 3768 1869 3824 opus

278 3838 414 3915 legis
444 3842 716 3915 scriptum
744 3841 797 3897 in
824 3840 1086 3898 cordibus
1114 3841 1395 3899 hominum
1412 3883 1435 3914 ,
1462 3844 1590 3915 quia
1620 3842 1872 3899 testifica-

280 3938 375 3989 tur
392 3974 408 4004 ,
432 3931 571 3989 male
599 3939 694 3988 aut
721 3931 853 3989 bene
884 3946 1045 4003 agere
1068 3931 1339 3989 hominem
1358 3972 1373 4002 ,
1398 3931 1617 4005 quando
1641 3932 1868 4003 resistit,

278 4022 365 4077 vel
408 4024 661 4095 sequitur
700 4021 973 4079 dictamen
1012 4021 1262 4079 naturale
1303 4028 1487 4079 rectae
1528 4024 1782 4095 rationis:
1814 4028 1873 4079 et

280 4118 682 4185 consequenter
721 4112 987 4182 ostendit,
1029 4112 1306 4170 dictamen
1348 4112 1478 4170 illud
1522 4113 1719 4169 habere
1763 4113 1869 4170 vim

278 4201 414 4275 legis
437 4204 489 4258 in
510 4201 723 4259 homine
745 4246 761 4275 ,
785 4202 996 4260 etiamsi
1018 4202 1279 4274 scriptam
1298 4203 1537 4259 exterius
1564 4203 1736 4273 legem
1759 4219 1868 4260 non

280 4291 500 4349 habeat.
532 4294 647 4349 lioc
684 4308 813 4365 ergo
849 4292 1122 4349 dictamen
1152 4301 1237 4351 est
1265 4294 1347 4350 lex
1376 4293 1637 4350 naturalis
1657 4335 1672 4361 ,
1700 4300 1755 4351 et
1782 4310 1869 4351 ra-

280 4386 429 4442 tione
458 4382 603 4441 illius
632 4383 831 4440 dicitur
859 4382 1053 4454 homo,
1084 4385 1177 4457 qui
1210 4384 1304 4458 1110
1330 4383 1587 4455 ducitur,
1616 4398 1737 4441 esse
1768 4384 1867 4441 sibi

279 4474 361 4532 lex
380 4516 395 4547 ,
427 4474 554 4547 quia
594 4474 646 4530 in
686 4490 747 4531 se
775 4474 936 4531 habet
962 4474 1219 4547 scriptam
1249 4473 1457 4547 legem,
1491 4473 1666 4532 medio
1694 4473 1867 4533 dicta-

276 4566 419 4624 mine
446 4564 709 4621 naturalis
729 4563 975 4621 rationis.
1000 4564 1071 4620 Et
1096 4564 1204 4621 hoc
1234 4564 1524 4621 confirmat
1545 4564 1599 4621 d.
1635 4564 1867 4621 Thomas

279 4671 335 4730 q.
368 4660 467 4727 91,
500 4661 606 4712 art.
639 4659 697 4725 2,
726 4670 793 4713 011
821 4654 912 4713 1110
941 4653 1131 4727 psalmi
1162 4660 1215 4713 4:
1255 4658 1401 4731 Quis
1428 4652 1680 4711 ostendit
1705 4655 1867 4714 nobis

279 4746 481 4803 bona?
508 4747 829 4819 Siqnatum
856 4750 940 4802 est
966 4761 1145 4819 super
1168 4761 1275 4801 nos
1295 4744 1495 4802 lumen
1520 4744 1719 4801 vultus
1747 4748 1857 4813 tui,

280 4840 561 4895 Domine.-
600 4837 669 4892 ibi
708 4839 849 4892 enim
891 4836 1257 4909 significatur,
1289 4851 1383 4907 per
1424 4834 1605 4891 lumen
1636 4837 1864 4892 rationis

278 4928 603 5000 participare
624 4924 895 4981 hominem
919 4924 1089 4997 legem
1113 4930 1389 4982 aeternam
1411 4922 1705 4981 dictantem
1731 4925 1865 4998 quid

278 5020 349 5075 sit
376 5015 715 5087 faciendum,
744 5013 941 5087 quidve
972 5012 1284 5071 vitandum:
1317 5013 1449 5071 illud
1486 5029 1617 5085 ergo
1657 5022 1741 5072 est
1780 5014 1866 5073 lex

277 5106 574 5179 naturalis,
603 5104 730 5179 quia
771 5104 903 5161 haec
940 5119 1045 5160 non
1072 5110 1193 5178 est,
1225 5104 1323 5160 nisi
1350 5101 1619 5178 quaedam
1646 5104 1865 5176 partici-

278 5198 431 5272 patio
452 5195 715 5253 naturalis
742 5202 1001 5253 aeternae
1028 5193 1181 5267 legis.

358 5290 411 5347 7.
442 5288 633 5346 Potest
657 5286 825 5344 etiam
848 5284 987 5343 haec
1016 5285 1281 5345 sententia
1308 5300 1373 5343 ex
1396 5284 1643 5359 patribus
1663 5284 1862 5347 contir-

1941 3480 2060 3533 tar.
2092 3476 2510 3532 Idem-sumitur
2535 3491 2602 3532 ex
2637 3476 2846 3533 Isidoro
2876 3476 2968 3533 lib.
3007 3480 3060 3533 5.
3103 3476 3361 3551 Etymol.
3395 3494 3520 3551 cap.

1941 3572 1997 3627 2.
2030 3568 2269 3639 Denique
2297 3567 2612 3623 Lactantius
2641 3565 2732 3621 lib.
2760 3568 2814 3623 6.
2845 3564 2917 3621 de
2945 3581 3075 3623 vero
3094 3565 3278 3632 culta,
3310 3582 3433 3638 cap.
3464 3572 3519 3641 8,

1942 3656 2123 3712 verbis
2162 3656 2441 3713 Ciceronis
2482 3656 2532 3711 in
2563 3654 2653 3712 lib.
2685 3653 2756 3711 de
2781 3655 2987 3729 repub.
3017 3655 3195 3729 legem
3223 3657 3532 3717 naturalem

1940 3744 2225 3819 describit,
2250 3744 2464 3801 dicens:
2491 3748 2602 3802 Est
2624 3744 2862 3817 quidem
2887 3761 3034 3803 vera
3059 3744 3158 3803 lex
3187 3753 3356 3805 recta
3372 3752 3531 3806 ratio

1938 3840 2202 3894 naturae
2228 3851 2581 3909 conqmwns,
2616 3833 2848 3908 diffusa
2871 3838 2938 3892 in
2965 3852 3181 3904 omnes,
3220 3842 3519 3907 constans,

1938 3929 2324 3999 sempiterna,
2355 3942 2507 4001 quae
2527 3931 2689 3983 vocet
2707 3924 2791 3985 ad
2810 3924 3091 3999 officium,
3122 3927 3376 3987 iubendo
3393 3974 3409 3999 ,
3433 3946 3530 3988 ve·

1938 4014 2153 4083 tando,
2189 4022 2301 4073 etc.

2020 4113 2073 4167 8.
2104 4107 2333 4164 Ratione
2361 4107 2599 4165 breviter
2626 4106 2893 4165 declarari
2919 4115 3102 4181 potest
3123 4126 3190 4167 ex
3210 4110 3390 4169 dictis.
3412 4114 3528 4170 Pri-

1936 4212 2027 4253 mo
2071 4212 2100 4253 a
2144 4196 2435 4255 sufficienti
2461 4197 2744 4271 divisione,
2776 4214 2906 4255 nam
2931 4199 3018 4257 lex
3047 4202 3310 4258 naturalis
3337 4204 3392 4258 in
3423 4203 3524 4260 ho·

1936 4288 2081 4344 mine
2118 4293 2234 4360 est,
2265 4286 2393 4359 quia
2419 4302 2525 4344 non
2565 4290 2734 4345 estin
2761 4290 2900 4361 Deo,
2934 4304 3064 4347 cum
3099 4292 3414 4362 temporalis
3456 4296 3530 4352 sit

1934 4382 1993 4433 et
2018 4382 2231 4451 creata3
2261 4392 2366 4433 uec
2393 4382 2478 4434 est
2504 4382 2658 4433 extra
2687 4376 2964 4451 homines,
2987 4382 3114 4452 quia
3137 4397 3246 4437 non
3265 4388 3352 4439 est
3381 4384 3522 4439 scri·
3560 4336 3596 4481 X

1936 4474 2028 4538 pta
2055 4467 2109 4523 in
2136 4466 2334 4524 tabulis
2349 4506 2365 4539 ,
2393 4467 2488 4524 sed
2515 4466 2567 4523 in
2591 4468 2778 4540 001110,
2806 4474 2863 4524 01
2883 4484 2989 4542 non
3013 4475 3099 4526 est
3119 4469 3174 4525 10
3196 4470 3310 4543 ipsa
3329 4480 3526 4531 natura

1934 4557 2167 4615 hominis
2209 4557 2548 4631 immediate,
2591 4564 2657 4615 ut
2694 4557 3062 4633 ostendimus,
3107 4576 3208 4617 nec
3236 4561 3398 4619 estin
3429 4580 3525 4620 vo-

1934 4648 2149 4707 luntate
2166 4690 2182 4722 ,
2211 4650 2341 4722 quia
2369 4664 2478 4704 non
2505 4647 2704 4721 pendet
2727 4664 2795 4707 ex
2823 4650 3100 4707 voluntate
3127 4650 3361 4708 bominis
3380 4693 3397 4727 ,
3421 4653 3516 4711 sed

1932 4741 2079 4799 illam
2100 4740 2262 4814 ligat,
2285 4748 2341 4798 et
2362 4738 2765 4813 quodammodo
2793 4741 2972 4815 00311,
2995 4756 3128 4815 0130
3149 4757 3376 4800 necesse
3407 4750 3514 4819 est,

1934 4838 1999 4888 ut
2037 4833 2109 4887 sit
2146 4833 2201 4888 in
2241 4833 2472 4888 ratione.
2501 4828 2786 4897 Secundo,
2816 4834 2948 4903 quia
2973 4831 3200 4889 effectus
3233 4834 3395 4907 legis,
3427 4836 3523 4909 qui

1931 4920 1982 4977 in
2005 4921 2123 4995 1030
2146 4920 2381 4977 naturali
2409 4919 2741 4977 considerari
2771 4928 3030 4993 possunt,
3055 4921 3360 4981 immediate
3387 4940 3518 4996 pro·

1932 5012 2155 5068 veniunt
2184 5026 2214 5067 a
2242 5011 2534 5067 dictamine
2561 5012 2817 5082 rationis3
2844 5026 2969 5068 nam
2993 5010 3127 5067 illud
3153 5011 3360 5085 dirigit,
3387 5014 3522 5071 obli-

1931 5108 2052 5174 gat,
2082 5107 2138 5158 et
2175 5107 2262 5157 est
2302 5100 2497 5174 regula
2536 5099 2932 5174 conscientiae,
2961 5116 3104 5173 quae
3132 5109 3399 5176 accusat,
3431 5106 3520 5161 vel

1930 5191 2197 5263 approbat
2219 5190 2395 5263 facta3
2425 5205 2559 5264 0130
2586 5191 2642 5246 10
2667 5190 2758 5247 1110
2788 5191 3040 5248 consistit
3059 5190 3374 5250 huiusmodi
3406 5194 3519 5253 lex.

1930 5282 2139 5356 Tertio,
2181 5284 2464 5357 proprium
2489 5286 2576 5341 est
2599 5280 2732 5357 legis
2758 5279 3055 5357 dominari,
3085 5290 3394 5361 01103010,
3429 5287 3526 5346 sed
