4325 6267
1731 365 1945 419 carm·
1968 367 2119 418 m.
3364 353 3446 420 '73

295 494 438 551 enim
478 491 662 567 quoad
699 492 1083 567 obligationem
1123 492 1308 551 factus
1347 492 1452 551 sub
1493 492 1583 552 illa
1619 498 1734 565 est,
1778 492 1876 551 sed
1943 510 2050 551 nos
2087 494 2297 551 munit.
2342 492 2441 553 Est
2472 494 2638 581 'etiam
2675 508 2933 568 expressa
2960 496 3225 554 sententia
3248 496 3541 570 Augustini

296 582 484 658 quoad
505 584 960 657 observationem,
985 590 1045 641 ut
1063 600 1129 642 ex
1150 584 1374 642 materia
1395 584 1640 641 subiecta
1657 590 1745 642 est
1765 599 1880 640 ma·
1945 584 2035 641 lib.
2068 583 2141 641 de
2169 587 2387 642 contin.
2419 599 2543 658 cap.
2568 590 2621 643 ³.
2648 582 2893 643 dicentis:
2909 588 3043 643 Non
3064 602 3267 644 sumus
3288 587 3395 645 sub
3415 587 3541 663 leye

297 676 578 734 nifestum.
609 675 841 733 Paulum
875 691 1006 734 vero
1043 674 1313 749 ponderat
1345 666 1704 752 Hiaionymus
1724 717 1740 750 ,
1769 691 1880 733 non

291 767 620 839 simpliciter
643 765 713 823 de
739 783 802 826 se
827 765 1054 836 dixisse:
1086 770 1307 825 Factus
1333 782 1466 823 sum
1485 764 1592 823 sub
1611 764 1752 839 leqe,
1784 767 1882 824 sed

291 858 601 916 addidisse:
643 860 761 926 Iis,
805 860 910 930 qui
947 856 1052 914 sub
1091 854 1214 930 leqe
1238 860 1400 924 sunt,
1434 857 1606 930 quasi
1631 855 1736 914 sub
1761 854 1883 930 leqe

287 965 506 1019 essem,
552 965 688 1006 cum
723 952 848 1023 ipse
871 964 992 1005 non
1016 962 1200 1005 essem
1227 946 1334 1005 sub
1359 946 1500 1020 ἔεργε,
1531 954 1638 1004 etc.
1669 946 1762 1004 nbi
1788 962 1884 1020 po-

287 1042 402 1096 tius
448 1038 764 1111 simpliciter
801 1044 996 1112 negat,
1047 1037 1216 1095 fuisse
1256 1053 1315 1095 se
1354 1038 1460 1095 sub
1497 1037 1646 1111 lege,
1693 1036 1882 1110 utique

285 1128 477 1203 quoad
515 1126 1059 1202 obligationem3dicit
1085 1134 1285 1202 tamen,
1317 1144 1376 1187 se
1405 1128 1571 1185 fuisse
1600 1127 1755 1200 quasi
1779 1124 1884 1184 sub

1948 674 2165 733 bonum
2190 674 2423 749 quidem
2441 675 2682 744 iubente,
2716 692 2836 733 non
2862 682 3066 735 tamen.
3091 675 3286 745 dante,
3312 676 3415 735 sed
3438 694 3542 737 su-

1947 781 2081 823 mus
2113 765 2220 823 sub
2257 769 2493 840 qratia,
2534 781 2685 840 quae
2708 764 2799 835 id,
2835 765 2987 842 quod
3012 766 3112 825 lea:
3134 768 3291 825 iubet
3319 768 3543 845 (utique

1948 856 2132 929 quoad
2157 858 2378 915 moralia
2396 856 2436 931 l,
2450 856 2698 931 faciens
2725 874 2831 915 nos
2856 872 3095 927 amare,
3122 863 3318 934 potest
3342 858 3545 918 liberis

1947 950 2264 1022 imperare.
2294 950 2363 1005 Et
2384 948 2474 1005 lib.
2500 947 2571 1006 de
2591 952 2747 1022 yrat.
2770 954 2828 1006 et
2852 948 3019 1006 liber.
3050 948 3259 1007 arbitr.
3292 965 3414 1023 cap.
3448 954 3537 1009 12:

1949 1042 2083 1095 Non
2108 1040 2265 1095 enim
2290 1041 2430 1096 estis
2456 1038 2563 1097 sub
2582 1036 2719 1112 leye,
2748 1036 2851 1096 sed
2870 1038 2974 1096 sub
2994 1042 3229 1112 qratia,
3261 1056 3379 1097 non
3404 1043 3547 1115 quia

1953 1124 2052 1184 lea:
2090 1126 2267 1186 mala
2303 1130 2406 1191 sit,
2451 1128 2554 1187 sed
2592 1132 2731 1203 quia
2769 1129 2872 1187 sub
2910 1128 3025 1188 illa
3049 1136 3202 1199 sunt,
3240 1147 3384 1205 quos
3410 1147 3547 1192 reos

285 1217 406 1291 ilia,
439 1220 566 1293 quia
595 1217 872 1275 interdum
898 1218 974 1276 ita
999 1217 1305 1277 observavit
1329 1218 1496 1289 illam,
1527 1232 1591 1275 ac
1621 1219 1666 1274 si
1694 1216 1781 1273 illa
1809 1223 1888 1274 te-
1934 1215 2100 1291 facit
2123 1217 2391 1287 iubendo,
2426 1235 2545 1276 non
2570 1217 2930 1287 adiuvando,
2966 1223 3173 1294 qratia
3197 1224 3409 1295 quippe
3435 1220 3548 1279 ad-

286 1318 552 1383 neretur,
582 1315 645 1367 ut
672 1308 904 1369 Iudaeos
942 1308 1314 1367 lucrifaceret.
1344 1309 1568 1367 Videtur
1605 1317 1787 1367 autem
1816 1308 1884 1365 ihi

285 1400 656 1477 Hieronymus
693 1400 744 1457 in
774 1399 879 1457 boc
909 1400 1260 1473 aequiparare
1288 1400 1454 1457 Paulo
1484 1400 1734 1473 antiquos
1761 1414 1887 1472 pro·

285 1490 519 1563 phetas,
566 1488 714 1564 quod
753 1489 830 1547 illi
869 1490 1029 1548 etiam
1069 1506 1177 1548 non
1217 1497 1401 1548 essent
1437 1490 1754 1564 simpliciter
1781 1488 1885 1547 sub

287 1580 412 1653 lege
431 1622 452 1654 ,
484 1580 579 1638 sed
619 1582 776 1655 quasi
812 1580 916 1637 snb
941 1578 1090 1653 lege3
1124 1580 1220 1639 sed
1245 1580 1517 1655 loquendo
1543 1595 1888 1654 consequen-

287 1676 378 1729 ter
395 1713 414 1740 ,
450 1672 601 1744 prior
627 1670 910 1743 responsio
939 1669 1162 1728 solidior
1187 1678 1293 1729 est.

377 1764 623 1834 Denique
653 1776 720 1819 ex
750 1761 910 1819 dictis
933 1763 1062 1819 satis
1084 1769 1326 1835 constat,
1349 1777 1702 1837 quocumque
1725 1760 1888 1820 modo

289 1868 322 1909 a
355 1853 612 1927 patribus
667 1852 866 1910 tradito
903 1852 1276 1926 intelligantur
1311 1852 1403 1911 illa
1437 1854 1633 1928 verba,
1669 1868 1766 1926 per
1799 1851 1890 1910 illa

263 1930 402 2000 'non
427 1942 675 2014 excludi,
704 1944 1002 2015 quominus
1039 1942 1166 2000 iusti
1193 1945 1321 2001 novi
1353 1943 1682 2014 testamenti,
1713 1958 1888 2016 quan-

286 2035 499 2093 tumvis
528 2034 724 2106 spiritu
745 2031 924 2090 divino
950 2040 1295 2107 moveantur,
1321 2034 1424 2091 sub
1448 2032 1565 2107 lege
1587 2033 1765 2106 aliqua
1785 2034 1892 2091 sint

291 2122 482 2199 quoad
525 2122 902 2197 obligationem
940 2124 1090 2198 eius,
1120 2132 1178 2182 et
1203 2125 1309 2182 boc
1338 2140 1643 2198 supponere
1671 2130 1890 2181 sanctos

297 2229 526 2287 omnes,
572 2214 665 2287 qui
705 2212 852 2270 dicta
895 2214 1058 2271 verba
1085 2214 1530 2287 interpretantur.
1562 2216 1675 2271 lmo
1704 2228 1769 2271 ex
1798 2229 1888 2271 eo-

296 2303 424 2362 dem
452 2304 582 2362 loco
606 2302 758 2361 Pauli
784 2302 1064 2362 evidenter
1091 2305 1398 2379 colligitur3
1431 2320 1554 2362 nam
1584 2306 1887 2363 numeratis

301 2393 567 2466 operibus
605 2395 819 2464 carnis,
849 2394 1158 2452 concludit:
1200 2398 1370 2472 Quae
1386 2393 1678 2471 praedico
1703 2395 1882 2462 vobis,

291 2486 454 2541 sicut
477 2481 792 2559 ,παράξει-ἡ·
813 2487 1094 2557 quoniam
1113 2488 1215 2559 qui
1234 2484 1390 2543 talia
1408 2490 1612 2561 ayunt,
1643 2502 1908 2560 reynum1

297 2578 414 2635 Dei
441 2592 566 2631 non
592 2580 1036 2648 consequentur.
1067 2577 1225 2634 Certe
1255 2578 1301 2633 si
1328 2576 1446 2650 lege
1475 2577 1656 2651 aliqua
1683 2592 1790 2634 non
1812 2583 1891 2633 te·

300 2672 570 2722 nerentur
611 2665 677 2723 ad
717 2664 961 2726 cavenda
1001 2665 1126 2723 talia
1165 2682 1361 2739 opera,
1405 2674 1627 2740 propter
1667 2666 1759 2723 illa
1783 2682 1892 2723 non

300 2756 622 2813 amitterent
657 2770 890 2830 regnum
930 2756 1232 2815 caelorum.
1271 2756 1342 2815 Et
1379 2757 1483 2815 alia
1507 2750 1758 2815 'eiusdem
1785 2756 1894 2815 loci

299 2846 474 2903 verba
500 2846 684 2903 statim
713 2844 1158 2919 ponderabimus.

385 2940 479 2995 1⁴.
507 2937 753 2994 Tertium
791 2937 1166 2995 testimonium
1201 2935 1607 2995 haereticorum
1642 2942 1724 2995 est
1758 2935 1893 2995 illud

294 3024 360 3084 ad
383 3028 548 3084 Rom.
575 3042 702 3100 cap.
729 3030 760 3085 6
779 3045 793 3081 :
817 3031 952 3085 Non
970 3030 1108 3085 estis
1133 3027 1241 3085 sub
1261 3026 1402 3102 leye,
1422 3026 1524 3085 sed
1541 3026 1647 3085 sub
1666 3030 1888 3101 qratia.

294 3120 446 3186 Quae
485 3118 654 3175 verba
693 3117 1004 3176 secundum
1045 3135 1104 3175 se
1144 3125 1392 3191 spectata
1427 3116 1644 3176 easdem
1670 3122 1896 3191 possent

297 3207 500 3271 habere
527 3208 1023 3283 interpretationes,
1041 3208 1136 3265 sed
1157 3210 1309 3267 iuxta
1329 3210 1552 3282 planum
1574 3215 1894 3268 contextum

299 3299 438 3355 alius
475 3303 564 3356 est
599 3314 796 3355 sensus
835 3298 1053 3357 iliorum
1080 3294 1389 3357 facillimus.
1420 3301 1557 3358 Nam
1584 3302 1698 3357 sine
1725 3298 1894 3357 dubio

298 3389 544 3463 loquitur
572 3389 776 3448 Paulus
803 3387 870 3447 de
900 3389 1016 3464 lege
1045 3392 1271 3463 scripta,
1297 3395 1352 3448 et
1370 3406 1494 3448 esse
1513 3390 1622 3447 sub
1643 3388 1767 3463 leye
1784 3405 1893 3446 non

301 3479 480 3537 solum
511 3477 588 3537 ibi
617 3480 886 3553 significat
908 3495 1030 3537 esse
1052 3481 1155 3538 sub
1175 3479 1499 3554 obligatione
1521 3480 1682 3553 legis,
1703 3495 1894 3555 quam-

299 3570 380 3626 vis
409 3569 518 3627 hoc
554 3571 712 3628 etiam
748 3568 1028 3642 includat,
1059 3586 1160 3627 seu
1185 3578 1494 3645 supponat3
1526 3571 1621 3628 sed
1648 3571 1894 3643 speciali-

301 3666 392 3717 ter
410 3662 684 3734 exprimit,
710 3674 833 3717 esse
853 3660 958 3717 sub
980 3660 1383 3733 imperfectione
1405 3659 1538 3733 legis
1559 3660 1894 3733 praecipien-

299 3752 369 3807 tis
405 3757 466 3808 et
499 3766 609 3807 non
652 3750 906 3808 iuvantis.
938 3752 1214 3809 Docuerat
1239 3751 1380 3807 enim
1408 3750 1632 3822 Paulus,
1661 3750 1893 3824 baptiza·

298 3848 388 3898 tos
423 3856 612 3898 omnes
640 3847 891 3899 mortuos
918 3855 1040 3898 esse
1068 3856 1099 3897 a
1125 3841 1366 3916 peccatis
1393 3842 1449 3898 in
1475 3841 1713 3914 Christo;
1746 3841 1893 3899 unde

303 3930 422 3987 sslos
469 3929 779 3988 admonuit:
825 3934 961 3987 Non
987 3946 1122 4005 erqo
1145 3936 1346 4003 reynet
1365 3936 1683 4004 peccatum
1706 3933 1774 3987 in
1799 3945 1891 3987 ve-

300 4026 424 4078 stro
458 4018 704 4079 ntor-tali
732 4036 989 4096 corpore,
1017 4024 1085 4077 ut
1105 4018 1390 4078 obediatis
1412 4022 1894 4097 concupiscentiis

301 4116 431 4170 eius
443 4129 468 4179 ;
495 4119 552 4170 et
580 4112 740 4170 infra:
769 4115 1090 4169 Peccatum
1114 4114 1274 4169 enim
1298 4110 1456 4169 vobis
1482 4128 1600 4169 non
1619 4108 1889 4169 donzina-

299 4202 482 4260 bitur.
527 4204 596 4261 Et
620 4219 688 4260 ne
717 4203 822 4260 hoc
851 4201 955 4259 illis
980 4202 1201 4261 difficile
1225 4201 1530 4277 videretur,
1558 4218 1658 4276 pro
1682 4205 1895 4262 ratione

299 4293 580 4367 adiungit:
625 4298 760 4351 Non
799 4296 964 4350 enim
992 4296 1127 4351 estis
1167 4293 1272 4351 sub
1313 4293 1460 4368 leye,
1497 4293 1600 4352 sed
1625 4294 1730 4352 sub
1755 4310 1896 4368 qra-

297 4387 412 4441 tia.
455 4386 536 4441 Ac
581 4384 628 4441 si
665 4382 906 4457 diceret,
935 4400 1044 4442 non
1081 4385 1224 4442 enim
1251 4386 1380 4443 estis
1420 4388 1476 4443 in
1504 4391 1671 4457 statu,
1703 4386 1756 4443 in
1783 4401 1895 4460 quo

295 4473 386 4532 lex
429 4473 791 4548 praecipiebat
825 4490 935 4533 non
972 4476 1398 4549 concupiscere,
1430 4483 1487 4534 et
1512 4492 1624 4533 non
1650 4476 1892 4551 iuvabat,

297 4563 398 4621 sed
438 4563 566 4621 estis
609 4564 712 4623 sub
739 4567 931 4638 gratia,
961 4579 1102 4637 quae
1129 4565 1360 4625 interius
1389 4564 1456 4623 ad
1483 4566 1538 4624 id
1564 4566 1894 4625 servandum

298 4660 508 4727 movet,
544 4662 602 4712 et
625 4656 862 4713 exterius
888 4656 1057 4713 iuvat.

376 4746 472 4802 Sic
499 4745 926 4821 chrysostomus
965 4746 1036 4802 ibi
1065 4744 1281 4804 homilia
1317 4750 1374 4807 11
1397 4788 1414 4820 ,
1451 4752 1507 4805 et
1529 4747 1898 4807 Theodoretus

294 4836 818 4912 ac'I'heophylactus
847 4836 1018 4893 aiunt:
1042 4839 1272 4912 Corpus
1291 4844 1560 4896 nostrum
1575 4844 1713 4897 ante
1728 4840 1900 4899 Chri*

299 4929 380 4985 sti
423 4924 742 4985 adventum
759 4922 956 4997 facile
990 4942 1034 4984 a
1055 4932 1296 5001 peccato
1322 4933 1655 5003 empuynari
1681 4933 1897 5004 potum

299 5034 486 5093 neque
509 5021 670 5075 enim
697 5020 939 5093 spiritus
967 5015 1181 5078 aderat
1207 5020 1308 5093 qui
1328 5034 1686 5086 succurrere,
1717 5036 1897 5094 neque

304 5109 642 5186 baptisma,
674 5106 828 5184 quod
866 5106 1225 5182 mortificare
1259 5114 1459 5184 posset
1472 5126 1494 5177 ,·
1527 5108 1626 5167 lea·
1656 5114 1788 5168 erat
1808 5113 1897 5167 iu·

306 5201 442 5259 bens
470 5206 738 5266 tantum,
765 5196 920 5257 nihil
947 5202 1146 5257 tamen
1171 5198 1390 5257 aua-ilii
1415 5197 1732 5273 affer-eoa&
1758 5216 1898 5275 qra-

307 5295 402 5351 tia
423 5308 555 5350 vero
579 5295 636 5349 et
655 5293 869 5366 priora
882 5293 1136 5365 peccata
1166 5292 1442 5356 remittit,
1471 5294 1529 5349 et
1565 5288 1650 5349 ad
1667 5287 1900 5361 futura

467 5399 1184 5457 Sum.DaeMW—Pm1.

1951 1310 2134 1375 iuvat,
2159 1313 2231 1366 ut
2248 1308 2389 1383 leqis
2408 1311 2649 1383 quisque
2671 1313 2747 1367 sit
2754 1307 2984 1382 factor,
3012 1313 3135 1367 sine
3162 1326 3284 1383 qua
3308 1313 3533 1382 qratia,

1952 1397 2061 1456 sub
2089 1396 2213 1472 leqe
2228 1402 2472 1474 positus,
2500 1405 2739 1457 tantum
2764 1404 2899 1457 erat
2922 1398 3065 1473 leyis
3094 1397 3359 1457 auditor.
3384 1402 3547 1459 Eam-

1957 1485 2082 1545 dem
2101 1474 2501 1560 'expositionem
2528 1494 2839 1563 sequuntur
2866 1489 3101 1547 Anselm.
3140 1488 3317 1561 Beda,
3347 1489 3537 1563 Adam,

1955 1577 2122 1635 Caiet.
2155 1585 2212 1636 et
2251 1578 2387 1637 bene
2423 1577 2592 1637 Tolet.
2621 1581 2861 1638 Pereira.
2890 1582 3026 1639 Item
3053 1588 3242 1639 noster
3268 1581 3550 1639 Salmeron

1953 1668 2008 1726 in
2035 1670 2249 1742 epistol.
2297 1669 2365 1727 ad
2403 1671 2561 1728 Rom.
2605 1672 2777 1743 capite
2808 1675 2872 1741 6,
2900 1670 3042 1744 disp.
3075 1676 3134 1731 4.
3162 1672 3273 1730 Nec
3302 1671 3552 1729 occurrit

1955 1759 2254 1818 difficultas
2292 1760 2401 1825 ilia.
2448 1762 2750 1837 uirumque
2789 1768 2905 1836 est,
2936 1760 3085 1836 quod
3112 1760 3366 1820 haeretici
3400 1761 3552 1818 abuti

1955 1850 2191 1909 audeant
2224 1850 2331 1908 hoc
2358 1850 2513 1925 loco,
2546 1866 2676 1909 cum
2702 1852 2904 1909 Paulus
2934 1854 3115 1910 statim
3144 1854 3299 1928 quasi
3327 1868 3551 1926 respon-

1954 1941 2088 1999 dens
2112 1957 2304 2000 eorum
2332 1940 2713 2016 impudentiae,
2739 1943 3055 2017 subiungat:
3091 1942 3249 2018 Quid
3266 1958 3400 2017 erqo
3412 1958 3553 2019 pec-

1956 2032 2253 2102 cabimus,
2289 2035 2574 2107 quoniam
2598 2049 2721 2090 non
2745 2048 2951 2091 sumus
2990 2032 3096 2090 sub
3125 2031 3277 2106 leqe,
3314 2030 3417 2091 sed
3443 2030 3551 2089 sub

1955 2124 2208 2199 qratia?
2227 2124 2408 2183 Absit.
2442 2124 2511 2181 Et
2538 2124 2769 2183 similem
2788 2126 3107 2182 sententiam
3135 2122 3297 2181 habet
3321 2124 3377 2180 in
3403 2124 3552 2195 prin·

1955 2214 2094 2287 cipio
2122 2214 2350 2290 capitis,
2380 2222 2436 2273 et
2476 2215 2526 2272 in
2566 2216 2667 2271 fine
2692 2213 2989 2273 concludit:
3020 2211 3394 2289 Stipendium
3411 2228 3550 2288 pec-

1956 2308 2106 2363 catis
2131 2322 2324 2375 mors,·
2356 2308 2563 2379 qratia
2590 2310 2791 2362 autem
2815 2307 2928 2363 Dei
2954 2306 3081 2362 vita
3116 2310 3378 2361 aeterna.
3410 2305 3551 2362 Con·
3574 2370 3591 2389 e

1955 2396 2233 2453 stituendo
2274 2411 2403 2470 ergo
2442 2394 2623 2453 fideles
2662 2396 2765 2453 sub
2810 2395 3023 2469 gratia,
3051 2403 3108 2454 et
3154 2411 3261 2452 non
3298 2395 3547 2470 sublege

1958 2488 2195 2560 scripta,
2230 2487 2457 2561 eiusque
2491 2486 2922 2559 imperfectione,
2966 2502 3075 2543 non
3116 2484 3254 2544 dicit
3288 2502 3408 2543 esse
3448 2485 3547 2544 im-

1958 2592 2151 2635 munes
2192 2575 2259 2633 ab
2295 2579 2440 2633 omni
2467 2577 2583 2651 lege
2604 2618 2619 2649 ,
2650 2584 2747 2634 aut
2771 2582 2997 2649 peccata
3022 2577 3101 2633 eis
3128 2592 3239 2634 non
3268 2576 3547 2651 imputari,

1960 2656 2005 2724 si
2029 2683 2095 2725 ea
2119 2667 2481 2741 committant,
2506 2665 2601 2725 sed
2620 2682 2714 2723 eos
2736 2667 2935 2724 excitat
2956 2666 3023 2725 ad
3052 2672 3282 2742 peccata
3302 2666 3541 2743 vitanda,

1959 2758 2088 2831 quia
2110 2760 2284 2831 gratia
2303 2758 2402 2815 Dei
2428 2758 2697 2830 potentior
2727 2762 2813 2814 est
2836 2756 2960 2814 illis.

2045 2850 2133 2907 15.
2150 2848 2363 2915 Quarto
2374 2846 2632 2905 obiiciunt
2646 2847 2898 2905 haeretici
2911 2848 3001 2905 illa
3014 2848 3339 2920 testimonia,
3354 2850 3409 2908 in
3423 2848 3543 2925 qui-

1960 2936 2066 2995 bus
2090 2936 2319 2995 libertas
2347 2936 2482 3012 legis
2507 2938 2715 3012 gratiae
2743 2936 3180 3012 commendatur,
3206 2946 3268 2997 ut
3285 2939 3457 2997 Galat.
3484 2944 3548 3016 2,

1962 3033 2019 3101 4,
2048 3033 2104 3085 et
2131 3034 2190 3101 5,
2218 3032 2273 3086 2.
2307 3026 2547 3086 Corinth.
2583 3032 2637 3101 3,
2669 3028 2848 3086 Iacobi
2881 3034 2933 3105 1,
2963 3037 3017 3090 et
3042 3035 3109 3105 23
3142 3047 3281 3107 quae
3307 3032 3549 3089 testimo-

1961 3119 2050 3176 nia
2090 3118 2281 3176 volunt
2306 3118 2531 3193 intelligi
2557 3117 2625 3175 de
2652 3116 2895 3177 libertate
2922 3120 2991 3177 ab
3017 3122 3162 3178 omni
3188 3121 3319 3197 legis
3346 3121 3547 3194 obliga·

1963 3208 2128 3267 tione.
2161 3210 2305 3267 Haec
2334 3224 2464 3265 vero
2492 3208 2631 3265 falsa
2656 3207 2941 3282 explicatio
2972 3210 3283 3283 specialiter
3307 3210 3549 3269 destruit

1961 3300 2245 3357 veritatem
2286 3298 2423 3373 legis
2448 3300 2685 3372 gratiae,
2716 3314 2882 3373 quam
2908 3300 3047 3359 infra
3074 3299 3165 3377 lib.
3198 3299 3267 3359 X.
3298 3300 3545 3375 speciali-

1959 3395 2044 3448 ter
2070 3388 2443 3460 defendemus,
2475 3395 2532 3448 et
2558 3387 2707 3447 hunc
2734 3404 2977 3447 errorem
2997 3390 3449 3465 expugnabimus.
3474 3392 3546 3449 Et

1959 3480 2079 3539 ideo
2115 3496 2263 3539 nunc
2302 3480 2540 3538 breviter
2579 3479 2997 3555 respondemus,
3040 3482 3095 3538 in
3129 3482 3318 3555 primis
3344 3497 3412 3539 ex
3438 3480 3543 3539 illis

1960 3571 2094 3629 locis
2133 3570 2317 3644 colligi
2354 3586 2463 3627 non
2502 3584 2695 3643 posse,
2724 3570 2777 3627 in
2803 3571 2883 3628 eis
2906 3586 3028 3629 esse
3054 3587 3362 3629 sermonem
3388 3570 3457 3629 de
3482 3571 3547 3629 li-

1962 3660 2172 3719 bertate
2210 3660 2279 3717 ab
2318 3658 2465 3717 omni
2501 3657 2648 3733 lege,
2692 3662 2821 3735 quia
2860 3661 3045 3718 hocin
3071 3662 3147 3719 eis
3175 3678 3285 3721 non
3311 3662 3541 3737 dicitur,

1961 3750 2058 3809 sed
2085 3750 2382 3824 generatim
2407 3755 2494 3806 est
2518 3764 2697 3807 sermo
2728 3748 2794 3807 de
2814 3748 3088 3827 libertate,
3112 3758 3168 3810 et
3188 3752 3401 3811 aliunde
3422 3769 3546 3812 sen-

1959 3858 2057 3899 sus
2084 3847 2170 3899 est
2195 3846 2307 3899 tam
2334 3838 2609 3897 absurdus
2635 3845 2692 3897 et
2717 3844 2830 3897 tam
2849 3843 3159 3899 contrarius
3180 3843 3324 3900 omni
3344 3843 3544 3902 rationi

1960 3937 2016 3989 et
2039 3931 2226 4005 pietati
2250 3935 2304 3987 et
2328 3930 2444 3987 aliis
2474 3929 2883 4002 scripturarum
2912 3932 3256 4006 testimoniis,
3279 3948 3421 4008 quae
3448 3933 3547 3992 do-

1961 4026 2108 4094 cent,
2133 4020 2360 4094 obligari
2385 4018 2569 4077 fideles
2596 4016 2663 4076 ad
2683 4020 2899 4078 vitanda
2926 4029 3169 4097 peccata,
3197 4028 3254 4080 et
3279 4023 3348 4081 ad
3373 4024 3547 4083 hone-

1961 4118 2042 4170 ste
2081 4100 2447 4185 operandum,
2486 4116 2549 4166 ut
2581 4109 2765 4168 statim
2792 4126 2891 4184 per
2919 4126 2977 4168 se
3005 4114 3073 4170 sit
3098 4112 3409 4173 incredibile
3436 4102 3557 4177 tale·

1961 4206 2355 4260 commentum.
2397 4198 2597 4258 Deinde
2632 4199 2909 4276 addimus,
2940 4202 3089 4278 quod
3115 4197 3547 4266 libertas'multi-

1961 4292 2084 4365 plex
2123 4307 2245 4351 esse
2288 4297 2489 4366 potest,
2520 4307 2551 4349 a
2578 4291 2837 4349 servitute
2862 4294 3095 4367 peccati,
3126 4310 3159 4352 a
3185 4297 3447 4356 servitute
3474 4302 3545 4359 ti-

1962 4383 2147 4455 moris,
2178 4398 2208 4440 a
2232 4388 2387 4440 reatu
2414 4395 2621 4454 poenae
2646 4388 2703 4439 et
2728 4383 3129 4457 cuiuscumque
3155 4385 3301 4459 mali,
3330 4394 3387 4445 et
3412 4404 3445 4447 a
3470 4390 3548 4448 le-

1961 4473 2046 4546 gis
2085 4472 2433 4546 obligatione,
2462 4476 2519 4529 et
2545 4470 2628 4527 vel
2658 4470 2710 4528 in
2737 4472 3055 4545 particulari
3080 4478 3245 4533 unius
3272 4476 3428 4552 legis,
3458 4480 3549 4538 vel

1963 4562 2287 4636 generaliter
2334 4562 2603 4633 omnium3
2654 4575 2721 4620 ex
2767 4562 2965 4634 quibus
3009 4566 3256 4624 omnibus
3284 4566 3546 4627 haeretici

1963 4652 2113 4712 hunc
2152 4658 2492 4726 postremum
2533 4666 2755 4708 sensum
2792 4652 3020 4726 eligunt.
3061 4655 3194 4713 Dico
3232 4663 3447 4733 autem,
3476 4674 3545 4717 ex

1963 4743 2167 4801 eisdem
2195 4742 2331 4801 locis
2358 4746 2541 4815 aperte
2570 4748 2846 4816 constare,
2874 4759 2983 4801 non
3010 4744 3064 4801 in
3084 4744 3190 4804 hoc
3213 4762 3379 4806 sensu
3398 4750 3545 4809 sumi

1965 4835 2267 4892 libertatem
2292 4831 2665 4914 christianam,
2695 4832 2793 4889 sed
2820 4833 2875 4890 in
2902 4833 3087 4909 aliquo
3114 4852 3177 4894 ex
3206 4837 3341 4902 aliis.

2047 4928 2134 4985 16.
2163 4924 2302 4980 Nam
2330 4916 2400 4979 ad
2420 4922 2590 4980 Galat.
2614 4927 2672 4981 2.
2695 4922 2861 4980 verba
2882 4930 3043 4981 sunt:
3066 4926 3543 4987 subintroierunt

1963 5014 2280 5091 eoeplorare
2306 5012 2635 5071 libertatem
2660 5018 2949 5084 nostram,
2976 5032 3159 5089 quam
3175 5018 3460 5077 habemus
3479 5023 3547 5077 in

1969 5107 2204 5165 Christo
2222 5107 2371 5173 Iesu,
2393 5108 2460 5162 ut
2478 5120 2584 5161 nos
2604 5107 2671 5162 in
2689 5108 3023 5163 servitutem
3040 5105 3393 5182 rediyererm
3412 5125 3549 5168 con-

1965 5204 2073 5257 stat
2097 5202 2281 5255 autem
2304 5196 2578 5254 evidenter
2594 5210 2661 5254 ex
2682 5195 2785 5270 his,
2810 5198 3027 5271 quaein
3045 5198 3239 5257 eodem
3258 5203 3435 5274 capite
3456 5216 3543 5259 se·

1963 5296 2236 5366 qnuntur,
2264 5287 2581 5347 servitutem
2603 5286 2775 5363 illam,
2804 5286 2873 5347 ad
2897 5300 3065 5364 qnam
3090 5288 3285 5355 fratres
3310 5290 3385 5365 illi
3410 5291 3540 5351 sub-

3006 5394 3066 5448 to

4220 5748 4280 5855 ,si
