4325 6267
1826 346 2035 397 CAPUT
2063 348 2211 397 vlu.

448 477 505 529 2.
536 471 695 540 Quod
725 471 771 528 si
799 470 925 544 quis
954 476 1206 543 quaerat,
1246 484 1513 543 quaenam
1553 470 1664 526 sint
1702 470 1803 528 hae
1844 486 1970 544 pro-

368 562 577 618 vinciae
605 575 754 619 nunc
789 558 1067 617 subiectae
1087 559 1333 631 imperio,
1364 550 1695 632 respondeo,
1718 561 1772 615 in
1794 557 1973 631 dupli·

372 650 425 707 ci
451 666 573 707 esse
603 664 765 722 posse
802 648 1132 706 differentia:
1176 648 1447 721 quaedam
1490 656 1652 719 sunt,
1688 651 1741 704 in
1774 648 1975 722 quibus

368 743 483 811 ipse
511 739 820 796 immediate
851 738 1196 810 dominatur,
1228 740 1301 796 ita
1334 747 1398 796 ut
1424 740 1641 797 nullum
1682 738 1847 797 alium
1892 756 1975 796 re-

374 835 714 901 cognoscant
750 830 1059 901 proximum
1098 828 1429 900 principem,
1468 828 1583 885 sive
1620 829 1723 884 sub
1759 830 1975 886 nomine

286 980 291 983 ,
374 919 543 991 regis,
573 920 689 974 sive
716 916 897 987 ducis,
934 917 1017 973 vel
1042 917 1147 973 alio
1177 918 1360 990 simili,
1392 918 1487 974 sed
1531 918 1837 976 immediate
1880 919 1977 975 soli

374 1008 693 1081 imperatori
722 1013 950 1080 pareant
977 1014 1238 1079 tanquam
1266 1023 1525 1078 supremo
1550 1008 1798 1079 principi.
1830 1010 1900 1065 Et
1919 1009 1975 1065 in

376 1096 458 1152 his
485 1096 645 1153 terris
670 1112 777 1153 non
805 1095 986 1153 solum
1008 1096 1251 1169 obligant
1272 1096 1579 1167 imperiales
1601 1098 1771 1170 leges,
1787 1114 1975 1154 verum

374 1187 534 1242 etiam
564 1186 745 1243 nullae
774 1186 909 1243 aliae
936 1185 1138 1244 habere
1177 1188 1284 1243 vim
1314 1193 1568 1257 possunt,
1613 1188 1712 1243 nisi
1754 1187 1820 1243 ab
1860 1188 1976 1259 ipso

378 1275 703 1347 imperatore
727 1276 1082 1333 confirmatae
1104 1276 1231 1347 sint3
1256 1276 1385 1348 quia
1406 1276 1475 1332 ibi
1499 1275 1650 1332 solus
1671 1277 1788 1349 ipse
1818 1276 1981 1332 habet

380 1381 653 1422 summam
682 1371 1028 1437 potestatem,
1059 1380 1201 1438 quae
1228 1365 1295 1422 ad
1325 1364 1571 1422 serendas
1602 1364 1749 1438 leges
1792 1365 1979 1422 civiles

380 1455 690 1511 necessaria
716 1460 821 1523 est,
848 1454 983 1511 utin
1011 1456 1188 1526 capite
1218 1455 1465 1528 sequenti
1489 1454 1724 1528 amplius
1744 1456 1979 1528 explica·

376 1545 574 1603 bimus.
606 1544 755 1602 Aliae
798 1552 925 1603 sunt
968 1544 1279 1617 provinciae
1320 1560 1419 1601 seu
1451 1551 1629 1602 terrae
1670 1545 2019 1617 imperatori.

380 1635 601 1708 quidem
633 1636 909 1692 subiectae
942 1640 1196 1707 tanquam
1220 1650 1478 1706 supremo
1500 1636 1751 1707 principi,
1775 1650 1882 1691 non
1904 1641 1982 1691 ta-

379 1742 505 1783 men
533 1734 793 1798 tanquam
822 1723 1129 1781 immediato
1149 1724 1391 1794 domino,
1430 1724 1743 1781 cuiusmodi
1764 1740 1883 1794 esse
1907 1725 1983 1782 di-

380 1822 591 1880 cuntur
618 1814 775 1871 multi
801 1814 1064 1885 ducatus,
1096 1813 1521 1885 marchionatus,
1550 1814 1867 1884 comitatus,
1894 1812 1975 1869 vel

382 1905 627 1979 quolibet
648 1904 751 1960 alio
776 1906 989 1959 nomine
1006 1909 1395 1975 nuncupentur
1410 1944 1425 1974 ,
1449 1904 1765 1960 Germaniae
1792 1909 1848 1961 et
1876 1904 1983 1959 lta-

382 1989 507 2051 liae.
535 1996 671 2051 Nam
699 2000 832 2050 sunt
858 1992 1079 2066 quidem
1120 1994 1323 2066 proprii
1362 1993 1565 2051 domini
1605 1999 1662 2050 et
1714 1994 1981 2066 principes

384 2100 514 2141 cum
552 2089 823 2157 potestate
863 2083 1265 2155 quodammodo
1292 2084 1463 2157 regia,
1508 2100 1633 2145 nam
1673 2083 1819 2156 leges
1858 2100 1983 2155 pro-

384 2175 533 2246 prias
558 2173 701 2229 serre
728 2178 979 2244 possunt,
1030 2178 1303 2229 monetam
1345 2172 1571 2245 cudere,
1614 2178 1669 2229 et
1706 2173 1983 2230 interdum

383 2263 545 2321 etiam
572 2262 776 2319 bellum
822 2260 1080 2332 indicere3
1124 2268 1180 2318 et
1218 2262 1564 2319 nihilominus
1602 2265 1983 2335 imperatorem

388 2358 802 2427 recognoscunt
826 2358 889 2409 ut
910 2367 1232 2424 supremum
1248 2351 1551 2422 dominum,
1569 2352 1652 2407 vel
1674 2354 1791 2408 iure
1811 2352 1981 2422 feudi,

383 2441 471 2500 vel
500 2442 603 2498 alio
632 2440 809 2513 simili,
842 2441 939 2514 qui
968 2439 1054 2497 vel
1082 2441 1149 2497 ab
1187 2441 1512 2513 imperatore
1543 2443 1645 2498 sub
1674 2440 1765 2497 illa
1794 2441 1981 2498 condi-

386 2532 536 2589 tione
565 2530 928 2603 principatum
969 2538 1307 2602 acceperunt
1326 2574 1341 2602 ,
1370 2530 1453 2587 vel
1483 2530 1877 2587 consuetudine
1903 2530 1981 2587 in·

385 2620 629 2679 troducti
658 2626 789 2677 sunt
827 2637 957 2678 cum
986 2619 1077 2677 illa
1120 2622 1487 2693 recognitione
1524 2628 1579 2678 et
1618 2621 1977 2678 subiectione.

384 2714 456 2769 Et
470 2713 523 2767 in
545 2712 631 2768 his
656 2710 951 2783 provinciis
973 2710 1381 2783 obligantetiam
1400 2709 1547 2783 leges
1564 2712 1978 2783 imperatorum,

385 2801 637 2873 quamvis
673 2815 780 2857 non
808 2798 979 2872 solae,
1009 2801 1141 2872 quia
1165 2799 1329 2857 etiam
1358 2806 1588 2872 possunt
1612 2800 1815 2856 habere
1853 2816 1983 2872 pro-

384 2894 533 2965 prias
555 2891 707 2965 leges
730 2906 761 2947 a
782 2889 898 2948 suis
914 2891 1148 2962 propriis
1164 2890 1506 2963 principibus
1528 2890 1685 2958 latas,
1700 2892 1831 2963 quia
1852 2906 1982 2962 sup-

386 2980 639 3053 ponimus
670 2979 869 3037 habere
898 2985 1221 3051 potestatem
1250 2979 1665 3053 gubernativam
1696 2995 1797 3036 suo
1820 2978 1980 3035 modo

387 3084 701 3142 supremam
729 3068 913 3141 quoad
950 3068 1317 3126 immediatum
1348 3070 1588 3140 regimen
1617 3083 1842 3124 suarum
1872 3074 1983 3124 ter-

387 3174 601 3225 rarum,
635 3166 692 3215 et
718 3158 791 3214 ita
812 3156 994 3229 quoad
1016 3156 1119 3214 boc
1144 3158 1571 3229 aequiparantur
1590 3156 1809 3229 regibus
1830 3158 1981 3212 iuxta

388 3247 618 3306 dicenda
668 3247 717 3303 in
768 3249 943 3319 capite
980 3247 1248 3319 sequenti.
1291 3251 1372 3303 An
1414 3262 1543 3304 vero
1585 3247 1671 3302 isti
1700 3235 1981 3318 'principes

390 3338 625 3394 subiecti
654 3337 903 3408 imperio,
936 3338 1149 3407 possint
1176 3338 1292 3392 suis
1335 3336 1540 3408 legibus
1581 3335 1843 3409 derogare
1881 3335 1980 3391 im-

390 3426 671 3497 peratoriis
700 3425 937 3498 legibus,
968 3440 1036 3481 ex
1068 3423 1234 3481 modo
1264 3424 1587 3496 donationis,
1619 3425 1701 3481 vel
1744 3441 1809 3482 ex
1850 3441 1983 3482 con-

392 3512 681 3572 suetudine
705 3512 1071 3586 colligendum
1103 3522 1207 3571 est.
1237 3517 1485 3587 Utroque
1524 3514 1667 3569 enim
1696 3512 1857 3570 modo
1885 3530 1981 3585 po·

394 3610 617 3661 luerunt
648 3602 959 3660 huiusmodi
988 3604 1327 3675 principatus
1356 3601 1583 3660 concedi
1604 3604 1673 3659 ab
1693 3604 1983 3675 imperato-

392 3693 562 3762 ribus,
596 3692 679 3749 vel
716 3691 1139 3764 consuetudine,
1170 3702 1225 3750 et
1254 3694 1410 3765 quasi
1441 3694 1873 3765 praescriptione
1900 3691 1980 3747 in·

392 3782 635 3844 troduci,
666 3781 873 3839 scilicet
900 3782 982 3838 vel
1011 3797 1142 3838 cum
1171 3781 1497 3855 obligatione
1524 3782 1744 3855 parendi
1774 3780 1983 3855 legibus

395 3872 886 3944 imperatorum,ita
905 3878 969 3929 ut
989 3872 1234 3943 proprias
1256 3871 1493 3929 condere
1517 3873 1730 3945 possint
1751 3888 1849 3943 per
1872 3887 1983 3927 mo·

392 3960 524 4018 dum
565 3960 870 4033 additionis,
913 3977 1022 4016 non
1064 3976 1159 4033 per
1199 3960 1423 4017 modum
1465 3952 1853 4034 derogationis,
1900 3960 1983 4016 vel

393 4058 546 4109 certe
573 4068 701 4109 cum
728 4058 1003 4125 potestate
1030 4050 1325 4124 derogandi
1355 4050 1483 4124 illis,
1527 4050 1811 4123 solumque
1852 4066 1983 4107 cum

392 4141 719 4215 obligatione
749 4142 867 4199 illas
898 4140 1170 4211 servandi,
1202 4141 1469 4214 quamdiu
1490 4155 1587 4212 per
1616 4142 1863 4212 proprias
1890 4139 1985 4196 de·

394 4238 617 4303 rogatae
640 4246 745 4287 non
770 4230 997 4287 suerint.
1020 4230 1201 4299 Qualis
1224 4236 1405 4287 autem
1430 4231 1592 4287 l'uerit
1610 4230 1984 4287 concessionis

393 4320 591 4379 modus
616 4363 631 4392 ,
662 4337 772 4377 usu
798 4321 917 4392 ipso
946 4320 1174 4377 maxime
1202 4327 1453 4376 constare
1483 4335 1642 4392 posse
1672 4320 1905 4376 videtur.

472 4417 526 4469 3.
558 4415 733 4483 Atque
758 4411 883 4468 binc
906 4410 1077 4467 obiter
1098 4410 1440 4482 intelligitur,
1466 4411 1516 4465 in
1540 4410 1739 4483 quibus
1765 4409 1983 4480 provin-

393 4504 515 4571 ciis,
545 4518 644 4558 seu
674 4502 833 4558 terris
859 4500 1139 4558 Ecclesiae
1176 4501 1412 4573 obligent
1438 4501 1581 4573 leges
1609 4499 1815 4571 civiles,
1846 4514 1987 4572 quae

393 4592 535 4647 iuris
564 4591 870 4647 communis
899 4588 1185 4659 dicuntur,
1216 4596 1271 4645 et
1298 4591 1353 4645 in
1382 4605 1616 4661 corpore
1643 4588 1772 4644 iuris
1812 4587 1988 4644 civilis

392 4683 744 4739 continentur
762 4720 777 4750 ,
834 4679 1117 4753 solamque
1156 4680 1559 4752 imperatoriam
1606 4678 1987 4735 auctoritatem

392 4770 613 4828 habent.
646 4767 943 4827 Dicendum
971 4776 1057 4825 est
1075 4770 1239 4831 enim,
1262 4783 1361 4839 per
1383 4784 1439 4823 se
1458 4774 1598 4824 etex
1627 4768 1675 4822 vi
1701 4766 1889 4823 talium
1913 4767 1990 4822 le-

394 4875 529 4933 gum
559 4864 769 4916 tantum
796 4858 1036 4931 obligare
1060 4857 1110 4913 in
1135 4857 1295 4915 terris
1318 4856 1545 4928 imperii,
1570 4856 1743 4913 altero
1765 4872 1829 4913 ex
1851 4854 1988 4911 duo-

395 4949 500 5005 bus
524 4947 693 5003 modis
714 4944 1024 5004 declaratis.
1042 4948 1101 5003 ln
1124 4948 1308 5019 regnis
1330 4951 1513 5003 autem
1531 4945 1829 5017 supremiS,
1846 4959 1987 5017 quae

392 5037 646 5109 proprios
673 5036 885 5103 „babent
928 5036 1201 5107 principes
1240 5050 1529 5106 supremos
1570 5050 1679 5091 non
1718 5049 1985 5106 recogno-

396 5132 615 5183 scentes
657 5126 991 5198 superiorem
1020 5125 1071 5180 in
1103 5124 1513 5196 temporalibus,
1545 5138 1641 5195 per
1672 5138 1729 5179 se
1758 5130 1815 5181 et
1842 5138 1909 5180 ex
1939 5129 1990 5184 vi

396 5230 497 5271 sua
524 5232 632 5273 non
662 5215 923 5289 obligant,
956 5222 1178 5287 propter
1207 5214 1473 5271 rationem
1500 5212 1722 5285 factam,
1748 5214 1873 5286 quia
1904 5213 1987 5270 iu-

3420 325 3542 389 183

2041 469 2287 528 risdictio
2319 470 2708 542 imperatorum
2734 468 2807 525 ibi
2835 482 2944 524 non
2973 466 3196 541 obligat,
3239 472 3299 525 et
3335 472 3490 525 extra
3521 473 3630 526 ter-

2044 561 2298 617 ritorium
2327 560 2410 615 ius
2434 558 2633 616 dicenti
2662 560 2882 631 impune
2921 574 3025 613 non
3070 562 3315 629 paretur.
3359 556 3431 613 Et
3468 558 3543 613 ita
3581 557 3634 613 in

2044 649 2232 721 paucis
2263 648 2550 720 provinciis
2580 646 3010 703 christianorum
3038 653 3290 704 servatur
3331 647 3414 702 ius
3451 646 3628 719 civile,

2048 745 2111 795 ut
2141 739 2245 794 late
2285 738 2448 794 refert
2472 739 2632 809 Gigas
2665 743 2831 794 tract.
2860 735 2931 793 de
2959 740 3128 793 crim.
3163 734 3362 793 laesae
3396 739 3631 795 nzaiest.

2044 829 2082 885 l.
2119 832 2174 897 3,
2206 844 2264 900 q.
2297 832 2392 899 23,
2423 844 2476 881 n.
2521 830 2606 885 17.
2630 834 2822 898 etseq.
2848 829 3112 883 poterunt
3129 832 3312 882 autem
3334 826 3468 882 tales
3492 826 3636 898 leges

2044 915 2302 988 obligare,
2333 921 2600 989 quantum
2629 929 2724 986 per
2750 914 2898 987 leges
2927 913 3116 971 talium
3144 930 3440 988 regnorum
3463 930 3634 971 acce-

2045 1011 2222 1078 ptatae
2251 1004 2469 1062 fuerint.
2502 1006 2593 1061 Sic
2621 1004 2840 1061 enimin
2883 1004 3041 1061 terris
3083 1005 3343 1062 subiectis
3387 1005 3628 1062 Pontifici

2048 1101 2100 1157 in
2128 1094 2515 1168 temporalibus
2543 1094 2628 1151 ius
2655 1092 2812 1150 civile
2854 1102 3128 1164 servatur,
3173 1094 3262 1150 ubi
3304 1094 3636 1152 canonicum

2048 1184 2308 1254 desuerit,
2323 1199 2431 1240 non
2453 1186 2504 1239 vi
2526 1199 2646 1255 sua,
2664 1182 2758 1239 sed
2781 1184 2908 1256 quia
2923 1184 3202 1241 Pontifices
3226 1184 3299 1239 ita
3323 1184 3634 1255 voluerunt,

2048 1287 2170 1346 cap.
2211 1277 2259 1331 1.
2291 1271 2362 1329 de
2388 1274 2525 1329 novi
2551 1288 2710 1347 oper.
2740 1288 2920 1329 nunc.
2945 1272 3047 1340 Qui
3072 1278 3254 1329 textus
3275 1289 3385 1329 non
3407 1272 3474 1330 de
3505 1290 3640 1331 cau-

2050 1364 2125 1418 sis
2158 1361 2578 1433 temporalibus,
2623 1360 2718 1417 sed
2759 1361 2828 1417 de
2865 1361 3251 1419 ecclesiasticis
3278 1361 3556 1435 loquitur,
3585 1370 3641 1420 et

2050 1450 2236 1525 quoad
2265 1430 2604 1508 hoc⁰servari
2631 1450 2793 1507 debet
2819 1453 2873 1508 in
2901 1457 3014 1508 tota
3037 1450 3304 1524 Ecclesia,
3330 1454 3460 1525 quia
3480 1454 3531 1508 in
3555 1452 3638 1509 bis

2052 1542 2240 1598 causis
2271 1541 2468 1613 ubique
2498 1541 2746 1597 subiecta
2763 1549 2848 1598 est
2869 1543 2973 1597 iuri
2997 1544 3283 1614 canonico,
3307 1548 3362 1599 et
3382 1544 3458 1599 ita
3479 1545 3636 1601 etiam

2052 1631 2133 1686 uti
2166 1628 2328 1687 debet
2353 1630 2516 1698 civili,
2551 1636 2822 1703 quatenus
2851 1631 2919 1687 ibi
2944 1637 3029 1688 est
3053 1633 3455 1705 canonizatum3
3487 1640 3540 1689 et
3561 1634 3636 1690 ia-

2050 1726 2143 1775 vet
2171 1735 2294 1791 cap.
2324 1721 2394 1778 Si
2419 1718 2809 1781 adiutorium,
2841 1718 2965 1776 dist.
3006 1724 3089 1777 10.
3134 1722 3194 1777 lu
3235 1723 3418 1777 causis
3459 1729 3641 1779 autem

2054 1824 2202 1864 mere
2231 1806 2618 1879 temporalibus
2647 1809 2825 1864 solum
2856 1808 3069 1866 babebit
3096 1808 3282 1866 locum
3309 1812 3395 1867 ius
3424 1810 3556 1869 illud
3586 1814 3640 1868 in

2055 1898 2214 1955 terris
2244 1897 2616 1969 temporaliter
2643 1898 2904 1955 subiectis
2934 1897 3232 1956 Ecclesiae.
3266 1902 3357 1956 Sic
3384 1901 3544 1957 etiam
3585 1901 3640 1957 in

2053 1987 2157 2046 hoc
2191 2005 2356 2062 regno
2385 1988 2711 2052 Lusitaniae,
2736 1987 2885 2062 quod
2907 1987 3111 2045 eisdem
3135 1989 3301 2047 titulis
3323 2006 3639 2063 supremum

2050 2086 2158 2149 est,
2189 2078 2392 2151 quibus
2420 2093 2650 2150 regnum
2678 2078 2962 2150 Hispaniae
2991 2076 3074 2134 ius
3103 2078 3258 2134 civile
3297 2095 3392 2151 per
3433 2094 3492 2135 se
3531 2096 3638 2135 non

2052 2169 2275 2242 obligat,
2304 2170 2462 2241 eique
2488 2184 2586 2241 per
2607 2167 2756 2241 leges
2779 2168 2927 2240 regni
2948 2168 3198 2240 derogari
3223 2175 3419 2243 potest,
3435 2184 3497 2225 ac
3519 2185 3640 2226 sae-

2051 2274 2117 2330 pe
2143 2257 2462 2330 derogatur,
2492 2256 2582 2313 ubi
2609 2264 2792 2314 autem
2809 2256 2962 2313 deest
2980 2255 3065 2313 lex
3087 2258 3259 2331 regni,
3285 2264 3535 2315 servatur
3557 2261 3641 2315 ci-

2054 2350 2178 2416 vile,
2211 2364 2318 2405 non
2347 2349 2398 2404 vi
2425 2364 2547 2419 sua,
2580 2346 2678 2404 sed
2703 2363 2770 2403 ex
2799 2345 3130 2403 ordinatione
3154 2349 3372 2420 propria
3393 2348 3637 2406 eiusdem

2050 2432 2320 2514 regni,‘ut
2347 2438 2577 2496 habetur
2605 2436 2694 2493 lib.
2730 2442 2784 2495 3.
2816 2436 3008 2495 Ordin.
3039 2439 3122 2495 tit.
3155 2442 3248 2496 64.

2126 2534 2182 2587 4.
2221 2533 2446 2586 Atvero
2474 2529 2522 2585 in
2555 2544 2720 2601 regno
2762 2527 2962 2583 Galliae
3004 2527 3156 2585 aliter
3197 2534 3468 2599 servatur,
3511 2528 3639 2601 quia

2050 2635 2158 2676 nou
2187 2618 2362 2676 solum
2390 2618 2475 2675 ius
2505 2617 2784 2689 proprium
2814 2616 3118 2689 praefertur
3146 2617 3325 2689 civili,
3357 2616 3452 2673 sed
3479 2618 3636 2675 abso-

2048 2707 2162 2765 lute
2191 2707 2336 2781 leges
2361 2706 2546 2765 civiles
2575 2723 2682 2763 non
2711 2713 2841 2764 sunt
2867 2706 2917 2761 in
2947 2724 3074 2774 usu,
3110 2713 3170 2764 ut
3197 2712 3431 2765 testatur
3451 2710 3638 2766 Hono·-

2053 2799 2168 2854 rius
2196 2798 2287 2853 111.
2318 2799 2370 2852 in
2401 2812 2523 2868 cap.
2559 2797 2751 2869 Super
2788 2794 3059 2869 specula,
3104 2796 3172 2853 de
3209 2796 3386 2870 privil.
3423 2796 3633 2853 dicens:

2050 2890 2123 2944 In
2152 2890 2412 2944 Francia
2439 2890 2494 2942 et
2524 2884 2827 2942 nonnullis
2849 2889 3168 2961 provinciis
3189 2886 3334 2945 laici
3353 2902 3634 2944 romano-

2048 2992 2185 3033 ram
2209 2979 2639 3050 imperatorum
2666 2974 2884 3051 leyibus
2910 2993 3030 3033 non
3055 2982 3330 3043 utuntur,
3377 2984 3430 3034 et
3475 2977 3640 3035 tradit

2052 3064 2204 3123 Bald.
2237 3081 2360 3137 cap.
2395 3065 2494 3121 ult.
2527 3064 2598 3120 de
2632 3066 2880 3122 Constit.
2913 3067 3062 3121 circa
3090 3066 3268 3122 tinem.
3299 3066 3556 3139 Idemque
3584 3067 3636 3123 in

2048 3154 2300 3226 Hispania
2327 3169 2582 3226 expresse
2614 3160 2838 3209 cautum
2867 3162 2953 3209 est
2979 3154 3188 3227 legibus
3219 3157 3388 3229 regni,
3416 3162 3554 3228 part.
3585 3167 3632 3227 l,

2049 3244 2135 3300 tit.
2182 3247 2231 3313 1,
2262 3242 2300 3298 l.
2340 3246 2427 3311 15,
2455 3248 2510 3297 et
2531 3242 2732 3297 clarius
2763 3248 2901 3312 part.
2935 3248 2991 3314 3,
3024 3243 3104 3298 tit.
3139 3248 3194 3312 4,
3226 3242 3262 3300 l.
3298 3247 3352 3316 6,
3383 3243 3482 3300 ibi:
3520 3248 3638 3301 Por

2048 3330 2141 3389 las
2163 3330 2318 3405 leyes
2339 3329 2496 3387 desta
2522 3329 2690 3395 libro,
2726 3331 2754 3386 ἑ
2777 3347 2894 3386 non
2909 3346 3024 3404 por
3048 3336 3230 3398 otras,
3265 3332 3464 3404 quibus
3498 3332 3634 3389 locis

2047 3420 2099 3478 id
2127 3427 2280 3477 notat
2298 3423 2524 3493 Gregor.
2553 3422 2686 3491 Lop.
2711 3427 2766 3477 et
2792 3419 2958 3476 refert
2986 3420 3257 3477 Palacium
3286 3422 3428 3479 Rub.
3449 3420 3638 3479 dicen-

2042 3514 2156 3567 'tem
2174 3552 2189 3582 ,
2218 3512 2484 3581 Hispanos
2512 3508 2643 3566 olim
2669 3509 3045 3577 constituisse,
3083 3510 3141 3566 ut
3167 3511 3261 3583 qui
3290 3509 3434 3583 leges
3466 3509 3636 3583 impe-

2051 3607 2294 3658 ratorum
2341 3599 2622 3673 allegaret,
2664 3599 2836 3671 capite
2877 3599 3229 3671 plecteretur.
3274 3599 3428 3667 Quod
3467 3600 3631 3657 etiam

2048 3692 2230 3750 Oldra.
2257 3690 2447 3748 consil.
2474 3695 2567 3760 69,
2591 3692 2772 3747 loano.
2803 3689 2970 3746 Andr.
2995 3697 3048 3747 et
3068 3690 3154 3745 alii
3179 3690 3451 3760 referunt,
3476 3689 3636 3762 Gigas

2050 3798 2240 3855 supra,
2271 3788 2326 3837 et
2355 3781 2577 3853 vargas,
2619 3790 2676 3835 et
2714 3778 2926 3836 Salced.
2967 3778 3101 3834 inl'ra
3137 3780 3360 3836 citandi.
3403 3782 3536 3836 ltem
3576 3782 3632 3835 in

2050 3872 2139 3929 lib.
2163 3876 2181 3929 1
2199 3913 2210 3925 .
2238 3873 2422 3928 Tauri
2441 3869 2675 3926 refertur
2692 3871 2912 3942 antiqua
2937 3870 3024 3925 lex
3041 3871 3182 3943 regis
3195 3870 3474 3942 Alphonsi,
3489 3886 3630 3943 quae

2049 3962 2119 4018 ibi
2147 3962 2522 4028 confirmatur,
2544 3965 2600 4015 et
2626 3965 2943 4029 renovatur,
2969 3959 3020 4014 in
3043 3974 3152 4032 qua
3173 3958 3505 4029 declaratur,
3521 3976 3634 4033 quo

2051 4049 2238 4107 ordine
2265 4054 2320 4105 et
2341 4047 2499 4105 modo
2517 4047 2872 4105 iudicandum
2896 4049 2966 4102 sit
2986 4064 3082 4119 per
3104 4049 3350 4120 proprias
3373 4047 3520 4121 leges
3543 4050 3636 4105 Hi-

2051 4140 2292 4211 spaniae,
2323 4136 2581 4210 nullaque
2611 4138 2750 4194 ratio
2779 4136 3010 4193 babetur
3035 4138 3172 4193 iuris
3193 4135 3363 4193 civilis
3385 4139 3439 4193 in
3464 4138 3629 4194 ratio-

2052 4244 2120 4284 ne
2147 4227 2284 4300 legis
2312 4243 2378 4283 ac
2409 4227 2563 4282 iuris.
2595 4225 2824 4283 Additur
2852 4242 2978 4282 vero
3009 4225 3225 4296 ibidem,
3271 4228 3505 4297 permitti
3551 4229 3630 4283 ni-

2053 4318 2344 4374 bilominus
2373 4318 2426 4373 in
2457 4316 2729 4389 Hispania,
2762 4316 2904 4388 leges
2933 4316 3121 4373 civiles
3149 4316 3198 4371 iu
3229 4316 3462 4389 publicis
3493 4320 3633 4375 Aca-

2054 4407 2244 4463 demiis
2273 4405 2481 4477 doceri,
2513 4412 2569 4463 et
2594 4405 2937 4477 interpretari
2978 4412 3198 4477 propter
3222 4420 3410 4462 earum
3449 4406 3634 4463 erudi-

2055 4496 2249 4553 tionem
2277 4502 2334 4552 et
2358 4495 2691 4567 sapientiam,
2723 4510 2830 4551 non
2859 4494 2988 4567 quia
3019 4509 3114 4565 per
3140 4494 3262 4551 illas
3281 4493 3640 4552 iudicandum

2054 4585 2141 4641 sit.
2177 4586 2244 4641 Et
2269 4587 2322 4639 in
2352 4583 2388 4641 l.
2421 4589 2476 4641 2.
2513 4586 2698 4641 Tauri
2725 4582 3001 4640 adduntur
3029 4583 3118 4639 illa
3147 4583 3335 4655 verba,
3368 4600 3464 4655 per
3485 4585 3633 4657 leges

2054 4674 2226 4745 regni,
2255 4681 2311 4730 et
2338 4689 2440 4729 non
2484 4688 2579 4745 per
2619 4672 2749 4727 alias
2788 4671 3138 4751 iudicandum
3177 4687 3322 4742 esse,
3363 4680 3420 4729 et
3459 4676 3664 4729 omnia·

2055 4765 2187 4821 haec
2216 4762 2507 4820 novissime
2533 4762 2926 4818 confirmantur
2954 4762 3006 4817 in
3037 4777 3177 4818 nova
3197 4762 3636 4833 recompilatione
3683 4755 3686 4758 ’

2056 4854 2143 4910 lib.
2179 4859 2222 4911 1.
2253 4858 2374 4908 ante
2402 4850 2598 4908 librum
2628 4854 2676 4921 1,
2699 4854 2755 4905 et
2771 4850 2865 4905 lib.
2891 4854 2948 4921 2,
2980 4848 3070 4906 lib.
3105 4853 3152 4907 1.
3179 4856 3235 4906 et
3264 4855 3320 4907 2.
3347 4851 3422 4907 Ex
3441 4850 3641 4923 quibus

2056 4942 2263 5015 legibus
2287 4940 2632 4997 manifestum
2659 4945 2764 5009 est,
2797 4938 2943 5011 leges
2973 4938 3155 4995 civiles
3183 4940 3232 4994 in
3255 4940 3506 5011 Hispania
3535 4952 3643 4994 non

2056 5033 2256 5088 babere
2286 5031 2392 5086 vim
2419 5030 2622 5102 legum,
2655 5034 2924 5101 quatenus
2955 5027 3101 5101 leges
3121 5028 3378 5101 positivae
3407 5035 3554 5084 sunt.
3574 5030 3640 5085 Et

2058 5123 2131 5179 ita
2150 5121 2196 5177 si
2217 5121 2432 5178 irritant
2452 5124 2820 5191 contractum,
2839 5118 2931 5191 qui
2955 5134 3052 5190 per
3075 5118 3219 5191 leges
3235 5117 3518 5190 Hispaniae
3533 5133 3642 5174 non

2057 5219 2144 5285 est
2169 5211 2386 5283 irritus,
2418 5208 2537 5265 talis
2564 5214 2886 5266 contractus
2915 5210 2964 5265 in
2997 5210 3256 5279 Hispania
3283 5225 3390 5265 non
3429 5208 3531 5265 erit
3572 5209 3644 5264 ir-
