4325 6267
824 321 951 388 258

738 466 880 524 Nihil
907 482 1038 542 ergo
1059 466 1260 540 obstat,
1285 465 1416 541 quin
1438 466 1639 525 modus
1661 465 1746 525 hic
1767 465 2329 543 praecipiendi,etiam

737 559 796 613 in
825 557 1050 613 materia
1077 557 1231 629 gravi
1259 559 1431 630 possit
1456 573 1578 616 esse
1609 557 1818 625 validus
1839 566 1897 616 et
1922 558 2332 633 prudens.Con-

736 648 1007 721 firmatur,
1024 647 1151 720 quia
1171 648 1360 706 eadem
1385 652 1617 708 materia
1627 651 1810 724 gravis
1831 651 2129 723 prudenter
2151 660 2336 725 potest

739 753 862 794 esse
891 737 1181 811 aliquando
1213 738 1317 796 sub
1345 740 1598 813 consilio,
1630 742 1716 798 vel
1742 742 1977 814 simplici
2000 744 2334 802 ordinatione

735 826 808 882 ad
836 827 965 883 nihil
994 827 1318 901 obligantis,
1359 829 1650 904 aliquando
1679 831 1782 889 sub
1820 831 1936 906 lege
1967 839 2180 892 tantum
2207 849 2335 906 poe-

737 916 876 988 nali,
907 916 1202 990 aliquando
1231 919 1335 977 sub
1363 922 1516 993 gravi
1543 929 1833 994 praecepto
1863 923 2138 996 obligante
2162 941 2335 998 quan-

736 1012 853 1063 tum
882 1014 1067 1079 potest
1093 1009 1198 1066 sub
1225 1010 1463 1084 mortali,
1495 1027 1598 1068 cur
1623 1028 1756 1086 ergo
1779 1029 1900 1072 esse
1921 1015 2082 1071 etiam
2105 1031 2216 1072 non
2238 1032 2336 1088 po-

729 1097 866 1152 terit
893 1097 998 1154 sub
1027 1097 1126 1156 levi
1153 1099 1476 1174 obligatione
1497 1145 1511 1172 ,
1543 1117 1684 1176 quae
1715 1104 2020 1161 timoratam
2049 1104 2335 1163 conscien—

735 1187 866 1243 tiam
895 1195 1128 1262 pungat,
1157 1197 1212 1246 et
1239 1191 1290 1246 in
1318 1189 1614 1248 discrimen
1640 1193 1818 1265 gravis
1853 1193 2042 1266 lapsus
2084 1211 2196 1252 non
2239 1196 2333 1252 ad·

735 1274 942 1336 ducat?
965 1279 1152 1352 Neque
1184 1287 1376 1338 contra
1405 1281 1510 1338 hoc
1542 1282 1695 1340 video
1723 1287 1992 1342 rationem
2018 1293 2329 1360 urgentem.

737 1365 887 1423 Solet
915 1374 1096 1424 autem
1123 1369 1240 1426 fleri
1268 1380 1651 1443 argumentum
1679 1382 1736 1431 et
1756 1379 2096 1448 comparatio
2120 1385 2337 1451 sumpta

735 1471 802 1512 ex
829 1455 1154 1530 obligatione
1182 1461 1293 1518 voti
1321 1469 1378 1518 et
1403 1461 1704 1520 iuramenti.
1751 1464 1858 1522 Sed
1886 1465 1954 1524 de
1987 1465 2071 1525 his
2099 1468 2156 1524 in
2184 1468 2334 1527 libris

735 1539 808 1602 de
834 1545 1143 1624 Reliqi'one,
1180 1556 1345 1609 tract.
1379 1551 1467 1611 Vl.
1500 1552 1836 1613 dictumest.

1224 1744 1502 1817 CAPUT
1532 1747 1832 1818 XXVIII.

746 1959 957 2017 Utrum
984 1955 1084 2014 lex
1107 1957 1392 2024 humana,
1409 1963 1464 2014 et
1490 1957 1678 2017 civilis
1704 1958 1914 2035 obliqet
1934 1959 2038 2018 sub
2062 1959 2325 2030 mortali,

791 2053 946 2106 utem
967 2053 1301 2126 contemptu.
1317 2066 1434 2108 non
1447 2048 1695 2108 violetur
1706 2054 1893 2110 etiam
1911 2055 1975 2109 in
1993 2055 2283 2110 minimis.

1303 2231 1783 2296 summarium

735 2419 784 2470 1.
813 2419 1078 2486 Sententia
1113 2423 1440 2488 affirmativa,
1478 2436 1608 2487 quac
1643 2429 1722 2472 est
1759 2422 2206 2474 communis—2.
2238 2423 2335 2474 Ra-

807 2493 971 2542 tiones
995 2492 1264 2543 dubitandi
1289 2495 1424 2543 circa
1451 2493 1765 2558 praedictam
1790 2507 2104 2544 communem
2129 2499 2335 2544 senten-

724 2567 732 2575 '
805 2563 1077 2614 tiam—3.
1092 2564 1220 2626 Quid
1242 2565 1309 2614 sit
1322 2563 1610 2629 transgredi
1621 2577 1682 2614 ex
1692 2565 2135 2627 contempta—4.
2151 2565 2336 2616 Trans-

803 2633 952 2694 gredi
975 2646 1038 2682 ex
1056 2642 1352 2697 contemptu
1373 2649 1472 2686 non
1500 2641 1581 2684 cst
1599 2645 1812 2698 peccare
1836 2647 1898 2684 ex
1923 2641 2068 2684 certa
2093 2635 2333 2696 scientia,

807 2709 861 2753 et
890 2704 1002 2754 sine
1037 2706 1268 2768 passione
1293 2704 1371 2754 vel
1397 2705 1713 2756 eausa—5.
1743 2703 2050 2770 Transgredi
2076 2705 2243 2768 legem
2274 2718 2337 2754 ex

806 2775 1174 2826 consuetudine
1210 2787 1308 2826 non
1338 2782 1417 2826 est
1435 2781 1761 2826 contemnere
1786 2775 2078 2826 illam—6.
2105 2775 2337 2827 obiectio

806 2845 1022 2908 eiusque
1049 2847 1326 2909 responsio.
1342 2873 1412 2882 —
1433 2846 1483 2895 7.
1511 2845 1775 2896 Resolutio
1799 2847 2044 2896 auctoris.
2059 2847 2193 2895 —8.
2218 2846 2337 2907 Qui-

804 2927 922 2964 nam
938 2917 1006 2966 sit
1024 2923 1170 2967 actus
1189 2917 1425 2979 interior,
1439 2917 1529 2981 qui
1547 2916 1742 2966 dieitur
1755 2917 2223 2981 contemptus—9.
2240 2917 2338 2967 Du-

720 3021 726 3028 .
803 2987 920 3050 plex
943 2993 1024 3036 est
1047 2992 1396 3050 contemptus:
1429 2987 1737 3047 materialis,
1763 2986 1966 3050 quando
1989 3001 2092 3038 non
2115 2987 2339 3038 intendi-

805 3062 896 3106 tur
919 3055 1116 3107 directe
1141 3063 1446 3120 postponere
1469 3058 1621 3107 alteri
1654 3057 1876 3120 aliquam
1911 3071 2207 3121 personam3
2236 3056 2338 3108 for-

804 3126 981 3188 maliS,
1013 3127 1214 3190 quando
1240 3127 1542 3178 intenditur.
1565 3127 1819 3178 —Omnia
1857 3135 2066 3191 peccata
2103 3127 2339 3178 mortalia

804 3201 928 3248 sunt
947 3198 1225 3247 materialis
1250 3202 1572 3261 contemptus
1591 3197 1678 3248 Dei
1705 3211 1803 3249 non
1825 3197 2231 3249 formalis.——10.
2260 3197 2339 3248 ln-

805 3267 973 3318 tentio
989 3267 1076 3317 dat
1094 3269 1418 3334 praecipuam
1431 3267 1788 3319 formalitatem
1799 3269 1998 3320 actibus
2012 3269 2337 3320 humanis.—

808 3337 869 3387 11
883 3375 895 3386 .
909 3339 1238 3403 Contemptus
1259 3338 1485 3390 formalis
1502 3344 1582 3389 est
1601 3337 1814 3402 duplex:
1842 3340 2166 3403 simpliciter,
2188 3344 2240 3388 et
2260 3352 2341 3390 se-

806 3407 1029 3457 cundum
1063 3408 1214 3472 quid:
1244 3410 1438 3473 primus
1473 3410 1614 3458 iuxta
1649 3409 1944 3459 Caletanum
1968 3417 2047 3459 est
2073 3416 2341 3476 peccatum

805 3479 1052 3533 mortale,
1073 3479 1328 3530 secundus
1369 3485 1449 3530 est
1493 3478 1889 3529 veniale—12.
1927 3478 2180 3530 Reiioitur
2214 3479 2340 3529 haee

807 3547 1075 3598 distinctio
1105 3549 1352 3600 Caietani.
1373 3576 1444 3588 -
1465 3549 1548 3600 13.
1590 3549 1852 3601 Sententia
1876 3553 1932 3599 et
1959 3548 2227 3600 distinctio
2250 3551 2341 3601 Ca-

807 3619 926 3668 stri.
949 3645 1020 3655 —
1046 3619 1129 3668 14.
1159 3619 1469 3682 'transgredi
1503 3620 1668 3682 legem
1691 3632 1754 3671 ex
1776 3626 2070 3684 contemptu
2095 3621 2171 3670 rei
2197 3632 2343 3684 prae-

808 3695 988 3753 ceptae
1022 3703 1121 3739 non
1145 3701 1342 3752 semper
1367 3695 1446 3740 est
1473 3696 1740 3754 peccatum
1764 3691 1998 3752 mortale,
2026 3690 2112 3740 sed
2141 3696 2341 3740 tantum

809 3770 874 3807 ex
916 3759 1171 3820 gravitate
1211 3760 1458 3809 materiae
1494 3760 1574 3809 vel
1619 3773 1681 3809 ex
1714 3773 1892 3810 errore
1928 3760 1978 3810 in
2006 3759 2342 3810 doctrina.—

813 3828 899 3878 15.
935 3828 1240 3892 Transgredi
1277 3830 1440 3891 legem
1473 3843 1536 3879 ex
1572 3836 1866 3895 contemptu
1908 3830 1997 3880 Dei
2034 3830 2343 3894 legislatoris

811 3911 1012 3962 semper
1045 3906 1126 3950 est
1161 3906 1428 3962 peccatum
1469 3901 1712 3963 mortale,
1759 3906 1937 3964 utpote
1974 3903 2106 3964 quod
2149 3900 2343 3951 indicat

723 4023 732 4031 ‚
814 3968 1066 4033 quoddam
1089 3971 1180 4020 Dei
1212 3970 1402 4020 odium.
1427 3995 1499 4007 ·—
1527 3971 1610 4022 16.
1638 3969 1944 4034 Transgredi
1970 3970 2133 4034 legem
2168 3971 2343 4021 huma-

811 4051 929 4088 nam
971 4051 1034 4088 ex
1065 4045 1359 4104 contemptu
1403 4039 1600 4091 formali
1640 4041 1947 4106 legislatoris
1990 4041 2197 4091 videtur
2231 4053 2343 4091 esse

813 4121 1013 4174 semper
1037 4117 1090 4159 et
1124 4111 1178 4160 iu
1205 4110 1469 4162 individuo
1486 4117 1752 4175 peccatum
1783 4111 1997 4161 mortale
2012 4148 2026 4173 ‚
2049 4117 2228 4176 utpote
2253 4111 2343 4175 qui

815 4185 940 4230 tunc
967 4180 1311 4232 contemnitur
1340 4189 1399 4232 ut
1429 4183 1566 4232 vicae
1593 4194 1776 4245 gerens
1809 4181 2343 4246 Det—Contemptus

812 4249 1143 4314 legislatoris,
1165 4259 1420 4315 quatenus
1442 4251 1590 4303 homo
1613 4252 1818 4316 quidam
1836 4259 1938 4314 est,
1963 4265 2064 4304 non
2089 4257 2342 4316 repugnat

813 4331 926 4370 esse
961 4323 1207 4371 venialem
1241 4335 1302 4371 cx
1340 4322 1549 4372 levitate
1573 4324 1835 4372 materiae.
1857 4350 1925 4359 —
1951 4323 2032 4372 17.
2063 4322 2258 4372 Malitia
2280 4335 2342 4371 ex

813 4397 1110 4454 contemptu
1133 4390 1472 4453 distinguitur
1491 4393 1661 4456 specie
1679 4394 1745 4444 ab
1761 4406 1842 4456 ea,
1864 4403 1996 4456 quae
2013 4399 2095 4443 cst
2119 4393 2185 4444 ab
2202 4391 2343 4444 obie-

815 4465 921 4523 cto,
951 4462 1034 4512 vel
1057 4461 1124 4512 ab
1147 4473 1208 4512 ea
1224 4497 1240 4525 ,
1266 4474 1397 4526 quae
1420 4461 1642 4514 habetur
1665 4464 1774 4514 sine
1797 4470 2109 4528 contemptu.

834 4638 883 4691 1.
914 4633 1168 4700 Quamvis
1212 4633 1347 4692 baec
1377 4635 1618 4709 quaestio
1647 4636 1872 4693 tractari
1899 4636 2068 4709 possit
2109 4651 2217 4691 non
2258 4650 2343 4690 so-

755 4721 871 4779 lum
911 4721 978 4780 de
1014 4723 1132 4798 lege
1169 4723 1434 4799 humana,
1467 4727 1564 4782 sed
1600 4725 1764 4783 etiam
1800 4725 1866 4782 de
1896 4725 2161 4797 naturali,
2207 4723 2344 4781 nihi-

748 4811 1004 4886 lominus,
1037 4815 1164 4886 quia
1205 4821 1496 4888 praecepta
1537 4815 1775 4872 humana
1813 4815 2029 4873 facilius
2069 4814 2342 4872 contemni

747 4911 1011 4976 possunt,
1043 4906 1198 4962 etita
1235 4904 1432 4962 modus
1474 4907 1736 4978 peccandi
1777 4921 1843 4964 ex
1871 4913 2199 4978 contemptu
2238 4905 2344 4962 sre-

754 4995 1016 5066 queutius
1045 4995 1099 5050 in
1127 4995 1206 5050 eis
1243 4997 1510 5052 committi
1549 5004 1753 5071 potest,
1792 4996 1912 5053 ideo
1951 4996 2019 5054 de
2059 4996 2162 5053 illis
2204 4995 2345 5054 solet

750 5082 884 5140 haec
904 5085 1148 5157 quaestio
1171 5085 1478 5157 specialiter
1496 5087 1740 5144 tractari:
1755 5087 1824 5144 Et
1845 5090 2170 5159 praesertim
2194 5103 2342 5144 sum-

749 5181 844 5248 pta
863 5177 1153 5232 occasione
1175 5190 1241 5232 ex
1264 5176 1514 5248 opinione
1537 5185 1833 5242 asserente.
1857 5176 2342 5251 transgressionem

749 5262 886 5338 legis
913 5263 1182 5326 humanae
1199 5279 1299 5340 per
1319 5281 1378 5324 se
1397 5266 1572 5330 levem
1589 5283 1732 5344 esse,
1747 5267 1944 5328 iactam
1965 5283 2093 5328 vero
2113 5283 2179 5328 ex
2206 5283 2340 5327 con-

2191 341 2397 392 LIBER
2424 342 2533 392 111.

2402 474 2614 543 temptu
2632 483 2757 526 esse
2776 467 3083 540 mortalem3
3109 481 3234 526 nam
3264 467 3429 525 buius
3447 461 3711 542 opinionis
3734 474 3999 526 auctores

2403 567 2721 633 supponunt
2746 567 2953 632 aperte,
2982 565 3359 632 contemptum
3386 575 3505 618 esse
3546 559 3707 616 talem
3748 563 4000 618 circum-

2404 652 2656 708 stantiam
2682 653 2739 708 in
2768 652 3199 724 transgressione
3227 651 3389 724 legis,
3420 656 3483 708 ut
3508 649 3577 708 de
3602 651 3797 708 veniali
3825 651 3999 708 iaciat

2403 743 2782 802 mortalem.1n
2804 759 2916 816 quo
2938 741 3026 798 alii
3055 748 3307 799 auctores
3334 744 3413 798 eis
3442 757 3549 800 non
3576 741 3991 814 contradicunt,

2402 835 2613 892 etiamsi
2640 835 2694 890 in
2725 833 2889 904 priori
2916 839 3069 905 parte
3099 831 3434 903 dissentiant,
3460 833 3725 902 dicentes,
3746 839 3999 892 contem-

2402 932 2558 997 ptum
2580 941 2688 981 non
2708 939 2829 980 esse
2846 923 3236 996 necessarium,
3254 931 3317 980 ut
3336 924 3699 996 transgressio
3722 922 4003 996 praecepti

2404 1013 2626 1071 humani
2654 1017 2721 1072 sit
2744 1018 3041 1086 peceatum
3071 1011 3320 1076 mortale,
3354 1015 3399 1069 si
3428 1013 3655 1071 materia
3684 1015 3754 1070 sit
3780 1014 3991 1086 gravis.

2478 1107 2665 1179 ltaque
2682 1120 2869 1162 omnes
2893 1105 2945 1161 in
2968 1103 3069 1160 boc
3093 1103 3446 1173 conveniunt,
3461 1102 3611 1177 quod
3636 1105 3999 1176 transgressio

2403 1195 2535 1269 legis
2552 1196 2821 1253 humanae
2840 1211 2905 1253 ex
2928 1201 3251 1267 contemptu
3275 1195 3823 1266 iactaestpeccatum
3843 1208 3997 1250 mor-

2404 1285 2531 1359 tale,
2564 1289 2725 1343 etiam
2743 1288 2798 1342 in
2828 1289 3057 1345 materia
3084 1286 3321 1358 minima3
3353 1285 3459 1341 imo
3489 1284 3628 1341 idem
3658 1283 3898 1340 sentiunt
3927 1283 3999 1340 de

2404 1369 2837 1451 transgressione
2850 1377 3069 1451 regulae
3090 1377 3225 1434 alias
3238 1392 3345 1433 non
3360 1375 3645 1448 obligantis
3666 1374 3732 1431 ad
3756 1376 3999 1449 aliquam

2403 1467 2644 1540 culpam,
2674 1467 2758 1524 vel
2780 1469 2945 1526 etiam
2966 1467 3033 1526 de
3054 1465 3405 1524 consiliorum
3431 1471 3770 1538 contemptu.
3797 1467 3877 1522 lta
3896 1464 4001 1520 do-

2404 1566 2495 1618 cet
2516 1557 2570 1616 d.
2597 1558 2787 1616 Thom.
2816 1563 2871 1618 2.
2895 1563 2957 1631 (2,
2988 1576 3045 1633 q.
3080 1562 3205 1631 186,
3228 1564 3335 1616 art.
3362 1561 3415 1616 9.
3445 1555 3513 1614 ad
3537 1562 3593 1630 3,
3616 1558 4005 1613 Bonaventura

2402 1651 2455 1707 in
2484 1651 2729 1708 Pharet.
2763 1649 2882 1706 div.
2916 1664 3106 1708 amor.
3139 1647 3232 1706 lib.
3262 1653 3320 1720 2,
3350 1663 3473 1720 cap.
3506 1652 3600 1719 4⁴,
3630 1648 3872 1719 Gerson,
3906 1645 4001 1702 Al-

2402 1739 2569 1815 phab.
2604 1744 2674 1799 34
2692 1781 2707 1812 ,
2736 1739 2877 1797 liter.
2907 1740 2988 1811 Μ,
3017 1746 3075 1796 et
3102 1739 3258 1796 tertia
3281 1744 3431 1810 parte
3457 1743 3621 1794 tract.
3646 1739 3717 1795 de
3734 1739 3863 1794 vita
3881 1739 4003 1812 spi-

2402 1829 2613 1888 ritual.
2645 1829 2775 1888 lect.
2811 1837 2866 1902 5,
2899 1829 3121 1886 Adrian.
3153 1828 3395 1902 quodlib.
3426 1832 3481 1902 6,
3506 1835 3613 1885 art.
3637 1833 3695 1900 2,
3721 1829 4004 1885 Panormi·

2402 1928 2564 1979 tanus
2590 1921 2643 1978 in
2671 1936 2795 1995 cap.
2827 1924 2991 1979 Nam
3018 1922 3567 1994 concupiscentiam,
3602 1917 3671 1976 de
3708 1917 3995 1975 constitut.

2401 2027 2619 2069 numer.
2656 2017 2711 2086 5,
2737 2017 2796 2068 et
2818 2011 2873 2067 in
2902 2012 3070 2082 capit.
3102 2008 3399 2075 Relatum,
3434 2024 3500 2066 ne
3540 2009 3729 2066 cleric.
3762 2007 3845 2065 vel
3883 2022 4003 2063 mo-

2402 2104 2568 2161 nach.
2600 2117 2818 2160 numer.
2854 2104 2914 2172 6,
2944 2100 3110 2158 Felin.
3135 2101 3192 2157 in
3218 2116 3341 2172 cap.
3361 2101 3513 2158 Cum
3534 2097 3807 2173 qnidam,
3830 2097 3899 2154 de
3920 2098 4007 2154 iu-

2405 2194 2577 2250 reiur.
2609 2208 2761 2249 num.
2802 2193 2856 2260 7,
2887 2188 3111 2247 Archid.
3142 2191 3198 2246 in
3230 2206 3335 2262 cap
3397 2194 3448 2261 1,
3479 2189 3533 2247 d.
3568 2191 3664 2262 27,
3694 2193 3908 2262 quaest.
3946 2193 4001 2260 1,

2403 2292 2460 2341 et
2486 2284 2537 2338 in
2568 2298 2693 2355 cap.
2731 2284 3121 2358 Quicumque,
3163 2285 3251 2339 18.
3285 2280 3415 2338 dist.
3454 2287 3511 2337 et
3534 2281 3747 2338 Domin.
3777 2281 3831 2335 in
3872 2293 3998 2350 cap.

2403 2371 2642 2439 Nullus,
2685 2376 2774 2429 55.
2804 2371 2929 2428 dist.
2961 2372 3191 2428 Navarr.
3223 2372 3278 2425 in
3306 2373 3461 2427 Sum.
3490 2372 3656 2442 capit.
3688 2373 3784 2442 23,
3810 2385 3865 2425 n.
3900 2373 3999 2438 41,

2402 2472 2458 2521 et
2484 2469 2579 2535 42,
2609 2462 2801 2520 Driedo
2834 2462 2926 2519 lib.
2960 2467 3018 2534 2,
3049 2460 3121 2518 de
3149 2459 3403 2518 libertat.
3438 2461 3752 2518 christian.
3782 2475 3907 2534 cap.
3944 2463 3997 2530 1,

2406 2554 2604 2612 Covar.
2634 2554 2687 2609 in
2717 2551 3043 2625 cap.Alma
3069 2557 3285 2619 mater,
3318 2555 3366 2610 1.
3394 2568 3447 2624 p.
3473 2553 3498 2620 ἒ
3530 2555 3584 2624 7,
3610 2567 3760 2608 num.
3790 2555 3847 2622 6,
3870 2559 3927 2608 et
3946 2552 4001 2606 in

2402 2645 2598 2718 regula
2615 2648 2950 2719 peccatum,
2984 2648 3041 2700 2.
3074 2649 3215 2715 part.
3248 2641 3273 2710 ἕ
3303 2648 3357 2716 5,
3389 2658 3541 2716 num.
3576 2646 3629 2699 3.
3662 2644 3717 2698 ia
3746 2641 3873 2715 tine,
3896 2643 4000 2697 Ca·

2408 2737 2499 2794 iet.
2532 2742 2589 2793 et
2614 2737 2804 2792 Castro
2837 2733 2973 2791 locis
3002 2733 3139 2790 inl'ra
3166 2733 3419 2806 citandis,
3456 2740 3513 2790 et
3549 2732 3711 2805 plura
3748 2733 4003 2805 congerit

2409 2826 2633 2901 Henric,
2669 2831 2828 2882 tract.
2860 2823 2931 2880 de
2956 2821 3173 2898 Synod.
3206 2829 3350 2895 post.
3386 2826 3438 2880 3.
3470 2830 3616 2895 part.
3644 2830 3749 2879 art.
3791 2831 3840 2893 1,
3864 2838 4002 2878 con-

2406 2917 2550 2974 clus.
2591 2919 2679 2987 16,
2709 2930 2860 2970 num.
2892 2917 3025 2972 257.
3050 2914 3281 2986 Fuitque
3303 2919 3489 2984 aperta
3512 2913 3779 2969 sententia
3800 2912 3855 2969 d.
3872 2914 4003 2968 Ber-

2405 3006 2562 3064 nardi
2590 3003 2683 3062 lib.
2719 3009 2763 3062 l.
2797 3002 2869 3061 de
2886 3018 3163 3078 praecep.
3188 3006 3244 3058 et
3262 3001 3519 3077 dispens.
3547 3018 3669 3074 cap.
3708 3008 3797 3074 11,
3829 3007 3917 3062 12.
3942 3009 4005 3059 et

2410 3094 2713 3170 sequentib.
2742 3095 2837 3151 ubi
2868 3091 2935 3150 de
2962 3092 3204 3150 leviorib.
3236 3092 3538 3166 praeceptis
3578 3094 3631 3150 in
3669 3093 3864 3164 primis
3894 3095 3997 3164 ait,

2410 3203 2531 3243 non
2566 3188 2859 3243 contemni
2884 3187 3010 3241 sine
3036 3187 3301 3240 crimine.
3332 3182 3535 3241 Deinde
3560 3183 3776 3242 subdit:
3808 3187 4002 3242 Porro

2412 3281 2779 3350 contemptus
2798 3278 2861 3331 in
2876 3277 3038 3332 ontni
3055 3277 3242 3350 specie
3262 3273 3691 3333 mandatorum
3696 3279 3841 3350 pari
3848 3293 4005 3350 pon-

2410 3367 2550 3424 dere
2573 3370 2793 3440 pravis,
2812 3372 2867 3422 et
2894 3367 3283 3422 communiter
3302 3363 3664 3423 damnabilis
3686 3371 3792 3423 est.
3808 3371 3877 3426 Et
3902 3368 4001 3423 ite-

2408 3473 2531 3514 rum
2559 3456 2693 3514 dicit
2719 3455 2785 3513 de
2814 3462 3151 3527 contemptu:
3190 3456 3492 3512 Convertit
3518 3459 3583 3512 in
3607 3458 3837 3513 crimen
3854 3471 4001 3530 qra-

2408 3553 2499 3606 vis
2525 3547 2859 3605 rebellionis
2887 3544 3131 3620 culpam
3156 3543 3299 3602 levis
3326 3549 3840 3618 transgressionis.

2486 3646 2541 3700 2.
2572 3638 2677 3697 Sed
2708 3639 2836 3696 licet
2862 3637 2995 3694 haec
3023 3636 3271 3693 doctrina
3296 3652 3427 3695 vera
3452 3643 3509 3693 et
3547 3638 3859 3694 communis
3900 3639 3995 3710 sit,

2408 3729 2757 3786 nibilominus
2782 3727 3103 3784 difficultate
3126 3743 3233 3782 non
3274 3733 3447 3796 caret,
3476 3725 3605 3800 quia
3629 3743 3699 3783 ex
3723 3743 3791 3784 ea
3817 3729 4007 3800 sequi-

2412 3827 2522 3892 tur,
2553 3824 2936 3890 contemptum
2964 3817 3141 3889 ipsum
3163 3832 3378 3890 semper
3396 3832 3515 3874 esse
3538 3825 3837 3889 peccatum
3858 3833 4005 3875 mor·

2410 3911 2539 3979 tale,
2570 3908 2718 3982 quod
2748 3924 2857 4004 ¹³⁰¹}
2884 3905 3099 3964 videtur
3124 3905 3535 3964 admittendum.
3570 3907 3807 3981 sequela
3827 3915 4001 3981 patet,

2412 4004 2539 4074 quia
2567 4006 2787 4072 propter
2815 3997 2962 4070 quod
2990 3996 3423 4071 unumquodque
3450 3997 3577 4070 tale,
3618 4005 3673 4055 et
3714 3998 3852 4056 illud
3890 4015 4010 4056 ma·

2410 4093 2514 4166 gis,
2538 4092 2583 4146 si
2611 4106 2744 4164 ergo
2774 4089 3136 4161 transgressio
3160 4090 3432 4161 praecepti
3459 4088 3614 4162 levis,
3632 4105 3733 4146 seu
3754 4091 3811 4145 in
3834 4098 4007 4147 mate·

2408 4185 2493 4240 ria
2522 4181 2623 4238 levi
2651 4182 2721 4237 sit
2746 4195 2960 4252 semper
2982 4178 3223 4236 mortalis
3244 4180 3449 4236 ratione
3470 4185 3845 4254 contemptus,
3861 4181 4006 4238 mul-

2416 4281 2470 4330 to
2498 4271 2669 4344 magis
2698 4271 2811 4343 ipse
2837 4276 3185 4341 contemptus
3226 4269 3327 4325 erit
3366 4285 3578 4342 semper
3618 4270 3853 4326 mortale
3892 4271 4007 4327 cri·

2410 4379 2553 4419 men.
2584 4361 2753 4418 Minor
2780 4365 2986 4431 autem,
3022 4374 3121 4416 seu
3148 4357 3348 4415 salsitas
3378 4360 3759 4432 consequentis
3801 4360 4005 4433 proba-

2412 4459 2525 4525 tur,
2548 4453 2679 4525 quia
2700 4455 3045 4522 contemptus
3066 4463 3173 4506 nou
3196 4454 3280 4505 est
3304 4449 3477 4505 maius
3504 4456 4005 4525 peccatum,quam

2410 4540 2793 4611 inobedientia,
2819 4539 2903 4596 vel
2926 4539 3367 4612 sacrilegium‚et
3388 4539 3595 4613 similia,
3614 4540 3707 4598 sed
3731 4540 3867 4600 baec
3890 4559 4007 4600 non

2411 4638 2541 4688 sunt
2560 4645 2775 4703 semper
2799 4638 3031 4703 peccata
3050 4629 3321 4702 mortalia;
3346 4645 3476 4702 ergo
3498 4646 3597 4686 nec
3621 4637 4000 4704 contemptus.

2410 4721 2734 4780 Declaratur
2761 4727 3039 4794 praeterea
3066 4719 3345 4793 exemplis:
3376 4737 3501 4778 nam
3532 4723 3706 4796 siquis
3746 4727 4006 4795 proximo

2411 4813 2561 4871 dicat
2585 4813 2700 4868 leve
2728 4810 3041 4868 convicium
3068 4825 3135 4866 ex
3174 4816 3493 4882 contemptu
3530 4811 3683 4884 eius,
3726 4828 3834 4869 non
3876 4813 4003 4871 ideo

2412 4905 2596 4962 statim
2624 4908 2819 4975 peccat
2844 4901 3162 4972 mortaliter,
3194 4902 3323 4974 quia
3350 4909 3461 4959 tota
3481 4901 3569 4959 illa
3590 4905 3733 4961 actio
3755 4921 3891 4962 cum
3916 4905 4009 4964 illa

2411 4992 2735 5050 formalitate
2755 4997 3102 5062 contemptus
3114 5006 3222 5048 non
3242 4991 4011 5052 transcenditrationeminiu-

2410 5087 2544 5152 riae,
2574 5097 2714 5156 quae
2740 5081 2792 5138 in
2822 5081 2911 5137 illa
2938 5081 3161 5146 materia
3187 5081 3318 5138 levis
3344 5087 3446 5138 est.
3470 5082 3604 5139 Item
3634 5084 3680 5140 si
3706 5086 3835 5158 quis
3863 5084 4011 5143 nolit

2410 5175 2629 5232 obedire
2654 5171 2895 5246 praelato
2922 5172 2976 5227 in
3006 5186 3064 5227 re
3092 5171 3329 5244 minima,
3362 5171 3537 5230 solum
3564 5181 3626 5230 ut
3644 5174 3919 5248 ostendat,
3942 5189 4010 5234 se

2409 5263 2807 5344 parvipendere
2829 5263 3010 5339 illum,
3038 5277 3148 5320 non
3176 5261 3385 5326 videtur
3410 5278 3645 5339 peccare
3670 5262 4009 5343 mortaliter,
