4325 6267
1794 307 2006 372 mur
2031 305 2189 372 nir.

217 513 234 536 ι
342 441 672 522 supponunt
700 447 1120 520 necessitatem,
1149 443 1246 504 sed
1274 443 1500 504 faciunt.
1531 435 1670 516 Quia
1706 443 1944 504 medium
2009 477 2014 482 -

343 540 570 598 virtutis
595 538 760 598 habet
784 536 1124 597 latitudinem
1149 544 1209 596 et
1234 537 1574 609 varietatem,
1603 541 1659 594 et
1683 535 1806 596 ideo
1832 549 1946 594 non

346 646 510 688 omne
552 628 640 702 id,
672 630 824 704 quod
862 635 946 687 est
981 628 1048 686 de
1079 644 1137 686 se
1167 628 1499 702 honestum,
1529 635 1614 686 est
1640 643 1739 701 per
1769 641 1828 686 se
1854 644 1947 687 ne-

347 721 685 779 cessarium:
718 720 802 777 lex
842 725 1027 778 autem
1066 718 1304 776 humana
1330 719 1515 792 potest
1537 714 1681 775 banc
1710 719 1948 777 necessi-

345 817 522 870 tatem
559 826 794 886 ponere,
824 825 934 884 qua
967 811 1175 884 posita,
1207 808 1294 866 ille
1320 817 1483 867 actus
1511 809 1618 867 iam
1645 815 1732 866 est
1755 824 1948 867 neces-

347 904 532 960 sarius
558 900 626 958 ad
655 901 997 960 honestatem
1025 900 1150 958 talis
1178 899 1412 959 virtutis.
1438 901 1508 958 Et
1536 899 1638 958 hoc
1673 915 1839 959 sensu
1864 900 1946 959 di·-

345 993 504 1052 citur
531 991 794 1050 constitui
812 1006 912 1065 per
931 990 1099 1048 talem
1122 990 1416 1048 humanam
1439 989 1612 1064 legem
1633 991 1690 1048 in
1712 990 1804 1049 tali
1825 1007 1948 1065 spe-

347 1084 437 1144 cie
463 1084 680 1143 virtutis
697 1123 713 1156 ,
743 1082 936 1157 utique
964 1081 1148 1157 quoad
1183 1079 1563 1138 necessitatem
1581 1121 1598 1154 ,
1627 1097 1736 1139 non
1763 1081 1950 1156 quoad

349 1176 714 1234 honestatem.
755 1175 870 1232 Dixi
897 1179 1084 1232 autem
1107 1171 1465 1246 reputas-iter
1492 1169 1794 1245 loquendo,
1822 1187 1948 1245 pro-

351 1273 482 1340 pter
509 1272 669 1324 actus
698 1265 1060 1323 indifferentes
1076 1305 1092 1338 ‚
1121 1265 1177 1321 in
1202 1262 1405 1337 quibus
1431 1277 1538 1320 non
1573 1261 1789 1320 videtur
1815 1277 1946 1336 sup-

350 1358 486 1430 poni
525 1356 820 1427 honestas,
859 1369 1174 1429 quanquam
1215 1353 1260 1409 si
1298 1359 1590 1411 sumantur
1625 1359 1690 1410 ut
1714 1351 1948 1411 ordinati

351 1448 424 1505 ad
467 1448 662 1521 linem,
704 1453 928 1520 propter
967 1461 1132 1519 quem
1173 1442 1257 1502 lex
1284 1459 1380 1501 eos
1407 1443 1701 1517 praecipit,
1733 1442 1946 1502 honesti

351 1540 496 1612 sint,
539 1553 706 1612 quam
747 1538 1086 1594 honestatem
1126 1535 1391 1593 haberent
1431 1534 1510 1592 sic
1550 1533 1711 1601 sacti,
1740 1533 1948 1592 etiamsi

350 1630 468 1686 sine
505 1627 624 1703 lege
653 1630 871 1696 flerent,
901 1641 1010 1683 non
1038 1632 1218 1684 tamen
1248 1624 1510 1682 haberent
1536 1624 1942 1682 necessitatem.

350 1723 532 1795 Atque
553 1721 630 1776 ita
648 1720 700 1775 in
723 1719 1038 1775 universum
1061 1723 1415 1791 praeceptum
1431 1713 1822 1773 affirmativum
1841 1715 1946 1772 hu-

287 1835 302 1853 ·
351 1825 580 1868 manum
605 1809 740 1867 facit
761 1809 943 1880 potius
963 1810 1368 1881 necessitatem,
1393 1822 1561 1880 quam
1581 1806 1940 1863 honestatem.

351 1902 425 1958 At
465 1915 595 1958 vero
635 1905 989 1973 praeceptum
1030 1900 1351 1973 negativum
1386 1911 1523 1969 pure
1551 1895 1851 1953 humanum
1877 1911 1944 1954 ex

353 2007 413 2048 se
453 2007 561 2048 non
603 1988 866 2062 supponit
905 1988 1162 2045 malitiam
1201 1989 1252 2044 in
1281 1994 1444 2059 actu,
1475 2001 1637 2060 quem
1665 1985 1941 2058 prohibet,

353 2079 448 2138 sed
490 2080 648 2153 iacit,
695 2079 774 2136 sic
813 2080 960 2136 enim
987 2077 1248 2136 dicuntur
1274 2077 1444 2135 multa
1468 2091 1588 2133 esse
1615 2078 1786 2148 mala,
1817 2075 1947 2149 quia

287 2157 294 2170 ’
351 2170 654 2245 prohibita:
693 2176 750 2228 et
785 2171 924 2227 ratio
959 2175 1078 2240 est,
1108 2171 1238 2243 quia
1264 2169 1465 2228 malitia
1490 2168 1746 2226 consistit
1767 2168 1824 2224 in
1853 2181 1946 2224 ca·

351 2262 526 2319 rentia
561 2261 908 2318 rectitudinis
937 2257 1182 2332 debitae3
1217 2265 1340 2317 ante
1376 2264 1730 2331 praeceptum
1759 2264 1946 2316 autem

353 2352 672 2410 huiusmodi
717 2349 936 2409 nullum
975 2357 1097 2409 erat
1135 2349 1411 2422 debitum,
1455 2355 1510 2406 et
1547 2349 1667 2406 ideo
1706 2347 1948 2406 carentia

353 2451 518 2502 actus
545 2448 668 2500 erat
697 2443 950 2518 negatio,
972 2457 1084 2498 non
1104 2441 1334 2514 privatio
1355 2439 1577 2499 moralis
1593 2481 1608 2512 ,
1633 2454 1698 2496 ac
1722 2437 1944 2511 proinde

355 2550 454 2594 nec
475 2532 682 2592 malitia
710 2540 860 2591 erat:
886 2533 1060 2605 posita
1081 2537 1270 2590 autem
1291 2531 1409 2604 lege
1429 2529 1661 2604 insurgit
1679 2527 1942 2601 debitum,

351 2632 410 2683 et
437 2625 679 2681 carentia
715 2623 912 2681 transit
939 2623 989 2678 in
1018 2623 1286 2679 rationem
1315 2621 1661 2694 privationis,
1690 2624 1854 2693 atque
1875 2620 1947 2676 ita

352 2716 597 2788 insurgit
627 2713 834 2772 malitia
859 2729 928 2770 ex
955 2715 1008 2769 vi
1037 2713 1169 2786 legis
1197 2712 1481 2785 positivae.
1504 2709 1585 2768 Ad
1610 2711 1732 2767 eius
1760 2716 1948 2768 autem

355 2807 596 2878 speciem
638 2803 1040 2880 intelligendam
1081 2801 1476 2861 consideranda
1512 2807 1598 2859 est
1625 2801 1846 2858 materia
1874 2799 1948 2857 le-

355 2897 472 2972 gis,
510 2895 592 2954 vel
624 2895 894 2953 motivum
923 2895 1172 2967 virtutis,
1205 2893 1308 2950 sub
1333 2908 1448 2967 quo
1477 2890 1603 2948 talis
1631 2897 1792 2947 actus
1818 2905 1946 2962 pro-

355 2986 572 3044 hibetur
611 3002 709 3057 per
735 2985 938 3058 legem3
971 2990 1099 3041 nam
1128 2990 1260 3041 tunc
1288 2985 1519 3057 pertinet
1547 2979 1748 3038 malitia
1777 2978 1842 3036 ad
1870 2979 1949 3036 vi-

353 3080 494 3135 tium
525 3078 871 3134 contrarium
898 3075 977 3132 illi
1006 3075 1228 3145 virtuti3
1257 3079 1322 3130 ut
1347 3089 1402 3129 v.
1433 3087 1490 3148 g.
1515 3071 1703 3129 effusio
1725 3070 1946 3143 sangui-

353 3168 438 3224 nis
479 3165 532 3223 in
574 3165 853 3239 Ecclesia,
882 3170 1152 3239 quatenus
1190 3180 1285 3236 per
1312 3162 1490 3237 legem
1517 3160 1945 3218 ecclesiasticam

353 3255 705 3330 prohibetur,
736 3271 846 3312 non
889 3254 1127 3326 pertinet
1167 3252 1232 3310 ad
1258 3251 1610 3325 iniustitiam,
1641 3250 1736 3307 sed
1765 3248 1833 3307 ad
1860 3264 1946 3306 sa-

353 3346 675 3419 crilegium.
714 3345 846 3420 quia
870 3344 958 3402 illa
982 3342 1273 3416 prohibitio
1305 3344 1366 3401 tit
1383 3341 1590 3400 intuitu
1616 3343 1946 3398 reverentiae

352 3436 564 3495 debitae
604 3436 729 3494 loco
771 3450 961 3508 sacro,
991 3434 1137 3508 quod
1177 3433 1243 3491 ad
1269 3432 1583 3506 religionem
1611 3436 1841 3504 spectat.
1873 3431 1944 3488 Et

352 3527 496 3586 idem
520 3534 607 3585 est
639 3527 695 3583 in
717 3525 965 3584 omuibus
988 3524 1228 3598 peccatis
1249 3523 1672 3595 commissionis,
1694 3537 1835 3596 quae
1857 3537 1944 3579 re-

351 3624 600 3692 pugnant
633 3616 927 3675 formaliter
972 3614 1277 3689 praeceptis
1305 3613 1603 3689 negativis,
1635 3629 1732 3669 seu
1760 3611 1944 3685 probi-

351 3709 634 3782 bentibus3
665 3723 792 3766 nam
829 3708 882 3765 in
920 3705 1036 3764 aliis
1065 3705 1286 3778 malitiis
1323 3705 1659 3775 omissionis,
1689 3717 1830 3779 quae
1855 3717 1942 3760 re-

352 3806 598 3875 pugnant
626 3799 830 3856 directe
856 3803 1154 3871 praecepto
1179 3795 1535 3866 affirmativo,
1564 3811 1631 3852 ex
1660 3794 1944 3851 honestate

354 3897 514 3949 actus
545 3889 824 3948 contrarie
849 3887 1088 3961 oppositi
1120 3887 1355 3959 insurgit
1381 3881 1599 3958 propria
1618 3883 1942 3942 determina·

353 3983 430 4038 tio
458 3997 556 4038 seu
583 3978 915 4053 specificatio
943 3977 1283 4035 omissionis.
1313 3977 1384 4033 Et
1409 3976 1484 4033 ita
1505 3976 1670 4033 etiam
1698 3981 1936 4048 constat,

353 4070 632 4146 quomodo
659 4069 807 4144 leges
834 4069 1104 4125 humanae
1143 4065 1378 4124 habeant
1404 4081 1505 4139 pro
1532 4065 1756 4124 materia
1781 4069 1940 4122 actus

349 4163 612 4220 vitiorum
641 4160 944 4219 secundum
973 4158 1183 4232 species
1211 4174 1361 4216 suas.

429 4253 621 4311 Posset
647 4258 930 4325 praeterea
954 4253 1107 4307 circa
1135 4248 1275 4307 hanc
1313 4247 1592 4314 materiam
1622 4249 1845 4304 tractari
1871 4261 1940 4304 an

355 4341 554 4402 modus
582 4342 796 4400 virtutis
823 4340 987 4399 cadat
1013 4339 1116 4398 sub
1143 4345 1496 4413 praeceptum
1515 4381 1530 4412 ,
1560 4353 1628 4395 an
1658 4344 1817 4395 actus
1842 4336 1940 4394 dit-

351 4434 524 4492 ficiles
562 4439 619 4491 et
659 4430 814 4489 ardui
851 4430 1066 4504 possint
1103 4429 1340 4502 praecipi
1375 4444 1472 4503 per
1498 4427 1672 4502 legem
1699 4427 1933 4486 civilem.

353 4524 460 4584 Sed
489 4523 624 4581 baec
651 4518 994 4580 commodius
1023 4509 1442 4577 dicentur'insra
1461 4517 1782 4591 explicando
1804 4517 1938 4575 obli-

352 4617 624 4689 gationem
662 4612 827 4670 huius
859 4611 1025 4685 legis,
1053 4616 1108 4668 et
1135 4609 1359 4668 modum
1388 4607 1642 4683 implendi
1667 4608 1834 4667 illam.
1863 4611 1941 4667 De

349 4703 516 4762 modo
557 4711 778 4776 autem,
817 4717 930 4776 quo
973 4701 1054 4759 lex
1084 4699 1259 4758 civilis
1287 4700 1500 4758 differat
1526 4716 1558 4756 a
1585 4699 1848 4758 canonica
1875 4715 1940 4759 ex

351 4801 506 4870 parte
533 4793 795 4854 materiae
816 4835 832 4867 ,
860 4791 1112 4850 dicemus
1139 4791 1274 4850 libro
1301 4807 1417 4868 seq.
1450 4807 1576 4866 cap.
1606 4792 1676 4850 11.

3384 291 3513 373 '203

2567 445 2845 519 CAPUT
2873 445 3049 518 XIII.

2097 663 2195 716 An
2218 654 2316 718 lex
2340 657 2529 718 civilis
2556 661 2791 718 tantum
2816 663 2999 736 possit
3024 667 3295 724 externos
3323 665 3497 724 actus
3582 737 3585 742 ,
3661 623 3669 633 Ι

2366 753 2737 826 praecipere,
2770 755 2881 810 aut
2895 753 3228 828 prohibere.

2568 945 3055 1013 summarium

2018 1135 2067 1188 1.
2095 1135 2287 1202 Duplex
2320 1143 2469 1189 actus
2502 1135 2777 1190 humanus:
2806 1138 3022 1190 interior
3062 1143 3117 1189 et
3152 1139 3378 1192 exterior
3392 1174 3409 1202 ‚
3443 1145 3499 1190 et
3540 1150 3605 1190 ex

2081 1205 2178 1258 hoc
2215 1214 2455 1272 tanquam
2478 1220 2508 1258 a
2531 1207 2691 1259 forma
2715 1209 2896 1260 morali
2920 1206 3077 1260 hahet
3099 1209 3236 1274 quod
3260 1211 3329 1262 sit
3352 1208 3605 1262 humanus

2083 1283 2138 1328 et
2161 1279 2384 1330 moralis.
2398 1305 2468 1315 —
2485 1277 2538 1330 2.
2566 1280 2669 1330 Lex
2691 1293 2832 1330 mere
2856 1279 3074 1330 humana
3097 1292 3196 1329 non
3220 1285 3387 1346 potest
3411 1281 3605 1345 praeci-

2075 1359 2207 1412 ·pere
2230 1355 2403 1399 actum
2425 1362 2553 1413 pure
2579 1349 2839 1400 internum
2862 1349 3061 1400 directe
3085 1356 3140 1400 et
3162 1349 3441 1401 secundum
3459 1363 3606 1401 se.—·-

1975 1425 2024 1449 ··
2084 1419 2135 1468 3.
2163 1419 2395 1470 Potestas
2416 1417 2633 1470 humana
2658 1419 2945 1486 legislativa
2968 1420 3133 1472 solum
3150 1419 3416 1471 ordinatur
3434 1420 3499 1470 ad
3516 1433 3602 1471 ex·-

2084 1489 2325 1540 teriorem
2365 1501 2539 1552 pacem
2579 1494 2633 1540 et
2674 1490 2991 1542 honestatem
3026 1490 3405 1542 communitatis
3427 1490 3604 1540 huma-

2065 1570 2197 1624 ,nae.
2219 1586 2291 1596 -
2308 1559 2464 1611 Nemo
2498 1560 2809 1611 naturaliter
2845 1560 3086 1612 subditur
3130 1560 3283 1611 alteri
3327 1560 3605 1611 secundum

2081 1629 2297 1679 animam
2316 1666 2333 1692 ,
2360 1629 2449 1680 sed
2474 1635 2675 1681 tantum
2697 1630 2975 1682 secundum
2998 1643 3202 1695 corpus.
3225 1658 3295 1668 —
3312 1631 3365 1680 4.
3394 1631 3498 1682 Lex
3522 1643 3607 1682 ec·

2081 1698 2367 1751 clesiastica
2392 1699 2755 1764 quodammodo
2773 1709 2852 1752 est
2870 1702 3062 1753 divina.
3076 1700 3208 1752 -5,
3230 1701 3480 1752 obiectio:
3500 1700 3607 1752 Lex

2081 1769 2251 1820 civilis
2275 1783 2375 1822 non
2399 1777 2567 1834 potest
2590 1783 2703 1822 esse
2726 1772 2863 1824 circa
2882 1777 3055 1822 actum
3077 1777 3345 1822 externum
3360 1809 3376 1833 ,
3397 1772 3609 1836 quinon

2081 1845 2251 1902 potest
2294 1840 2531 1905 probari,
2575 1853 2693 1892 cum
2734 1855 2834 1893 non
2878 1843 3039 1907 possit
3080 1843 3253 1906 puniri
3295 1842 3517 1892 omnino.
3539 1868 3610 1878 -

2081 1910 2134 1961 6.
2156 1909 2316 1961 Actus
2333 1909 2611 1975 dupliciter
2630 1913 2866 1980 occultus
2884 1925 2977 1977 per
3000 1925 3056 1963 se
3081 1918 3136 1962 et
3156 1923 3249 1977 per
3272 1911 3525 1963 accidens.
3539 1939 3612 1949 —-

2085 1981 2134 2030 7.
2157 1980 2261 2030 Lex
2280 1979 2539 2032 indefinite
2558 1979 2660 2031 lata
2680 1995 2772 2047 per
2791 1996 2848 2034 se
2865 1983 3159 2034 extenditur
3179 1981 3241 2032 ad
3264 1982 3452 2045 omnia,
3472 1995 3607 2047 quae

2081 2050 2179 2101 sub
2201 2051 2313 2102 eius
2338 2052 2509 2102 verbis
2532 2051 3133 2116 comprehenduntur.—
3150 2053 3203 2102 8.
3230 2054 3333 2105 Lex
3357 2065 3487 2117 pure
3511 2051 3605 2102 hu-

2081 2133 2227 2170 mana
2250 2126 2418 2185 potest
2436 2120 2688 2173 indirecte
2707 2125 3001 2188 praecipere
3020 2128 3192 2174 actum
3211 2123 3609 2174 interiorem.—

2083 2190 2136 2241 9.
2162 2190 2242 2240 An
2264 2191 2575 2243 desiderium
2598 2193 2825 2246 inefficax
2847 2193 3007 2260 possit
3030 2192 3295 2259 prohiberi
3318 2205 3347 2244 a
3372 2193 3487 2256 lege
3510 2191 3606 2243 hu-

2082 2273 2247 2313 mana.

2096 2440 2144 2496 1.
2176 2438 2353 2496 Actus
2381 2435 2656 2494 humanus
2686 2434 2779 2513 (de
2807 2451 2921 2511 quo
2950 2433 3069 2494 solo
3096 2436 3185 2495 lex
3210 2442 3395 2510 potest
3417 2437 3603 2511 proxi—

2011 2541 2101 2586 me
2126 2526 2278 2601 t'erri)
2320 2528 2525 2601 duplex
2561 2534 2680 2601 est,
2711 2533 2774 2586 ut
2796 2542 2863 2585 ex
2897 2530 2947 2585 1.
2978 2533 3011 2587 2
3030 2568 3046 2601 ,
3074 2544 3132 2603 q.
3172 2527 3261 2588 18.
3293 2535 3351 2586 et
3375 2543 3609 2602 sequen-

2016 2617 2162 2676 tibus
2190 2625 2440 2677 constat:
2473 2619 2727 2689 interior,
2756 2624 2814 2676 et
2846 2619 3120 2694 exterior3
3150 2620 3245 2694 qui
3272 2621 3417 2678 inter
3444 2636 3503 2676 se
3530 2623 3608 2679 ita.

2012 2717 2439 2784 comparantur,
2470 2716 2535 2767 ut
2569 2710 2806 2768 exterior
2846 2725 2955 2768 non
2982 2711 3155 2784 possit
3178 2727 3301 2770 esse
3328 2710 3443 2768 sine
3472 2711 3609 2769 inte-

2013 2801 2177 2871 riori3
2211 2800 2279 2857 ab
2317 2799 2411 2858 illo
2450 2801 2592 2857 enim
2630 2807 2893 2875 tanquam
2926 2815 2959 2857 a
2996 2800 3187 2858 morali
3213 2800 3389 2858 forma
3413 2800 3603 2875 babet,

2017 2889 2167 2964 quod
2204 2890 2479 2948 humanus
2518 2897 2576 2948 et
2610 2890 2835 2948 moralis
2872 2891 2963 2948 sit.
2993 2889 3149 2949 Unde
3176 2891 3416 2948 exterior
3442 2899 3607 2949 actus

2013 2981 2287 3038 humanus
2326 2986 2412 3038 est
2453 2979 2623 3038 veluti
2663 2983 3034 3054 compositum
3074 2980 3351 3055 quoddam
3382 2998 3449 3040 ex
3476 2989 3609 3041 actu

2013 3072 2310 3140 exteriori,
2342 3073 2589 3143 corporis
2616 3088 2669 3126 v.
2702 3088 2758 3147 g.
2792 3069 2894 3145 (ita
2920 3073 3067 3127 enim
3090 3085 3239 3128 nunc
3270 3071 3598 3146 loquimur),

2009 3167 2069 3219 et
2105 3177 2173 3218 ex
2212 3162 2452 3218 interiori
2491 3166 2620 3219 actu
2657 3160 2953 3218 voluntatis
2994 3167 3253 3234 tanquam
3284 3176 3352 3218 ex
3377 3163 3604 3220 materia

2009 3251 2205 3310 visibili
2222 3295 2237 3324 ,
2254 3257 2323 3310 ‘et
2346 3251 2521 3310 forma
2546 3265 2647 3324 per
2672 3265 2732 3309 se
2769 3251 3048 3326 invisibili3
3081 3251 3233 3309 sicut
3257 3251 3423 3309 homo
3451 3269 3603 3311 com-

2011 3343 2231 3416 ponitur
2265 3357 2334 3400 ex
2369 3357 2604 3416 corpore
2639 3347 2695 3400 et
2730 3343 2940 3417 anima,
2969 3349 3024 3400 et
3062 3341 3127 3400 de
3154 3341 3260 3400 hoc
3290 3350 3421 3401 actu
3450 3344 3601 3402 nulla

2009 3441 2096 3492 est
2121 3433 2401 3508 quaestio,
2434 3433 2567 3508 quin
2607 3433 2781 3507 possit
2815 3448 2937 3491 esse
2974 3433 3201 3491 materia
3228 3433 3497 3492 humanae
3527 3435 3603 3492 le-

2009 3527 2111 3600 gis.
2151 3525 2387 3583 Tantum
2426 3540 2561 3599 ergo
2598 3531 2857 3598 superest
2894 3523 3315 3599 inquirendum,
3356 3539 3425 3582 an
3450 3524 3603 3583 solus

2007 3617 2099 3675 ille
2120 3617 2192 3674 sit
2208 3617 2436 3674 materia
2456 3615 2725 3674 humanae
2745 3615 2909 3690 legis3
2934 3617 3214 3674 autetiam
3238 3616 3462 3674 interior
3480 3633 3604 3675 esse

2007 3708 2184 3780 possit
2216 3706 2300 3763 vel
2326 3721 2423 3779 per
2449 3722 2538 3778 se,
2573 3704 2659 3763 vel
2691 3711 2751 3764 ut
2777 3706 3112 3764 coniunctus
3141 3708 3421 3765 exteriori.
3450 3706 3604 3766 Unde

2009 3796 2171 3854 simul
2190 3797 2347 3855 etiam
2368 3789 2641 3870 oportebit
2660 3795 2950 3870 inquirere,
2977 3805 3163 3854 utrum
3184 3803 3347 3854 actus
3366 3799 3603 3856 exterior

2007 3903 2106 3960 per
2143 3887 2319 3962 legem
2362 3885 2659 3944 humanam
2701 3886 3070 3958 praecipiatur
3094 3928 3110 3960 ,
3150 3891 3215 3944 ut
3252 3886 3602 3946 voluntarius

2007 3982 2125 4049 est,
2166 3977 2253 4034 vel
2295 3977 2476 4034 solum
2518 3983 2579 4034 ut
2618 3983 2781 4034 actus
2823 3975 3048 4050 quidam
3074 3977 3313 4035 exterior
3349 3984 3454 4036 est.
3488 3978 3602 4036 Sub

2008 4074 2137 4125 actu
2158 4074 2367 4139 autem,
2394 4073 2456 4125 ut
2474 4082 2634 4140 saepe
2664 4067 2873 4140 monui,
2900 4067 3413 4140 comprehendimus
3436 4067 3603 4126 omis-

2007 4157 2215 4215 sionem
2236 4164 2395 4230 actus
2421 4157 2671 4230 humani,
2697 4163 2919 4214 constat
2936 4154 3110 4231 enim,
3135 4156 3274 4214 hanc
3295 4157 3459 4216 etiam
3480 4141 3601 4217 esse

2008 4255 2357 4322 praeceptam
2379 4264 2477 4321 per
2496 4247 2673 4323 legem
2695 4248 3029 4322 negativam,
3053 4246 3136 4305 vel
3155 4247 3479 4320 prohibitam
3500 4263 3601 4322 per

2007 4339 2417 4414 affirmativam3
2442 4354 2569 4397 uam
2599 4337 2693 4413 qui
2720 4345 2905 4396 actum
2932 4339 3231 4413 praecipit,
3256 4353 3603 4414 consequen-

2009 4437 2094 4488 ter
2122 4429 2375 4504 prohibet
2408 4431 2528 4488 eius
2557 4428 2920 4487 omissionem.

2085 4525 2140 4580 2.
2176 4521 2304 4577 Dico
2330 4534 2463 4595 ergo
2492 4518 2689 4593 primo:
2714 4520 2821 4578 Lex
2848 4533 2995 4576 mere
3024 4518 3260 4576 humana
3287 4535 3397 4578 non
3414 4528 3601 4596 potest

2009 4612 2323 4684 praecipere
2350 4615 2538 4666 actum
2566 4623 2704 4681 pure
2742 4609 3018 4666 internum
3047 4607 3289 4684 directe,
3317 4617 3375 4668 et
3400 4626 3599 4669 secun-

2007 4699 2140 4758 dum
2185 4715 2262 4757 se.
2306 4700 2452 4756 Haec
2494 4699 2724 4756 assertio
2764 4699 2820 4756 in
2860 4713 3027 4755 sensu
3064 4699 3246 4758 statim
3274 4700 3596 4774 explicando

2009 4791 2377 4849 communiter
2418 4794 2639 4862 recepta
2674 4794 2789 4861 est,
2833 4789 3178 4864 sumiturque
3204 4805 3273 4850 ex
3298 4789 3339 4848 Ι.
3368 4796 3591 4866 copita-

2007 4885 2184 4940 tionis
2210 4895 2475 4958 poenam
2509 4895 2679 4938 nemo
2704 4883 2996 4948 meretur,
3030 4879 3087 4937 ff.
3127 4878 3194 4937 de
3220 4884 3430 4953 poenis;
3453 4897 3595 4956 poe·

2006 4989 2152 5031 nam
2165 4983 2183 5040 ;
2216 4971 2407 5046 utique
2446 4969 2693 5043 civilem,
2724 4970 2854 5044 quia
2880 4967 3090 5028 scilicet
3114 4970 3204 5027 ius
3230 4971 3385 5029 civile
3410 4987 3508 5044 per
3535 4989 3597 5032 se

2008 5078 2121 5120 non
2157 5068 2416 5120 versatur
2451 5063 2605 5118 circa
2638 5061 2887 5118 internos
2925 5067 3107 5120 actus.
3146 5061 3283 5120 Nam
3319 5062 3448 5136 quia
3469 5063 3594 5122 illos

2009 5153 2357 5227 naturaliter,
2398 5167 2467 5209 ac
2504 5167 2603 5225 per
2640 5165 2699 5208 se
2736 5151 2928 5224 punire
2964 5167 3072 5210 non
3102 5159 3307 5226 potest,
3336 5152 3457 5212 ideo
3486 5170 3591 5214 nec

2009 5243 2131 5302 illos
2160 5243 2507 5318 praecipere,
2538 5247 2636 5300 aut
2662 5241 2952 5316 prohibere
2973 5249 3184 5318 potest,
3206 5257 3334 5302 nam
3351 5251 3592 5319 potestas
