4325 6267
1695 347 1910 399 CAPUT
1934 349 2152 399 XXXV.

309 484 473 541 sentit
508 482 665 541 divus
688 482 925 541 Thomas
954 495 1155 554 supra,
1186 485 1243 537 et
1267 476 1461 553 reliqui
1490 476 1749 535 doctores
1768 518 1783 548 ,
1814 491 1909 533 ne-

310 591 418 649 que
445 575 593 631 enim
614 573 887 645 existimo,
911 572 1227 630 Caletanum
1249 577 1301 628 et
1320 571 1511 626 Sotum
1532 566 1681 625 aliud
1704 565 1909 624 voluis-

310 680 389 737 se,
415 672 481 721 ut
502 663 809 736 explicabo.
833 664 947 719 Hoc
972 664 1135 719 etiam
1156 660 1397 717 indicant
1417 661 1539 716 iura
1565 658 1757 729 citata,
1779 657 1907 730 quia

308 753 523 826 dicunt,
556 753 715 811 talem
750 751 927 826 legem
956 751 1193 824 obligare
1221 752 1399 821 ipsum
1428 750 1749 823 principem,
1772 760 1906 820 ergo

308 834 525 917 ponudt
560 847 731 916 ipsam
762 844 935 917 legem
974 842 1263 915 positivam
1304 847 1563 914 tanquam
1604 840 1907 913 proximam

306 937 581 993 rationem
615 934 759 992 illius
788 934 1150 1007 obligationis.
1182 934 1296 989 Hoc
1324 933 1483 988 etiam
1514 930 1799 987 confirmat
1823 928 1906 985 di-

308 1042 547 1084 scursus
574 1026 817 1100 proxime
861 1025 1043 1083 sactus
1064 1065 1081 1095 ,
1111 1024 1241 1097 quia
1276 1021 1666 1095 perprincipia
1699 1021 1906 1077 extrin-

308 1133 438 1175 seca
468 1134 579 1175 non
610 1124 794 1189 potest
820 1114 1153 1173 sufficienter
1180 1113 1441 1187 explicari
1468 1111 1603 1168 haec
1624 1110 1899 1184 obligatio.

309 1213 351 1267 Α
383 1209 673 1283 posteriori
699 1208 865 1267 etiam
894 1205 1231 1275 declaratur,
1256 1205 1385 1276 quia
1412 1204 1458 1259 si
1484 1218 1579 1259 rex
1608 1202 1803 1258 statuit
1830 1200 1904 1256 le·

310 1316 435 1372 gem
466 1306 739 1357 taxantem
765 1299 1001 1370 pretium
1031 1297 1111 1353 rei
1137 1335 1153 1365 ,
1182 1302 1242 1351 et
1281 1296 1396 1367 ipse
1436 1299 1498 1349 ut
1532 1293 1779 1364 privatus
1807 1290 1902 1347 do-

308 1392 490 1448 minus
518 1404 635 1447 rem
662 1389 851 1445 carius
894 1384 1121 1456 vendat,
1154 1391 1352 1456 peccat
1386 1389 1583 1441 contra
1620 1381 1899 1453 iustitiam,

308 1488 365 1536 et
394 1486 615 1537 tenetur
653 1477 720 1535 ad
747 1477 1145 1534 restitutionem
1166 1516 1180 1545 ,
1210 1490 1275 1531 ex
1305 1473 1583 1531 communi
1614 1472 1899 1541 sententia,

315 1570 441 1644 quia
468 1569 576 1626 hoc
618 1567 860 1642 postulat
897 1566 1163 1623 naturalis
1204 1565 1479 1637 aequitas3
1512 1578 1645 1637 ergo
1686 1564 1901 1634 signum

310 1666 427 1730 est,
471 1659 617 1716 illam
657 1659 829 1732 legem
871 1658 1158 1731 positivam
1201 1655 1399 1713 habere
1440 1669 1605 1710 suum
1645 1653 1901 1711 effectum

310 1750 470 1807 etiam
494 1755 753 1822 respectu
774 1747 1120 1822 legislatoris.
1136 1745 1412 1817 Similiter,
1436 1746 1479 1800 si
1502 1744 1707 1817 absque
1729 1758 1901 1801 causa

310 1840 569 1897 comedat
596 1855 791 1896 carnes
818 1838 903 1895 die
931 1836 1225 1910 prohibito,
1256 1843 1351 1893 aut
1376 1850 1484 1892 non
1514 1835 1717 1890 ieiunet
1737 1836 1789 1890 in
1813 1833 1899 1890 die

308 1936 625 2002 praecepto,
654 1930 769 2004 agit
793 1936 986 1984 contra
1014 1927 1457 1999 temperantiam,
1484 1940 1616 1998 ergo
1646 1925 1898 1998 obligatio

310 2020 429 2075 eius
460 2019 772 2076 immediate
800 2020 1047 2074 nascitur
1074 2032 1139 2074 ex
1169 2016 1281 2088 ipsa
1310 2016 1430 2089 lege
1456 2015 1899 2088 positiva.Atque

310 2111 435 2169 hinc
466 2108 683 2169 tandem
711 2108 1059 2166 concluditur
1078 2107 1240 2180 ratio,
1266 2122 1434 2180 quam
1458 2105 1718 2163 indicavit
1744 2108 1894 2179 Sot03

310 2217 433 2258 nam
462 2201 547 2259 lex
578 2201 809 2274 positiva
836 2199 1001 2256 habet
1032 2198 1337 2255 efficaciam
1381 2196 1747 2255 constituendi
1784 2212 1897 2253 ma·

310 2296 503 2349 teriam
535 2308 689 2350 suam
720 2291 771 2346 in
800 2290 889 2347 tali
919 2290 1099 2363 specie
1126 2289 1375 2356 virtutis,
1406 2293 1462 2345 et
1488 2286 1894 2361 praescribendi

306 2383 549 2441 medium
583 2382 953 2439 necessarium
1000 2379 1064 2437 ad
1103 2379 1443 2436 honestatem
1482 2376 1607 2435 talis
1646 2378 1889 2451 virtutis3

306 2489 441 2547 ergo
482 2474 657 2545 posita
694 2472 846 2545 lege,
886 2470 1138 2543 princeps
1176 2467 1297 2526 ideo
1338 2476 1601 2525 censetur
1636 2484 1891 2540 peccare,

306 2579 413 2619 non
440 2561 709 2619 servando
732 2561 896 2632 illam,
914 2562 1041 2634 quia
1062 2576 1165 2617 non
1190 2566 1373 2617 servat
1392 2558 1629 2615 medium
1652 2560 1889 2617 virtutis:

304 2660 599 2727 postquam
628 2654 773 2709 enim
803 2651 932 2709 illud
971 2650 1211 2708 medium
1247 2651 1611 2706 constitutum
1655 2657 1769 2721 est,
1799 2652 1893 2708 ab·

307 2743 486 2800 solute
522 2744 577 2798 in
616 2741 708 2798 illo
746 2744 999 2798 consistit
1034 2743 1244 2809 virtus,
1272 2747 1331 2797 et
1370 2739 1489 2796 ideo
1528 2738 1597 2795 ab
1623 2738 1711 2796 illo
1742 2756 1896 2798 rece-

305 2832 433 2889 dere
464 2840 757 2905 peccatum
792 2842 910 2904 est3
952 2847 1084 2905 ergo
1116 2830 1363 2903 proxima
1400 2832 1540 2887 ratio
1574 2830 1721 2887 iliius
1764 2832 1896 2899 obli-¹

304 2924 537 2996 gationis
578 2924 739 2981 etiam
780 2930 1035 2996 respectu
1076 2921 1331 2995 principis
1378 2921 1621 2978 nascitur
1669 2937 1735 2979 ex
1780 2922 1895 2995 ipsa

301 3015 440 3089 lege.

384 3112 437 3163 8.
472 3103 665 3161 Adhuc
692 3118 821 3160 vero
849 3110 1031 3159 manet
1056 3101 1371 3173 difficultas,
1404 3101 1529 3175 quia
1550 3102 1638 3159 lex
1656 3101 1897 3160 humana

304 3213 412 3254 non
442 3194 727 3253 constituit
752 3192 991 3251 medium
1020 3193 1235 3250 virtutis
1266 3191 1515 3249 absolute
1552 3198 1607 3249 et
1642 3193 1895 3265 simplici-

304 3296 391 3345 ter
418 3296 679 3359 respectu
707 3287 969 3356 omnium,
997 3283 1091 3341 sed
1112 3289 1367 3355 respectu
1388 3282 1753 3353 subditorum3
1778 3284 1893 3356 ipse

306 3386 492 3435 autem
516 3378 771 3450 princeps
793 3390 897 3431 non
920 3379 1003 3431 est
1030 3373 1299 3431 subditus.
1325 3372 1675 3445 Respondent
1704 3373 1892 3449 aliqui,

302 3467 477 3541 legem
504 3464 795 3538 dupliciter
822 3463 1159 3520 considerari
1187 3480 1381 3537 posse,
1413 3463 1623 3521 scilicet
1651 3471 1712 3520 ut
1736 3480 1895 3536 prae-

302 3564 552 3631 ceptum,
582 3561 639 3611 et
666 3564 731 3611 ut
756 3553 1003 3627 regulam
1030 3554 1275 3625 rationis,
1306 3559 1363 3610 et
1396 3554 1565 3625 priori
1602 3554 1764 3611 modo
1804 3572 1893 3611 so-

300 3647 413 3703 lum
470 3646 661 3703 referri
712 3642 779 3701 ad
829 3643 1076 3701 subditos
1106 3662 1120 3700 :
1168 3644 1455 3715 posteriori
1504 3651 1686 3701 autem
1728 3644 1892 3702 modo

299 3739 467 3794 etiam
494 3736 675 3808 ipsum
712 3734 1075 3807 legislatorem
1103 3733 1377 3807 obligare,
1409 3734 1535 3807 quia
1570 3740 1783 3791 tenetur
1812 3751 1895 3791 se-

299 3824 547 3883 cundum
576 3824 841 3881 rationem
878 3824 1090 3895 vivere,
1118 3830 1176 3881 et
1212 3832 1609 3897 consequenter
1648 3826 1895 3898 regulam

298 3917 526 3975 rationis
554 3930 793 3973 servare.
824 3914 929 3971 Sed
958 3914 1063 3972 hoc
1091 3930 1198 3970 non
1226 3913 1442 3986 expedit
1463 3922 1732 3987 punctum
1754 3915 1894 3973 diffi-

300 4008 547 4077 cultatis,
578 4008 703 4079 quia
732 4006 922 4079 regula
950 4005 1173 4061 rationis
1205 4003 1405 4077 duplex
1425 4022 1545 4063 esse
1566 4013 1763 4079 potest:
1784 4022 1893 4064 una

298 4097 630 4168 consulens,
661 4112 758 4153 seu
785 4095 1078 4153 ostendens
1115 4095 1314 4170 aliquid
1345 4104 1405 4153 ut
1431 4095 1755 4168 honestum,
1784 4113 1891 4154 non

297 4194 482 4246 tamen
510 4194 573 4245 ut
597 4187 816 4244 omnino
853 4186 1224 4243 necessarium
1262 4183 1329 4241 ad
1361 4186 1733 4248 honestatem,
1764 4193 1821 4244 et
1848 4189 1893 4245 si

298 4281 363 4337 de
394 4280 499 4337 hac
529 4278 717 4351 regula
758 4280 829 4333 sit
865 4293 1068 4345 sermo,
1098 4292 1207 4332 non
1245 4276 1482 4349 suflicit,
1513 4279 1641 4351 quia
1681 4277 1893 4335 discor-

297 4371 429 4429 dare
457 4369 525 4426 ab
556 4368 657 4425 hac
687 4368 873 4441 regula
902 4384 1009 4424 non
1040 4374 1125 4424 est
1159 4374 1485 4439 peccatum3
1520 4370 1597 4423 sic
1627 4370 1769 4425 enim
1798 4370 1897 4425 lai-

298 4477 403 4517 cus
437 4477 489 4517 v.
521 4476 575 4533 g.
608 4475 716 4515 non
746 4466 903 4516 utens
945 4456 1136 4531 regula
1174 4458 1426 4529 rationis,
1460 4474 1569 4531 qua
1610 4458 1895 4532 religiosus

300 4554 379 4609 uti
425 4550 605 4620 debet,
650 4565 758 4607 non
800 4555 1021 4621 peccat,
1066 4548 1314 4622 quamvis
1354 4548 1489 4605 bene
1531 4549 1762 4622 faceret,
1807 4549 1893 4605 illa

252 4679 268 4694 .
300 4641 529 4699 utendo.
550 4640 668 4697 Alia
696 4646 782 4696 est
808 4639 999 4712 regula
1026 4639 1248 4695 rationis
1274 4641 1589 4696 necessario
1620 4640 1897 4713 sequenda

298 4732 365 4789 ad
400 4733 765 4803 honestatem,
796 4739 853 4789 et
878 4729 1009 4786 haec
1052 4745 1159 4786 non
1199 4738 1487 4801 separatur
1516 4746 1547 4786 a
1576 4737 1893 4805 praecepto,

212 4862 223 4875 .
298 4824 427 4895 quia
453 4836 682 4877 necesse
708 4830 830 4893 est,
862 4827 925 4876 ut
952 4819 1113 4877 abeat
1138 4820 1247 4875 vim
1276 4818 1585 4899 obligandi,
1615 4820 1750 4877 alias
1786 4838 1893 4878 non

297 4914 523 4972 inducet
544 4913 946 4969 necessitatem.
972 4910 1024 4968 Si
1050 4924 1179 4983 ergo
1206 4909 1290 4967 lex
1310 4926 1418 4965 non
1442 4910 1609 4967 habet
1630 4912 1893 4967 rationem

296 5002 580 5075 praecepti
609 5009 861 5073 respectu
892 4999 1237 5073 legislatoris,
1268 4999 1335 5056 ad
1364 5015 1642 5056 summum
1671 5001 1778 5057 erit
1806 5018 1893 5059 re·

296 5094 429 5167 gula
470 5090 789 5160 consulens,
822 5096 879 5146 et
916 5090 988 5146 ita
1028 5105 1136 5145 non
1178 5088 1427 5160 peccabit
1466 5088 1742 5161 legislator
1779 5108 1893 5148 non

298 5199 535 5258 sequens
564 5182 743 5241 illam:
778 5180 821 5237 si
849 5186 1029 5237 autem
1056 5186 1142 5236 est
1178 5180 1365 5253 regula
1405 5180 1745 5255 necessaria,
1776 5199 1893 5240 non

298 5281 481 5348 potest
509 5274 577 5332 ab
604 5272 697 5331 illa
722 5270 939 5331 excludi
966 5272 1047 5329 vis
1075 5286 1176 5330 seu
1201 5272 1343 5329 ratio
1370 5270 1669 5346 praecepti.

3351 322 3470 389 291

2052 480 2106 534 9.
2137 477 2339 534 Dicunt
2363 492 2496 551 ergo
2524 476 2643 550 alii,
2670 476 3030 552 legislatorem
3056 472 3282 549 obligari
3309 487 3409 529 sua
3436 470 3554 543 lege

1972 582 2039 623 ex
2067 566 2346 626 voluntate
2383 570 2552 626 totius
2577 568 2940 642 reipublicae,
2969 574 3023 625 et
3047 584 3113 625 ex
3144 564 3365 623 virtuali
3393 568 3554 635 pacto

1970 656 2109 714 inter
2136 660 2439 733 principem
2467 666 2522 717 et
2547 659 2974 732 rempublicam3
3007 674 3130 715 nam
3155 672 3218 714 ea
3246 653 3558 713 conditione

1972 750 2188 822 accepit
2212 756 2538 822 potestatem
2565 750 2953 824 legislativam,
2987 757 3050 806 ut
3088 750 3202 821 ipse
3228 750 3392 804 etiam
3421 745 3557 803 obli-

1970 847 2196 912 garetur
2234 838 2446 914 legibus
2487 857 2520 898 a
2559 856 2617 898 se
2656 840 2804 898 latis:
2837 847 2892 897 et
2929 841 3002 897 ita
3041 838 3302 897 indirecte
3341 835 3558 912 quidem

1970 931 2247 1005 obligatur
2289 948 2320 988 a
2359 934 2562 1006 seipso,
2595 938 2864 1005 quatenus
2905 929 3194 1005 obligando
3235 929 3367 986 alios
3408 944 3561 984 com-

1968 1021 2253 1093 prehendit
2279 1038 2366 1079 se:
2398 1022 2605 1079 directe
2633 1030 2816 1079 autem
2840 1028 3094 1079 censetur
3117 1022 3316 1078 virtute
3337 1018 3561 1093 obligari

1968 1110 2037 1167 ab
2058 1113 2177 1184 ipsa
2199 1114 2615 1186 communitate,
2638 1128 2670 1168 a
2692 1128 2804 1186 qua
2824 1111 2985 1170 babet
3011 1115 3331 1186 potestatem
3359 1110 3464 1167 sub
3489 1124 3557 1166 ea

1967 1202 2300 1261 conditione.
2319 1205 2464 1260 Haec
2487 1206 2773 1275 responsio
2794 1212 2880 1262 est
2902 1205 3214 1277 probabilis,
3241 1203 3336 1260 sed
3363 1202 3436 1259 illi
3463 1201 3556 1258 ob-
3609 1238 3622 1245 -

1968 1300 2119 1351 stant
2142 1293 2274 1351 duo.
2296 1296 2541 1351 Primum
2569 1302 2678 1367 est,
2701 1296 2828 1367 quia
2853 1295 2984 1353 illud
3011 1312 3184 1371 genus
3213 1296 3358 1369 pacti
3378 1302 3561 1353 osten·-

1968 1384 2023 1441 di
2045 1402 2153 1442 non
2176 1392 2379 1458 potest,
2407 1401 2584 1459 neque
2614 1394 2702 1443 est
2719 1388 3126 1459 necessarium,
3150 1399 3274 1444 nam
3294 1387 3420 1443 licet
3447 1402 3561 1443 res-

1968 1476 2188 1548 publica
2217 1475 2409 1549 vellet,
2439 1482 2504 1533 ut
2540 1478 2625 1534 lex
2654 1493 2762 1533 non
2793 1477 3061 1550 obligaret
3100 1477 3486 1552 legislatorem,
3519 1481 3564 1537 si

1967 1568 2177 1641 absque
2203 1583 2373 1625 causa
2399 1566 2453 1624 id
2487 1566 2680 1638 vellet,
2710 1566 2844 1624 nihil
2881 1568 3142 1625 efficeret.
3181 1567 3332 1626 Unde
3371 1568 3557 1643 etiam,

1967 1658 2013 1711 si
2053 1657 2382 1730 fingeremus
2423 1672 2455 1712 a
2495 1658 2762 1729 principio
2809 1658 3169 1715 intervenisse
3221 1660 3560 1716 contrarium

1966 1754 2192 1819 pactum
2230 1749 2370 1804 inter
2411 1746 2806 1819 rempublicam
2846 1754 2902 1819 et
2940 1747 3259 1821 principem,
3301 1750 3560 1805 nimirum

1966 1837 2115 1911 quod
2144 1840 2260 1909 ipse
2289 1854 2399 1894 non
2427 1844 2573 1895 esset
2599 1837 2920 1910 obligandus
2951 1840 3065 1895 suis
3095 1838 3336 1911 legibus,
3365 1837 3554 1894 nihilo-

1968 1928 2151 1984 minus
2179 1926 2535 2000 obligaretur,
2568 1928 2698 2000 quia
2727 1934 2951 2000 pactum
2981 1928 3112 1985 illud
3140 1934 3285 1986 esset
3311 1929 3560 2002 iniquum

1966 2024 2021 2074 et
2048 2026 2243 2074 contra
2272 2017 2477 2074 bonum
2505 2032 2822 2089 commune,
2851 2024 2909 2074 et
2927 2016 3049 2075 ideo
3069 2018 3271 2077 nullius
3291 2026 3440 2075 esset
3465 2035 3558 2075 va-

1964 2107 2115 2165 loris.
2147 2107 2464 2167 Secundum
2491 2114 2600 2179 est,
2631 2108 2762 2181 quia
2779 2107 2872 2165 illa
2893 2110 3034 2165 ratio
3055 2125 3163 2167 non
3185 2109 3348 2168 habet
3369 2110 3556 2168 locum

1964 2200 2016 2255 in
2044 2206 2312 2271 potestate
2339 2198 2734 2270 ecclesiastica,
2766 2198 2896 2273 quia
2919 2215 3028 2256 non
3051 2208 3232 2257 manat
3251 2218 3282 2258 a
3303 2218 3554 2259 commu-

1963 2288 2148 2362 nitate,
2181 2289 2278 2347 sed
2306 2305 2337 2345 a
2365 2289 2604 2360 Christo,
2641 2297 2696 2346 et
2725 2296 2903 2346 tamen
2932 2290 3159 2348 assertio
3185 2292 3348 2349 etiam
3383 2292 3436 2349 in
3463 2308 3558 2350 ec-

1962 2377 2290 2436 clesiasticis
2320 2378 2716 2452 legislatoribus
2745 2394 2876 2436 vera
2913 2387 3014 2437 est.
3049 2380 3204 2448 Quod
3247 2382 3290 2438 si
3317 2384 3440 2455 quis
3467 2399 3560 2440 re-

1962 2469 2248 2540 spondeat,
2275 2470 2560 2528 Christum
2586 2468 2797 2526 dedisse
2827 2477 3152 2551 potestatem
3183 2472 3286 2529 sub
3307 2472 3398 2529 iila
3421 2490 3554 2531 con·

1960 2558 2184 2632 ditione,
2216 2560 2504 2617 ostendere
2533 2566 2782 2633 oportet,
2813 2558 2956 2618 unde
2985 2560 3040 2617 id
3069 2561 3392 2635 colligatur,
3423 2566 3554 2637 quia

1960 2650 2074 2722 ipse
2102 2650 2249 2708 illam
2277 2665 2385 2708 non
2426 2649 2725 2724 expressit,
2755 2665 2857 2707 nec
2896 2666 3193 2722 possumus
3231 2650 3447 2725 dicere,
3475 2654 3550 2711 ibi

1961 2747 2186 2812 pactum
2213 2741 2587 2798 intervenisse.

2052 2834 2139 2889 to.
2171 2831 2493 2903 Respondeo
2531 2832 2731 2906 igitur,
2760 2832 2967 2901 Deum,
2998 2832 3092 2907 qui
3132 2838 3218 2889 est
3247 2832 3561 2907 principalis

1961 2927 2161 2978 auctor
2201 2919 2368 2977 huius
2410 2926 2698 2993 potestatis
2718 2962 2732 2989 ‚
2780 2923 2927 2981 illam
2955 2923 3204 2981 conferre
3232 2923 3336 2981 sub
3361 2925 3549 2981 condi-

1962 3012 2109 3067 tione
2150 3010 2432 3085 praedicta
2476 3019 2535 3069 et
2576 3030 2684 3069 non
2724 2999 2914 3086 aliter,
2944 3020 3001 3071 et
3028 3014 3130 3070 hoc
3163 3014 3336 3087 ipsum
3365 3014 3553 3090 colligi

1964 3114 2029 3157 ex
2063 3100 2295 3174 ipsamet
2320 3100 2526 3158 ratione
2556 3103 2816 3175 naturali,
2851 3102 3057 3177 absque
3099 3103 3202 3161 alia
3227 3105 3552 3163 revelatione

1961 3188 2047 3245 vel
2076 3197 2242 3263 pacto
2271 3190 2530 3249 humano.
2562 3192 2886 3251 Declaratur
2906 3195 2958 3251 in
2979 3195 3126 3253 hunc
3151 3194 3394 3268 modum3
3423 3212 3548 3254 nam

1962 3281 2136 3337 omnis
2163 3287 2404 3353 potestas
2431 3281 2727 3355 legislativa
2753 3292 2836 3343 est
2862 3300 2894 3341 a
2915 3287 3027 3341 Deo
3049 3284 3440 3360 principaliter,
3464 3286 3550 3343 vel

1962 3368 2270 3428 immediate
2296 3414 2312 3445 ,
2359 3379 2422 3433 ut
2459 3374 2512 3429 in
2552 3381 2819 3446 potestate
2857 3376 3225 3433 ecclesiastica
3253 3418 3268 3445 ,
3311 3376 3394 3433 vel
3435 3394 3548 3435 me·

1962 3460 2141 3519 diante
2181 3462 2493 3537 republica,
2517 3471 2578 3521 ut
2617 3466 2672 3521 in
2713 3465 2876 3523 civili.
2908 3464 3062 3523 Unde
3098 3465 3230 3523 licet
3257 3466 3419 3523 homo
3448 3468 3547 3524 im-

1964 3552 2194 3609 mediate
2222 3554 2398 3628 legem
2427 3554 2596 3628 serat,
2629 3555 2680 3612 in
2706 3572 2771 3613 eo
2803 3564 2932 3614 actu
2961 3572 3017 3613 se
3045 3559 3188 3631 gerit
3217 3564 3278 3615 ut
3303 3557 3546 3616 minister

1960 3647 2016 3698 et
2043 3641 2383 3715 dispensator
2409 3646 2522 3706 Dei.
2555 3654 2620 3703 ut
2645 3661 2711 3703 ex
2738 3645 2905 3703 Paulo
2925 3649 2980 3705 in
3002 3648 3375 3721 superioribus
3394 3655 3546 3707 attu-

1962 3731 2155 3805 limus3
2185 3750 2318 3807 ergo
2364 3735 2594 3792 intentio
2635 3742 2690 3793 et
2729 3737 2980 3794 voluntas
3019 3738 3280 3811 principis
3315 3738 3548 3797 serendis

1961 3822 2136 3898 legem
2175 3822 2336 3882 debet
2373 3825 2704 3883 conformari
2745 3828 3022 3885 intentioni
3061 3831 3152 3885 Dei
3179 3828 3361 3885 dantis
3391 3838 3548 3900 pote-

1962 3921 2179 3989 statem3
2207 3916 2317 3972 imo
2343 3915 2593 3974 efficacia
2615 3916 2747 3989 legis
2769 3917 2837 3973 ad
2856 3912 3204 3991 obligandum
3223 3919 3396 3992 magis
3418 3936 3547 3991 pen-

1960 4004 2055 4062 det
2078 4021 2146 4062 ex
2175 4006 2468 4063 intentione
2497 4007 2612 4078 Dei,
2637 4023 2799 4081 quam
2823 4009 3170 4080 particularis
3196 4008 3542 4082 legislatoris.

1964 4098 2105 4154 Deus
2135 4103 2320 4153 autem
2347 4112 2455 4154 non
2484 4098 2662 4157 solum
2689 4106 2755 4155 ut
2781 4104 2978 4155 auctor
3004 4099 3230 4173 gratiae,
3263 4101 3359 4158 sed
3385 4101 3546 4159 etiam

1963 4194 2028 4244 ut
2053 4195 2250 4246 auctor
2279 4194 2504 4245 naturae
2533 4188 2682 4260 vult,
2711 4188 3071 4262 legislatorem
3100 4188 3401 4247 humanum
3429 4207 3540 4248 non

1962 4277 2162 4335 habere
2189 4282 2510 4351 potestatem
2539 4278 2605 4334 ad
2634 4277 2878 4336 serendas
2904 4279 3084 4353 leges,
3117 4280 3216 4336 nisi
3259 4296 3392 4337 cum
3422 4282 3538 4339 uni-

1960 4368 2159 4425 versali
2188 4367 2510 4441 obligatione
2539 4369 2782 4441 illarum,
2816 4385 2925 4443 qua
2953 4375 3120 4426 totam
3147 4370 3542 4442 rempublicam

1962 4464 2027 4515 ut
2053 4463 2394 4515 constantem
2422 4472 2490 4515 ex
2517 4474 2750 4531 corpore
2787 4466 2845 4515 et
2883 4460 3056 4532 capite
3093 4460 3539 4537 comprehendat;

1960 4563 2115 4621 ergo.
2150 4548 2420 4604 Probatur
2446 4548 2620 4605 minor
2649 4564 2714 4605 ex
2744 4550 2861 4620 ipsa
2881 4549 3206 4607 necessitate
3231 4554 3540 4608 communis

1962 4638 2119 4711 boni,
2150 4636 2216 4694 ad
2245 4637 2394 4712 quod
2423 4637 2557 4695 haec
2589 4645 2828 4710 potestas
2867 4638 3180 4712 ordinatur,
3211 4639 3375 4698 datur
3400 4643 3544 4698 enim

1962 4730 2014 4786 in
2052 4728 2510 4803 aedificationem,
2543 4744 2652 4785 non
2691 4730 2746 4785 in
2787 4728 3236 4787 destructionem.
3269 4731 3421 4799 Quod
3449 4746 3546 4790 au-

1961 4826 2075 4877 tem
2101 4819 2171 4876 ad
2199 4819 2510 4877 huiusmodi
2538 4819 2744 4876 bonum
2767 4836 3056 4878 commune
3079 4823 3368 4896 pertineat,
3391 4830 3541 4894 pote-

1961 4917 2157 4969 statem
2186 4910 2326 4968 hanc
2355 4911 2429 4968 ita
2456 4925 2577 4968 esse
2607 4910 2790 4967 datam
2817 4912 3079 4984 principi,
3109 4919 3176 4969 ut
3215 4911 3343 4969 licet
3369 4913 3422 4968 in
3449 4929 3542 4970 vo·

1959 5001 2169 5058 luntate
2199 5001 2315 5058 eius
2342 5000 2429 5074 iit,
2462 5000 2635 5074 legem
2667 4999 2842 5073 serre3
2875 5004 2917 5057 si
2951 5008 3128 5059 tamen
3157 5001 3394 5076 feratur,
3424 5004 3544 5060 uni-

1960 5091 2186 5148 versalis
2216 5092 2316 5161 sit,
2348 5095 2402 5146 et
2429 5092 2609 5162 ipsum
2633 5089 3093 5166 comprehendat,
3126 5090 3406 5149 declarant
3429 5092 3543 5150 sus-

1958 5180 2206 5239 ficienter
2233 5181 2546 5237 testimonia
2565 5180 2903 5254 scripturae,
2916 5188 2973 5239 et
2990 5182 3224 5240 rationes
3247 5183 3538 5259 adductae,

1966 5278 2027 5331 et
2062 5272 2371 5331 communis
2411 5286 2716 5331 consensus
2755 5288 2864 5330 non
2905 5274 3084 5343 solum
3123 5280 3347 5348 patrum
3383 5317 3400 5351 ,
3444 5274 3540 5333 sed
