4325 6267
1767 217 1786 250 ἢ

823 300 947 364 276

739 459 831 500 mo
859 445 930 500 sit
957 441 1026 498 de
1063 441 1344 499 coactione
1373 458 1468 513 per
1499 456 1759 513 poenam,
1788 446 1874 496 est
1909 439 2086 512 opinio
2116 437 2333 494 iurista-

737 551 883 602 rum,
911 549 1072 606 posse
1110 532 1410 604 principem
1441 531 1633 601 punire
1662 529 1963 599 subditum,
1987 527 2078 601 qui
2105 526 2335 599 deliquit

736 631 886 680 extra
914 623 1246 680 territorium
1283 637 1452 693 poena
1474 621 1728 693 imposita
1756 635 1853 691 per
1880 618 2052 692 legem
2075 631 2255 686 suam,
2278 621 2336 671 et

736 711 899 768 latam
929 727 1029 783 pro
1071 727 1173 767 suo
1205 713 1494 780 territorio,
1522 708 1741 782 quando
1769 723 1942 780 poena
1969 722 2078 762 nou
2105 711 2190 761 est
2218 705 2333 775 ipso

735 802 862 858 iure
885 800 1152 872 imposita,
1191 799 1286 856 sed
1318 798 1661 872 imponenda,
1687 805 1742 854 et
1771 797 2032 854 delictum
2053 801 2203 851 extra
2228 799 2335 849 ter-

735 892 983 948 ritorium
1021 891 1404 956 commissum,
1435 891 1578 944 intra
1607 885 1739 944 illud
1769 891 1955 958 postea
1983 885 2227 956 punitur.
2256 883 2335 939 lta

735 979 899 1038 docet
924 980 1107 1035 Abbas
1139 979 1190 1034 in
1219 997 1271 1034 c.
1315 977 1455 1035 lade
1486 977 1742 1048 raptorib.
1776 991 1929 1032 num.
1967 981 2020 1042 8,
2047 980 2103 1029 et
2124 989 2185 1028 re
2208 986 2337 1027 vera

738 1069 844 1127 hoc
873 1069 1050 1126 solum
1085 1067 1317 1125 intendit
1335 1067 1586 1124 Bartolus
1611 1067 1730 1122 loco
1753 1068 1941 1133 citato,
1967 1065 2012 1119 si
2031 1069 2237 1120 attente
2260 1059 2335 1117 le-

734 1167 919 1232 gatur.
951 1159 1019 1214 Et
1047 1158 1183 1214 ratio
1209 1165 1329 1228 est,
1360 1156 1488 1229 quia
1529 1161 1660 1213 tunc
1703 1169 1878 1227 poena
1903 1169 2010 1209 non
2038 1152 2333 1224 imponitur

735 1255 890 1306 extra
914 1247 1274 1318 territorium,
1324 1247 1418 1302 sed
1457 1246 1596 1302 intra
1637 1244 1792 1316 illud,
1835 1244 1962 1317 quia
2003 1241 2333 1314 supponitur

735 1353 833 1410 per
860 1337 1131 1400 hominem
1166 1335 1501 1408 imponenda3
1522 1342 1577 1392 et
1597 1335 1807 1391 iudices
1829 1329 1945 1390 non‘
1958 1333 2213 1404 puniunt,
2228 1345 2329 1388 nec

737 1427 978 1482 inierunt
1017 1427 1118 1480 vim
1150 1425 1452 1482 forensibus
1491 1431 1645 1480 extra
1685 1423 2020 1479 territorium
2059 1421 2333 1478 existenti·

735 1517 861 1584 bus,
891 1515 984 1573 sed
1023 1515 1244 1590 quando
1271 1515 1338 1572 ad
1367 1507 1500 1570 illud
1527 1512 1773 1570 redeunt:
1793 1520 1847 1569 et
1875 1513 1950 1569 ita
1981 1513 2084 1568 hoc
2111 1527 2217 1568 non
2246 1526 2333 1568 re·

738 1613 947 1678 pugnat
997 1605 1150 1662 dicto
1193 1621 1318 1676 cap.
1349 1608 1406 1674 2,
1439 1610 1554 1660 tum
1580 1603 1708 1676 quia
1751 1603 1993 1674 loquitur
2029 1601 2096 1657 de
2123 1606 2332 1656 statuto

733 1695 946 1752 serente
975 1696 1296 1752 sententiam
1326 1708 1625 1764 censurae,
1670 1708 1767 1763 per
1804 1707 1970 1765 quam
2011 1689 2332 1746 sententiam

738 1800 972 1842 censura
1007 1785 1124 1856 ipso
1151 1785 1266 1840 iure
1295 1782 1492 1852 fertur,
1525 1789 1642 1839 tum
1667 1783 1855 1854 etiam,
1877 1782 2008 1854 quia
2029 1781 2134 1836 tale
2158 1787 2332 1836 statu·-

737 1881 856 1931 tum
887 1875 1201 1930 necessario
1228 1873 1508 1944 supponit,
1537 1877 1594 1928 et
1633 1872 1865 1944 requirit
1904 1871 2182 1942 propriam
2222 1870 2332 1925 vim

738 1963 1008 2036 obligandi
1055 1963 1106 2019 in
1147 1962 1510 2030 conscientia,
1554 1967 1614 2017 ut
1653 1961 1829 2032 possit
1864 1967 2329 2032 transgressorem

701 2093 708 2100 .
739 2051 966 2108 reddere
995 2058 1385 2108 contumacem
1419 2057 1476 2107 et
1517 2065 1778 2122 capacem
1820 2063 2107 2104 censurae.
2149 2049 2222 2103 Et
2260 2046 2332 2103 ob

739 2140 982 2198 eamdem
1007 2157 1231 2198 causam
1255 2157 1364 2197 non
1386 2139 1565 2197 obstat
1588 2137 1898 2210 praedictae
1920 2136 2222 2193 limitationi
2248 2151 2334 2190 ra-

741 2231 814 2286 tio
840 2229 982 2287 illius
1011 2246 1133 2301 cap.
1165 2235 1196 2288 2
1217 2269 1232 2300 ,
1263 2229 1389 2302 quia
1415 2245 1511 2301 per
1543 2229 1706 2284 talem
1747 2227 1922 2299 legem
1962 2226 2331 2298 designantem

737 2335 966 2392 poenam
988 2320 1461 2388 serendam,etiam
1483 2335 1582 2390 pro
1605 2318 1804 2374 delicto
1824 2324 1975 2374 extra
1994 2317 2332 2372 territorium

739 2410 1031 2466 commisso
1053 2451 1070 2482 ,
1097 2416 1154 2466 et
1182 2425 1275 2480 per
1303 2409 1678 2466 executionem
1705 2409 1846 2480 eius,
1879 2421 1984 2462 non
2013 2405 2218 2462 dicitur
2247 2405 2331 2461 ius

741 2505 898 2555 extra
925 2500 1280 2554 territorium.

823 2589 890 2644 Et
918 2588 1045 2644 hinc
1066 2591 1229 2644 etiam
1248 2595 1470 2644 constat
1488 2589 1628 2664 ratio
1653 2587 2138 2666 differentiaeinter
2159 2585 2335 2658 legem

745 2679 1009 2734 serentem
1035 2662 1261 2749 poenam
1292 2679 1412 2750 ipso
1454 2676 1630 2744 racto,
1663 2682 1758 2733 aut
1796 2677 1979 2733 solum
2005 2681 2333 2732 statuentem

746 2767 1045 2833 serendam,
1077 2768 1204 2839 quia
1232 2769 1382 2838 prior
1409 2766 1495 2825 lex
1521 2766 1683 2824 debet
1707 2765 1997 2824 extendere
2035 2781 2191 2822 suam
2220 2765 2337 2820 effi-

745 2858 956 2914 caciam
998 2858 1183 2930 quoad
1225 2857 1630 2930 obligationem,
1674 2864 1729 2912 et
1763 2858 2140 2914 executionem
2183 2863 2335 2913 extra

747 2948 1109 3016 territorium,
1151 2948 1281 3019 quia
1319 2961 1415 3018 per
1456 2963 1514 3002 se
1553 2947 1722 3018 ipsam
1763 2947 2054 3020 exequitur
2079 2961 2329 3018 poenam3

745 3034 896 3109 quod
923 3052 1028 3091 non
1063 3041 1246 3107 potest
1272 3034 1428 3092 aliter
1453 3036 1654 3106 facere,
1698 3037 1799 3091 nisi
1840 3034 2124 3109 obligando
2165 3034 2334 3091 delin-

745 3133 1024 3200 quentem,
1069 3133 1133 3183 ut
1173 3126 1225 3181 in
1267 3141 1324 3182 se
1366 3141 1591 3196 poenam
1629 3131 1931 3196 exequatur
1971 3124 2115 3197 quod
2153 3123 2336 3180 facere

747 3233 854 3274 non
889 3222 1088 3288 potest,
1123 3221 1184 3272 ut
1209 3215 1495 3287 probatum
1525 3223 1632 3286 est3
1655 3217 1782 3286 quia
1805 3215 1848 3270 si
1871 3230 1978 3271 non
2003 3220 2179 3286 potest
2204 3214 2337 3271 obli-

745 3321 878 3380 gare
905 3307 973 3363 ad
1001 3313 1207 3378 actum,
1233 3305 1316 3362 vel
1341 3291 1626 3376 probibere
1647 3305 1820 3373 illum,
1845 3303 2018 3360 multo
2039 3306 2221 3361 minus
2244 3320 2335 3376 po-

751 3397 882 3453 terit
909 3394 1148 3468 obligare
1177 3394 1243 3451 ad
1272 3396 1648 3452 executionem
1685 3409 1907 3466 poenae.
1952 3395 2022 3450 At
2057 3409 2185 3449 vero
2226 3393 2333 3465 lex,

749 3500 886 3558 quae
914 3485 1138 3556 imponit
1165 3499 1392 3555 poenam
1425 3480 1697 3539 serendam
1727 3499 1822 3554 per
1849 3482 2110 3552 iudicem,
2143 3499 2240 3554 per
2278 3497 2334 3537 se

752 3575 926 3647 magis
958 3573 1164 3647 obligat
1190 3572 1446 3641 iudicem,
1477 3579 1544 3628 ut
1569 3572 1876 3629 secundum
1915 3573 2084 3642 ipsam
2112 3571 2333 3643 iudicet,

750 3678 916 3736 quam
945 3678 1122 3718 reum:
1157 3661 1318 3718 iudex
1345 3666 1530 3718 autem
1569 3663 1712 3716 intra
1749 3661 2088 3725 territorium
2129 3661 2330 3718 existit.

749 3755 924 3810 Dices:
941 3753 1105 3808 etiam
1133 3751 1384 3809 subditus
1406 3744 1674 3824 obligatur
1697 3751 1744 3806 in
1767 3752 2098 3807 conscientia
2121 3750 2189 3805 ad
2212 3767 2334 3807 sus-

679 3869 684 3876 ·
750 3843 1022 3901 tinendam
1058 3840 1218 3899 talem
1258 3857 1506 3912 poenam.
1539 3841 1896 3912 Respondeo,
1927 3839 2207 3897 subditum
2244 3839 2335 3896 de-

746 3933 1075 4006 linquentem
1105 3931 1324 4004 proprie
1343 3946 1448 3988 non
1473 3930 1696 4003 obligari
1721 3931 1981 4001 perillam
2005 3931 2198 4003 legem,
2222 3931 2324 3984 nisi

750 4029 873 4094 post
900 4021 1245 4090 sententiam,
1278 4019 1496 4092 quando
1525 4020 1628 4075 iam
1659 4020 1708 4074 in
1739 4020 2020 4075 territorio
2057 4035 2178 4076 esse
2206 4034 2335 4091 sup-

750 4113 992 4183 ponitur.
1022 4109 1176 4168 Unde
1209 4115 1360 4165 recte
1389 4108 1614 4166 adnotat
1637 4108 1933 4164 Panormit.
1965 4111 2335 4165 necessarium

749 4215 892 4272 esse,
921 4206 986 4256 ut
1011 4197 1269 4256 delictum
1301 4197 1454 4268 illud,
1487 4197 1636 4270 quod
1667 4213 1762 4270 per
1791 4195 1956 4254 talem
1985 4196 2158 4269 legem
2182 4198 2337 4268 puni-

749 4298 866 4362 tur,
895 4304 999 4343 non
1027 4287 1100 4344 sit
1127 4293 1336 4343 tantum
1381 4286 1617 4358 malum,
1656 4289 1782 4359 quia
1818 4285 1906 4343 illa
1945 4286 2064 4361 lege
2101 4287 2335 4360 probibi-

747 4386 892 4451 tum,
921 4379 1017 4435 sed
1045 4383 1108 4434 ut
1133 4383 1475 4450 supponatur
1503 4393 1599 4448 per
1622 4393 1680 4434 se
1703 4377 1931 4446 malum,
1955 4383 2051 4433 aut
2071 4377 2201 4433 alias
2223 4377 2336 4434 sus-

747 4471 989 4527 ficienter
1017 4468 1370 4540 prohibitum,
1398 4469 1530 4541 quia
1557 4467 1641 4523 lex
1668 4467 1757 4522 illa
1785 4483 1889 4523 non
1913 4474 2130 4537 poterat
2152 4467 2337 4540 prohi-

749 4560 877 4617 bere
903 4559 1034 4616 illud
1065 4575 1204 4631 opus
1235 4565 1388 4614 extra
1415 4557 1770 4628 territorium,
1801 4564 1867 4613 ut
1893 4555 2183 4628 probatum
2225 4563 2329 4629 est,

745 4666 878 4723 ergo
905 4665 1005 4706 nec
1037 4654 1214 4720 potest
1241 4662 1339 4720 pro
1365 4645 1456 4702 illo
1483 4661 1711 4718 poenam
1740 4646 2047 4719 designare,
2080 4647 2182 4702 nisi
2203 4645 2333 4702 alias

743 4757 886 4822 opus
909 4744 1246 4812 supponatur
1271 4737 1497 4809 malum,
1515 4736 1599 4792 vel
1624 4735 1958 4793 sufficienter
1979 4734 2327 4806 prohibitum.

825 4836 879 4888 5.
910 4825 990 4886 Ad
1018 4829 1280 4884 rationem
1309 4826 1589 4883 dubitandi
1615 4825 1670 4880 in
1698 4825 1958 4897 principio
1990 4825 2218 4895 positam
2250 4839 2336 4881 re-

746 4918 1046 5000 spondetur
1071 4933 1139 4974 ex
1163 4916 1343 4986 dictis,
1373 4915 1656 4972 subditum
1682 4921 1838 4971 extra
1861 4914 2194 4970 territorium
2218 4915 2333 4970 exi·

744 5017 996 5080 stentem,
1015 5008 1143 5065 licet
1169 5022 1276 5061 non
1304 5006 1514 5061 amittat
1541 5005 1932 5060 subiectionem
1961 5003 2010 5058 in
2041 5002 2252 5074 habitu,
2272 5011 2333 5060 ut

743 5102 823 5156 sic
850 5099 1049 5171 dicam,
1078 5114 1175 5154 seu
1205 5095 1516 5165 radicalem,
1549 5097 1796 5152 amittere
1825 5100 2002 5150 tamen
2026 5095 2324 5168 actualem,

749 5203 846 5247 seu
873 5189 992 5247 eius
1012 5204 1174 5245 usum
1197 5188 1249 5243 in
1274 5185 1463 5244 ordine
1482 5186 1550 5243 ad
1573 5185 1722 5260 leges
1744 5185 2026 5268 territorii,
2045 5185 2172 5258 quia
2194 5201 2328 5245 con-

2192 312 2392 362 LIBER
2420 313 2527 362 111.

2402 437 2654 495 stituitur
2682 444 2835 495 extra
2866 440 3124 495 terminos
3142 453 3352 496 earum.
3389 441 3445 495 ln
3470 441 3883 496 confirmatione
3901 456 4013 498 au-

2404 533 2512 583 tem
2560 527 2735 598 prima
2774 530 2978 600 petitur
3020 527 3315 585 difficultas
3355 527 3423 584 de
3462 530 3811 604 intelligentia
3852 529 4011 586 illius

2402 630 2527 686 cap.
2562 619 2618 673 Α
2643 615 2825 678 nobis,
2859 631 3001 689 quae
3028 617 3095 673 ad
3127 625 3394 689 punctum
3418 633 3651 690 sequens
3677 621 3847 692 magis
3880 635 4017 690 pcr-

2403 703 2557 772 tinet,
2588 712 2642 760 et
2670 704 2793 762 ideo
2821 706 3061 762 breviter
3085 706 3245 778 dico,
3278 707 3347 763 ibi
3384 723 3493 764 non
3532 723 3654 766 esse
3694 725 4017 766 sermonem

2404 793 2471 850 de
2498 800 2745 866 statuto,
2776 793 2859 850 vel
2888 794 3028 868 lege,
3060 795 3155 852 sed
3183 793 3249 852 de
3286 797 3554 854 sententia
3586 798 3853 870 generali,
3898 813 4011 854 seu

2404 891 2697 956 praecepto
2729 885 2997 956 personali
3027 901 3091 942 ac
3118 887 3421 958 temporali:
3455 903 3598 961 quae
3628 895 3811 944 autem
3850 887 4013 944 diffe-

2402 975 2571 1030 rentia
2603 974 2729 1031 hinc
2758 983 3051 1047 nascatur,
3082 984 3137 1033 et
3162 991 3303 1049 quae
3346 977 3416 1035 sit
3459 977 3591 1034 ratio
3632 975 3778 1047 eius,
3818 976 4007 1034 dicam

2403 1064 2607 1120 statim.

2476 1155 2706 1223 Propter
2735 1153 3031 1212 secundam
3060 1155 3530 1212 confirmationem
3556 1155 3761 1212 addunt
3798 1157 3999 1215 docto-

2400 1257 2489 1298 res
2516 1241 2861 1300 limitationes
2886 1244 3097 1317 aliquas
3127 1245 3416 1302 assertioni
3446 1246 3682 1316 positae,
3727 1253 3787 1302 ut
3811 1246 4005 1304 videre

2400 1329 2530 1387 licet
2556 1333 2609 1386 in
2639 1332 2852 1389 silvest.
2886 1347 3075 1404 supra,
3106 1341 3164 1390 et
3190 1333 3397 1406 Angelo
3438 1335 3604 1391 verbo
3646 1351 3995 1393 excommu-

2398 1423 2639 1488 nicatio,
2682 1425 2731 1494 1,
2760 1437 2816 1477 ιι.
2858 1426 2945 1494 10,
2975 1424 3069 1494 qui
3098 1423 3164 1479 ad
3194 1422 3299 1479 hoc
3330 1425 3660 1497 principium
3689 1425 3806 1481 illas
3828 1425 4005 1482 redu-

2402 1517 2560 1580 cunt,
2593 1519 2657 1567 ut
2684 1517 2839 1568 extra
2868 1513 3208 1569 territorium
3240 1527 3345 1568 non
3370 1514 3566 1587 ligetur
3594 1517 3740 1588 quis,
3771 1517 4001 1589 quando

2400 1605 2456 1656 et
2484 1614 2717 1670 persona
2746 1616 3003 1672 operans,
3034 1608 3092 1658 et
3120 1617 3233 1672 res,
3262 1601 3412 1659 circa
3441 1618 3603 1675 quam
3633 1607 3911 1678 operatur,
3941 1614 4007 1663 et

2399 1690 2541 1746 actio
2561 1691 2677 1762 ipsa
2698 1691 2917 1746 omnino
2938 1699 3069 1749 sunt
3087 1699 3243 1749 extra
3264 1694 3619 1750 territorium.
3635 1694 3787 1753 Unde
3812 1697 3855 1751 si
3874 1713 4003 1768 per-

2401 1795 2535 1836 sona
2562 1783 2635 1835 sit
2660 1787 2835 1850 extra,
2866 1797 2953 1837 res
2982 1788 3187 1854 autem,
3218 1785 3371 1839 circa
3395 1799 3559 1856 quam
3604 1792 3890 1856 peccatur,
3922 1787 4002 1843 sit

2400 1867 2561 1938 intra,
2592 1857 2793 1941 poterit
2819 1870 3073 1943 obligatio
3100 1871 3233 1944 legis
3265 1871 3462 1928 habere
3491 1873 3699 1930 locum.
3723 1876 4002 1932 Covarru·

2401 1958 2515 2015 vias
2554 1965 2737 2015 autem
2776 1959 2889 2016 aliis
2930 1960 3110 2017 verbis
3150 1961 3513 2019 limitationem
3548 1963 3818 2036 explicat,
3861 1965 3998 2023 licet

2399 2047 2633 2104 fortasse
2660 2049 2712 2104 in
2742 2049 2883 2105 idem
2912 2050 3117 2122 redeat,
3150 2051 3379 2122 scilicet,
3409 2051 3584 2125 legem
3614 2068 3723 2109 non
3755 2053 4001 2127 obligare

2400 2142 2555 2192 extra
2583 2138 2938 2212 territorium,
2968 2139 3066 2194 nisi
3094 2140 3319 2196 materia
3342 2141 3463 2197 eius
3491 2143 3755 2213 respiciat
3785 2143 3995 2200 bonum

2400 2227 2688 2297 ipsius-met
2726 2229 3011 2300 territorii,
3044 2229 3285 2298 scilicet,
3320 2237 3383 2286 ut
3408 2233 3611 2288 vitetur
3638 2233 3835 2289 iniuria
3855 2274 3870 2299 ,
3900 2240 4003 2290 aut

2400 2318 2796 2373 nocumentum
2822 2318 2963 2390 eius,
2994 2319 3076 2374 vel
3107 2318 3309 2393 aliquid
3351 2321 3543 2378 simile.
3577 2321 3748 2388 Quam
3786 2323 3999 2381 doctri-

2402 2421 2525 2461 nam
2556 2421 2739 2463 veram
2771 2422 3002 2478 censeo,
3030 2416 3087 2464 et
3112 2424 3231 2464 eam
3276 2409 3439 2466 latius
3478 2411 3714 2483 explicui
3754 2412 3804 2468 in
3844 2412 4000 2468 dicto

2402 2494 2525 2550 loco
2553 2494 2619 2551 de
2649 2511 2870 2552 censur.
2902 2502 3051 2554 etex
3078 2497 3147 2554 ibi
3174 2497 3341 2555 dictis
3368 2499 3596 2572 colligo,
3642 2516 3735 2572 per
3776 2516 3895 2557 eam
3940 2502 3993 2557 in

2402 2585 2583 2656 rigore
2610 2601 2717 2642 non
2748 2585 2965 2642 limitari
2994 2589 3373 2658 assertionem,
3399 2591 3525 2661 quia
3552 2589 3752 2646 delicta
3772 2598 3997 2648 contra·-

2404 2675 2484 2730 ria
2513 2673 2603 2731 tali
2634 2675 2737 2747 legi
2765 2691 2871 2732 non
2897 2684 3073 2749 extra,
3090 2675 3181 2732 sed
3203 2679 3345 2734 intra
3368 2679 3703 2735 territorium
3724 2681 3837 2735 fieri
3862 2695 3993 2736 cen-

2404 2762 2569 2819 senda
2596 2771 2745 2821 sunt.
2774 2766 2912 2821 Nam
2942 2768 2986 2822 si
3029 2775 3382 2839 praeceptum
3410 2785 3464 2824 v.
3496 2785 3551 2842 g.
3598 2771 3668 2827 sit
3708 2769 3997 2828 affirmati·

2403 2869 2533 2910 vum
2560 2853 2822 2910 mandans
2848 2855 3049 2928 aliquid
3076 2856 3187 2912 fieri
3212 2857 3265 2914 in
3295 2858 3587 2928 territorio,
3620 2860 3843 2916 omissio
3870 2861 3995 2916 eius

2402 2943 2473 2999 ibi
2504 2950 2761 3000 censetur
2790 2944 3189 3018 consummari,
3223 2947 3313 3003 ubi
3339 2953 3499 3003 actus
3527 2955 3853 3020 praeceptus
3882 2949 4000 3005 fleri

2404 3031 2703 3104 debuisset;
2734 3034 2861 3106 quia
2888 3033 2959 3089 ibi
2987 3033 3197 3091 videtur
3222 3035 3345 3108 quis
3372 3035 3716 3110 delinquere,
3750 3037 3842 3092 ubi
3884 3053 3993 3093 non

2404 3120 2552 3192 facit,
2583 3120 2732 3193 quod
2758 3121 2936 3195 debet,
2968 3125 3115 3180 sicut
3138 3139 3169 3180 e
3196 3125 3473 3182 contrario
3500 3126 3567 3182 ibi
3598 3127 3847 3198 peccari,
3892 3127 3991 3183 ubi

2404 3209 2563 3279 lacit,
2594 3210 2741 3283 quod
2782 3227 2890 3266 non
2917 3211 3103 3284 debet,
3136 3213 3284 3270 iuxta
3311 3214 3482 3287 legem
3518 3218 3637 3291 Qui
3677 3213 3991 3288 nonfacit,

2404 3299 2459 3354 ff.
2481 3299 2545 3355 de
2577 3299 2749 3374 regul.
2768 3301 2942 3358 iur.Si
2970 3307 3149 3358 autem
3181 3309 3533 3376 praeceptum
3563 3307 3631 3362 sit
3654 3308 3999 3378 negativum,

2404 3395 2459 3445 et
2486 3390 2797 3446 commissio
2834 3397 3027 3447 contra
3056 3391 3187 3448 illud
3216 3394 3373 3451 cedat
3400 3395 3453 3450 in
3480 3395 3729 3452 iniuriam
3771 3398 4000 3452 territo-

2405 3479 2491 3548 rii,
2524 3477 2589 3535 ibi
2619 3477 2775 3550 plane
2803 3489 3220 3538 consummatur
3244 3482 3525 3556 delictum,
3557 3491 3621 3540 ut
3648 3487 3693 3540 si
3721 3488 3847 3558 quis
3870 3501 3999 3542 cor·
4020 3501 4037 3516 ·

2404 3583 2537 3638 pore
2564 3569 2797 3626 existens
2830 3576 2985 3625 extra
3025 3573 3317 3628 terminum
3358 3574 3649 3646 territorii,
3693 3574 3776 3631 vel
3818 3575 3996 3647 regni,

2403 3658 2601 3712 emissa
2620 3660 2817 3730 sagitta
2840 3657 3062 3715 occidat
3076 3659 3341 3717 hominem
3358 3663 3497 3718 intra
3519 3664 3860 3720 territorium
3880 3664 3995 3720 exi-

2405 3753 2655 3810 stentem,
2690 3749 2844 3819 plane
2874 3756 3132 3806 censetur
3161 3766 3389 3822 peccare
3418 3753 3467 3807 in
3500 3753 3809 3822 territorio,
3842 3753 3995 3810 ideo-

2404 3853 2512 3910 que
2540 3845 2735 3894 contra
2768 3838 2939 3911 legem
2968 3848 3175 3912 ageret,
3206 3847 3262 3898 et
3290 3843 3368 3898 sic
3398 3858 3724 3914 censuram,
3757 3846 3801 3899 si
3832 3846 3885 3899 in
3926 3861 3997 3901 eo

2405 3926 2512 3983 lata
2540 3935 2706 3998 esset,
2739 3928 3070 4001 incurreret,
3100 3935 3163 3986 ut
3188 3932 3241 3986 in
3264 3931 3434 3987 citato
3457 3932 3580 3988 loco
3606 3933 3732 3988 dixi.
3758 3933 3836 3989 lta
3857 3948 3992 4006 ergo

2404 4017 2629 4088 contigit
2653 4019 2705 4072 in
2732 4032 2867 4074 casu
2900 4017 3045 4075 illius
3074 4021 3519 4093 confirmationis,
3542 4024 3633 4078 cui
3654 4037 3751 4094 per
3780 4022 3883 4078 hoc
3904 4030 3995 4080 est
4064 4011 4078 4020 ’

2402 4106 2739 4162 sufficienter
2769 4123 3114 4180 responsum.

2482 4199 2537 4253 6.
2566 4196 2843 4253 Dubitabit
2868 4213 2996 4254 vero
3026 4197 3244 4273 aliquis,
3274 4215 3339 4256 an
3362 4199 3503 4256 idem
3525 4200 3811 4259 dicendum
3836 4204 3907 4258 sit
3930 4203 4000 4259 de

2402 4285 2543 4342 locis
2572 4290 2861 4358 exemptis,
2894 4288 3112 4360 quando
3139 4287 3269 4344 alias
3296 4292 3438 4372 inter
3459 4293 3795 4348 territorium
3820 4291 3999 4348 conti-

2403 4383 2624 4433 nentur.
2658 4376 2763 4434 Sed
2793 4376 2895 4434 hoc
2920 4378 3169 4449 dubium,
3194 4385 3250 4436 et
3270 4379 3608 4453 frequentius
3633 4380 3816 4437 locum
3838 4380 4005 4437 habet

2404 4469 2459 4522 in
2490 4467 2703 4539 legibus
2730 4468 3027 4537 canonicis,
3059 4485 3225 4541 quam
3252 4471 3302 4524 in
3330 4468 3605 4542 civilibus3
3634 4477 3690 4526 et
3717 4469 3848 4526 illud
3878 4469 3994 4526 sus-

2404 4556 2646 4612 ficienter
2673 4558 2901 4614 tractavi
2930 4559 2983 4612 in
3011 4557 3157 4614 dicto
3186 4558 3307 4614 loco
3350 4559 3419 4615 de
3457 4561 3726 4615 censuris.
3760 4561 3829 4615 Et
3870 4559 3993 4616 ideo

2402 4647 2636 4704 breviter
2662 4646 2809 4720 dico,
2840 4647 2982 4704 idem
3012 4663 3141 4704 cum
3171 4651 3519 4720 proportione
3548 4647 3837 4706 dicendum
3867 4665 3993 4706 esse

2400 4735 2467 4792 de
2498 4737 2803 4793 huiusmodi
2836 4737 2981 4809 loco,
3010 4752 3152 4810 quae
3176 4746 3261 4794 est
3288 4742 3597 4795 communis
3621 4739 3907 4809 resolutio,
3936 4747 4000 4796 ut

2400 4827 2467 4883 ibi
2495 4826 2620 4884 dixi.
2650 4829 2822 4895 Quam
2845 4833 3031 4883 tenent
3051 4827 3213 4883 etiam
3235 4827 3492 4886 Paludan.
3516 4833 3569 4892 4,
3588 4827 3718 4884 dist.
3746 4833 3834 4898 18,
3854 4845 3909 4902 q.
3928 4834 3987 4898 2,

2400 4917 2448 4973 in
2479 4923 2527 4975 2.
2569 4923 2717 4989 parte
2743 4915 2887 4971 illius
2916 4914 3131 4972 articul.
3160 4921 3287 4986 2,et
3314 4917 3381 4972 ibi
3409 4916 3621 4973 Gabriel
3651 4922 3901 4990 q.2,art.
3931 4923 3965 4974 2
3986 4960 4000 4986 ,

2398 5006 2578 5062 concl.
2613 5011 2666 5075 6,
2698 5005 2947 5062 Antonin.
2980 5011 3035 5063 3.
3069 5013 3243 5078 parte,
3276 5007 3357 5062 tit.
3391 5011 3485 5074 24,
3516 5022 3639 5078 cap.
3670 5011 3760 5076 75,
3791 5013 3824 5073 ς
3860 5013 3909 5075 1,
3946 5014 4003 5064 et

2400 5099 2553 5155 Sum.
2587 5097 2769 5155 Rosel.
2797 5095 2965 5152 verbo
2992 5100 3547 5159 excommunicatio,
3586 5099 3640 5168 7,
3670 5093 3775 5169 33,
3809 5097 4001 5152 Armil.

2398 5203 2551 5246 num.
2580 5190 2674 5258 30,
2695 5185 3020 5244 canonistae
3049 5187 3099 5243 in
3128 5201 3249 5258 cap.
3280 5187 3434 5243 Cum
3454 5189 3789 5260 episcopus,
3826 5183 3897 5243 de
3924 5184 4006 5243 or-
