4325 6267
801 250 924 313 178

719 399 782 449 ut
805 399 996 448 notant
1023 391 1209 447 Glossa
1240 389 1331 459 ibi,
1363 389 1660 444 Panormit.
1693 393 1748 444 et
1776 386 1884 443 alii.
1917 387 1984 442 Et
2022 383 2222 441 Bartol.
2262 384 2309 439 in

719 483 1042 540 Autbentica
1063 487 1160 538 Ex
1183 477 1512 553 complexa,
1548 479 1608 534 C.
1637 476 1702 533 de
1725 477 1942 533 incestis
1961 474 2185 546 nuptiis,
2210 475 2313 530 Co-

720 589 834 628 var.
867 574 916 628 in
947 577 1002 630 2.
1035 578 1176 642 part.
1209 585 1336 641 cap.
1371 575 1423 634 8,
1454 575 1487 634 5
1515 571 1570 638 6,
1603 569 1800 623 Anton.
1835 567 2028 622 Gomez
2056 565 2108 619 in
2138 564 2312 636 legem

721 668 774 730 9,
807 664 972 719 Taur.
1007 679 1060 718 n.
1095 663 1183 718 37.

791 753 966 819 Quare
994 767 1100 806 non
1143 748 1268 805 mihi
1311 748 1593 820 probatur,
1626 745 1774 818 quod
1819 744 1986 800 tradit
2012 742 2232 800 Felinus
2260 744 2313 798 in

720 841 898 912 capite
927 837 1215 902 Ecclesia,
1251 835 1319 893 de
1347 839 1572 893 constit.
1607 853 1661 890 n.
1695 840 1788 906 ⁴5,
1823 835 2079 890 nimirum
2107 834 2312 890 consti-

721 931 980 986 tutionem
1005 928 1148 984 illam
1165 927 1445 984 Ecclesiae
1467 926 1704 998 obligare
1720 927 1772 980 in
1793 922 2162 994 temporaliter
2184 920 2315 977 sub-

722 1021 874 1076 iectis
903 1022 1109 1090 Papae,
1143 1033 1248 1074 non
1284 1031 1415 1072 vero
1445 1016 1498 1070 in
1533 1017 1693 1072 terris
1721 1015 2043 1086 imperii,.et
2069 1013 2313 1086 loquitur

723 1108 1028 1180 specialiter
1054 1106 1118 1162 de
1151 1106 1242 1162 illa
1280 1110 1394 1178 lege
1436 1103 1598 1161 dandi
1640 1103 1888 1160 alimenta
1929 1103 2049 1158 liliis
2089 1103 2305 1174 spuriiS.

720 1199 1068 1255 Contrarium
1095 1197 1240 1252 enim
1267 1197 1485 1251 omnino
1522 1191 1810 1250 dicendum
1848 1200 1935 1249 est
1963 1192 2028 1248 de
2058 1192 2310 1248 omnibus

726 1288 806 1343 bis
838 1285 1067 1359 legibus,
1101 1299 1242 1358 quae
1273 1282 1401 1339 licet
1426 1285 1480 1337 in
1509 1285 1731 1339 materia
1771 1280 2052 1352 temporali
2091 1289 2311 1337 versen-

724 1386 837 1441 tur,
867 1377 1164 1448 respiciunt
1201 1375 1426 1445 bonum,
1457 1373 1539 1429 vel
1582 1388 1806 1429 causam
1849 1369 2080 1444 pietatis,
2110 1376 2166 1426 et
2192 1369 2311 1426 ideo

725 1468 1024 1524 canonicae
1053 1469 1210 1534 sunt,
1243 1469 1302 1520 et
1329 1478 1424 1534 per
1453 1459 1814 1519 universalem
1842 1467 1898 1518 et
1923 1465 2311 1533 supernatura·

651 1571 654 1576 ·
727 1557 831 1612 lem
873 1560 1195 1626 potestatem
1238 1553 1529 1623 seruntur3
1563 1549 1682 1607 talis
1723 1557 1904 1607 autem
1947 1556 2034 1606 est
2071 1549 2163 1606 illa
2205 1549 2310 1619 lex,

726 1646 854 1718 quin
885 1659 1055 1700 causa
1081 1643 1463 1699 alimentorum
1491 1641 1578 1714 pia
1605 1648 1715 1712 est,
1754 1647 2004 1711 utsupra
2025 1641 2220 1696 Covar.
2254 1655 2308 1694 n.

727 1739 783 1794 6.
813 1751 944 1792 cum
975 1734 1196 1790 Alexan.
1228 1734 1282 1788 in
1309 1733 1347 1788 l.
1388 1741 1436 1804 1,
1468 1733 1522 1788 ss'.
1559 1731 1738 1788 soluto
1769 1731 2002 1787 matrim.
2034 1729 2144 1787 col.
2178 1733 2235 1802 6,
2256 1737 2315 1786 et

725 1825 907 1882 lavent
935 1828 1118 1879 notata
1145 1838 1243 1894 per
1270 1821 1503 1878 eundem
1534 1821 1780 1878 Felinum
1808 1821 1860 1878 in
1893 1820 2081 1877 eodem
2110 1820 2310 1892 capite,

725 1929 781 1970 n.
817 1917 908 1970 51.
946 1911 1172 1968 Habebit
1211 1918 1394 1971 autem
1437 1910 1622 1966 locum
1662 1909 1755 1966 illa
1791 1908 2042 1966 doctrina
2067 1909 2233 1966 Felini
2258 1910 2315 1964 in

725 2002 935 2075 legibus
966 2001 1312 2072 Pontificum,
1342 2015 1481 2072 quae
1511 1998 1720 2056 directe
1757 2005 1812 2054 et
1840 2013 1976 2070 pure
2016 1986 2316 2070 disponunt

723 2093 777 2148 in
807 2091 1032 2148 materia
1070 2088 1382 2162 temporali,
1407 2088 1526 2146 illae
1545 2089 1686 2144 enim
1709 2104 1814 2143 non
1837 2087 2078 2160 obligant
2102 2087 2317 2146 univer-

727 2197 850 2236 sum
879 2179 1090 2250 orbem,
1123 2179 1217 2236 sed
1247 2179 1366 2236 illos
1397 2185 1631 2247 tantum,
1661 2181 1755 2251 qui
1785 2177 2154 2249 temporaliter
2186 2184 2318 2235 sunt

726 2269 829 2326 sub
858 2269 1136 2326 Ecclesiae
1172 2268 1406 2325 dominio
1447 2283 1512 2324 ac
1554 2267 1925 2324 iurisdictione
1967 2267 2142 2340 civili,
2174 2267 2321 2324 sicut

653 2375 658 2384 ’
725 2371 781 2426 in
807 2361 982 2431 capite
1012 2358 1255 2431 sequenti
1285 2357 1535 2414 dicemus
1574 2355 1640 2414 de
1670 2355 1879 2429 legibus
1927 2359 2317 2428 imperatorum

728 2448 911 2522 quoad
942 2464 1105 2520 regna
1134 2463 1241 2502 non
1270 2446 1518 2502 subiecta
1545 2445 1889 2518 imperatori,
1925 2454 2008 2502 est
2049 2448 2193 2502 enim
2232 2463 2321 2503 ea-

730 2537 854 2595 dem
884 2537 1301 2610 proportionalis
1333 2538 1492 2593 ratio.
1527 2536 1679 2594 Unde
1717 2537 1876 2593 etiam
1917 2542 2150 2609 possunt
2191 2535 2323 2592 tales

731 2627 880 2700 leges
909 2627 1182 2683 pontificis
1213 2641 1359 2682 mere
1388 2625 1714 2697 temporales
1750 2642 1854 2681 non
1885 2625 2090 2683 admitti
2124 2627 2175 2681 in
2208 2625 2325 2681 aliis

733 2719 1040 2786 territoriis,
1073 2715 1170 2773 sed
1198 2716 1536 2773 contrarium
1559 2717 1726 2773 statui
1749 2732 1844 2788 per
1866 2716 2012 2788 leges
2033 2717 2325 2788 imperato·

735 2809 809 2865 ris
838 2807 1022 2881 quoad
1054 2814 1226 2863 terras
1255 2807 1328 2862 illi
1353 2807 1662 2877 subiectas,
1691 2813 1748 2863 et
1785 2822 1881 2878 per
1911 2805 2057 2880 leges
2095 2806 2323 2863 aliorum

738 2913 1034 2971 regnorum
1076 2895 1258 2969 quoad
1301 2911 1401 2953 sua
1444 2897 1735 2968 territoria3
1768 2903 1824 2953 et
1859 2899 1911 2952 in
1953 2896 2030 2952 eis
2072 2903 2325 2952 tenentur

738 2987 945 3045 indices
989 2986 1230 3042 iudicare
1273 2985 1576 3043 secundum
1621 2987 1866 3058 proprias
1906 2985 2074 3060 leges,
2109 3001 2213 3041 non
2244 3002 2330 3042 se-

738 3075 982 3133 cundum
1007 3076 1330 3148 pontificias.
1360 3077 1475 3133 Imo
1497 3076 1622 3132 lieet
1645 3079 1924 3148 contingat
1942 3075 2131 3132 deesse
2154 3075 2325 3149 legem

736 3168 890 3239 regni
933 3182 1031 3238 pro
1075 3166 1255 3239 aliquo
1297 3181 1434 3221 casu
1475 3163 1799 3237 decidendo,
1831 3181 1940 3222 non
1980 3164 2239 3238 obligabit
2276 3166 2327 3221 in

741 3255 830 3312 tali
861 3257 982 3311 loco
1013 3255 1130 3311 talis
1159 3255 1241 3310 lex
1269 3254 1554 3326 canonica,
1585 3255 1687 3310 nisi
1715 3255 1820 3310 hoc
1853 3255 2030 3326 ipsum
2059 3270 2154 3327 per
2184 3255 2329 3328 leges

657 3357 666 3368 ’
740 3346 858 3402 talis
887 3346 1036 3418 regni
1063 3344 1388 3417 dispositum
1417 3347 1518 3413 sit,
1552 3350 1614 3400 ut
1633 3359 1699 3400 ex
1729 3343 1972 3400 dicendis
2002 3347 2051 3400 in
2083 3347 2328 3418 sequenti

741 3435 918 3506 capite
947 3451 1077 3490 cum
1107 3433 1455 3505 proportione
1483 3433 1771 3489 constabit.
1805 3435 1871 3489 Et
1898 3434 1964 3490 ibi
1993 3437 2156 3492 etiam
2185 3434 2333 3491 dice-

743 3539 888 3590 mus,
907 3539 972 3578 an
995 3522 1046 3576 in
1072 3523 1164 3579 tali
1186 3537 1322 3578 casu
1345 3521 1760 3592 praeferendum
1791 3524 1860 3579 sit
1885 3524 1974 3578 ius
2001 3526 2331 3581 canonicum

743 3611 909 3682 civili,
941 3611 1024 3667 vel
1051 3628 1079 3667 e
1108 3613 1402 3667 contrario.
1435 3612 1648 3683 Excipit
1687 3619 1864 3669 tamen
1905 3613 1972 3670 ab
2010 3615 2112 3670 hac
2144 3616 2332 3688 regula

744 3708 918 3756 terras
946 3701 1154 3771 imperii
1185 3700 1400 3755 Felinus
1430 3715 1596 3775 supra
1624 3716 1776 3757 num.
1811 3705 1838 3758 4
1849 3706 1904 3770 9,
1931 3702 2171 3762 referens
2194 3705 2333 3760 mul·

746 3796 830 3845 tos
870 3790 1181 3844 canonistas
1220 3787 1492 3859 dicentes,
1537 3789 1588 3844 in
1632 3790 1788 3846 terris
1829 3792 2038 3863 imperii
2079 3791 2333 3848 standum

742 3892 862 3934 esse
890 3878 1082 3934 canoni
1111 3877 1162 3932 in
1190 3879 1420 3934 materia
1447 3895 1552 3934 non
1582 3877 1764 3936 decisa
1787 3896 1882 3951 per
1907 3883 1996 3937 ius
2019 3883 2335 3939 civile.Nul-

745 3970 851 4024 lam
870 3973 1057 4038 ,autem
1087 3966 1154 4023 ad
1182 3967 1288 4024 hoc
1317 3967 1656 4042 probandum
1685 3969 1920 4028 afferunt
1955 3972 2128 4045 legem
2169 3974 2336 4046 impe-

745 4057 962 4128 rialem,
995 4072 1092 4112 nec
1123 4057 1418 4128 rationem,
1451 4058 1558 4113 imo
1590 4074 1690 4114 nec
1718 4060 1844 4116 iura
1869 4061 2161 4131 canonica,
2194 4079 2334 4135 quiae

743 4148 1031 4218 inducunt,
1065 4145 1113 4202 id
1144 4148 1395 4219 probant,
1421 4154 1478 4203 et
1505 4147 1624 4204 ideo
1653 4149 2044 4207 consulendam
2064 4165 2185 4208 esse
2210 4168 2337 4210 cen·

746 4253 840 4293 seo
863 4235 1337 4308 consuetudinem,
1368 4235 1496 4309 quia
1541 4236 1628 4293 ubi
1671 4254 1765 4309 per
1794 4238 1939 4295 illam
1979 4239 2045 4297 de
2089 4240 2193 4296 hoc
2224 4257 2334 4298 non

747 4326 1070 4394 constiterit,
1103 4341 1210 4382 non
1243 4324 1428 4396 video,
1464 4325 1604 4382 unde
1635 4327 1808 4398 possit
1839 4328 1956 4384 talis
1983 4329 2236 4403 obligatio
2264 4332 2341 4387 al'-

751 4419 966 4474 firmari.

2170 259 2372 307 LIBER
2398 259 2502 307 111.

2942 380 3218 490 CAPUT
3250 379 3391 448 vn.

2390 589 2602 646 Utrum
2626 591 2887 660 potestas
2914 584 3273 644 universalis
3296 583 3538 658 serendi
3578 583 3734 657 ἱερᾶς
3768 585 3989 641 civiles·

2418 675 2743 749 obliqantes
2770 682 2959 734 totam
2988 675 3320 734 Ecclesiam
3346 678 3427 734 sit
3454 679 3519 732 in
3546 673 3927 750 imperatore.

2951 867 3401 931 Summarinm
3506 941 3511 944 ¹

2382 1069 2433 1118 1.
2462 1070 2537 1118 An
2565 1068 2839 1132 imperator
2865 1070 2979 1119 iure
3002 1070 3071 1120 sit
3112 1069 3271 1120 totius
3306 1069 3447 1119 orbis
3480 1069 3715 1118 dominns
3749 1080 3811 1118 ac
3842 1069 3991 1132 prin-

2447 1151 2585 1202 ceps,
2612 1151 2671 1188 ac
2698 1139 2909 1202 proinde
2934 1152 2996 1188 an
3021 1139 3179 1202 possit
3206 1145 3372 1190 totum
3404 1139 3583 1189 orbem
3614 1138 3847 1199 obligare
3872 1139 3987 1188 suis

2450 1209 2649 1270 legibus
2674 1209 2931 1259 civilibus.
2952 1207 3077 1258 -2.
3106 1207 3370 1258 Sententia
3394 1207 3983 1258 affirmativa—atte-

2447 1277 2666 1328 futatur.
2695 1305 2766 1314 —
2786 1279 2840 1328 4.
2867 1280 3055 1328 Sensus
3079 1277 3372 1343 praedictae
3404 1277 3713 1328 sententiae.
3738 1303 3809 1312 —
3836 1277 3983 1328 Reii-

2446 1349 2603 1398 citur.
2632 1375 2701 1384 —
2725 1349 2776 1397 5.
2806 1347 2958 1398 Nemo
2980 1361 3191 1411 prorsus
3208 1347 3361 1398 habet
3382 1353 3691 1410 potestatem
3710 1348 3985 1396 universa-

2450 1418 2547 1467 lem
2574 1416 2771 1466 serendi
2796 1418 2937 1480 leges
2960 1419 3158 1478 civiles,
3178 1413 3311 1481 quae
3330 1417 3557 1480 obligent
3578 1417 3879 1466 universum
3898 1429 3986 1465 or-

2449 1487 2582 1538 bem.
2610 1513 2680 1524 -
2703 1487 2756 1537 6.
2783 1487 3072 1538 Translatio
3096 1487 3294 1550 imperii
3320 1499 3350 1534 a
3372 1487 3578 1536 Graecis
3602 1485 3663 1536 ad
3690 1485 3978 1536 Germanos

2448 1569 2539 1620 per
2552 1554 2844 1606 Pontificem
2870 1556 3021 1606 facta.
3035 1554 3165 1605 —7.
3180 1556 3441 1606 Sententia
3460 1555 3855 1606 auctoris—8.
3878 1555 3954 1605 Re
3968 1580 3995 1591 -

2448 1626 2650 1690 sponsio
2673 1625 2736 1674 ad
2760 1627 3021 1690 oppositae
3044 1627 3329 1676 sententiae
3353 1624 3818 1688 argumenta—9.
3846 1623 3983 1686 Quid

2448 1694 2631 1745 babeat
2656 1695 2929 1758 imperator
2961 1708 3023 1745 ex
3056 1695 3387 1746 translatione
3422 1696 3644 1758 imperii.
3670 1721 3743 1730 —
3766 1693 3874 1743 Leo
3900 1693 3986 1742 ΙΙΙ.

2450 1765 2718 1828 imperium
2745 1766 3009 1815 transtulit
3034 1767 3085 1814 in
3109 1765 3344 1816 carolum
3366 1764 3621 1828 Magnum.
3647 1790 3720 1800 —
3745 1762 3985 1814 Pontifex

2449 1847 2549 1885 non
2573 1839 2740 1898 potest
2763 1847 2857 1898 pro
2880 1847 2975 1886 suo
2996 1835 3213 1886 arbitrio
3246 1841 3444 1884 mutare
3480 1845 3637 1896 regna
3654 1868 3671 1894 ‚
3697 1833 3791 1883 sed
3815 1834 3991 1883 solum

2448 1905 2651 1969 quando
2674 1903 2725 1954 id
2752 1905 2883 1969 petit
2906 1907 3092 1956 bonum
3116 1905 3407 1969 spirituale.

2470 2095 2515 2146 1.
2551 2087 2867 2148 Potest'hoc
2896 2089 3023 2147 loeo
3053 2091 3274 2147 tractari
3302 2089 3555 2163 quaestio
3582 2087 3825 2146 celebris
3848 2087 3991 2145 inter

2385 2179 2627 2251 iuristas‚
2658 2195 2723 2236 an
2756 2181 3050 2252 imperator
3076 2181 3195 2236 iure
3236 2178 3588 2236 sitdominus
3628 2185 3689 2235 et
3728 2179 3991 2251 princeps

2389 2270 2555 2326 totius
2596 2270 2763 2341 orbis,
2794 2276 2851 2326 et
2878 2275 3275 2342 consequenter
3314 2287 3382 2328 an
3411 2271 3585 2341 possit
3610 2275 3793 2326 totum
3824 2285 3986 2326 mun·

2388 2358 2521 2415 dum
2548 2363 2665 2416 suis
2696 2358 2942 2416 civilibus
2973 2361 3182 2434 legibus
3224 2360 3482 2434 obligare,
3515 2360 3769 2433 quamvis
3808 2357 3877 2416 de
3904 2359 3989 2414 l'a-

2392 2455 2481 2506 cto
2508 2450 2560 2506 ei
2587 2465 2697 2506 non
2724 2448 3040 2521 obediatur,
3070 2456 3129 2507 et
3155 2449 3279 2506 ideo
3307 2464 3464 2506 suam
3504 2447 3877 2506 universalem
3902 2448 3992 2503 iu-

2391 2539 2757 2598 risdictionem
2785 2545 2915 2596 actu
2947 2555 3053 2596 non
3080 2545 3358 2597 exerceat.
3384 2537 3487 2596 Sed
3518 2539 3650 2611 quia
3676 2538 3819 2595 inter
3848 2537 4005 2594 theo-

2392 2629 2549 2702 logos
2596 2629 2839 2702 quaestio
2885 2629 3015 2686 haec
3057 2626 3264 2685 nullam
3304 2635 3399 2685 aut
3440 2643 3662 2700 parvam
3699 2627 4003 2684 dubitatio-

2393 2735 2515 2776 nem
2556 2719 2636 2776 vel
2679 2718 3061 2776 difficultatem
3104 2719 3286 2790 habet,
3316 2725 3375 2775 et
3410 2732 3553 2791 quae
3594 2718 3647 2772 in
3692 2725 3999 2791 utramque

2392 2815 2603 2883 partem
2633 2807 2813 2865 afferri
2841 2809 3038 2879 solent,
3070 2810 3203 2864 satis
3230 2807 3474 2880 vulgaria
3513 2814 3665 2879 sunt3
3698 2808 3821 2862 ideo
3864 2806 3991 2862 bre-

2396 2900 2531 2955 viter
2560 2913 2674 2954 rem
2702 2896 3045 2970 expedimus,
3077 2896 3393 2972 attingendo
3419 2895 3600 2952 solum
3625 2910 3720 2966 ea,
3754 2910 3897 2967 quae
3922 2893 3997 2952 ad

2394 2987 2797 3060 intelligendam
2820 2987 2923 3043 vim
2947 2995 3005 3044 et
3024 2987 3400 3060 obligationem
3425 2987 3607 3060 legum
3633 2985 4003 3058 imperialium

2398 3077 2782 3135 conduxerint.
2814 3077 2938 3134 Fuit
2962 3093 3094 3150 ergo
3137 3078 3485 3149 antiquorum
3529 3077 3825 3148 utriusque
3865 3075 4003 3131 iuris

2401 3168 2691 3224 doctorum
2734 3166 3103 3237 receptissima
3144 3168 3431 3234 sententia,
3474 3166 3863 3238 imperatorem
3902 3163 4002 3222 ha-

2398 3257 2526 3312 bere
2555 3257 2637 3312 ius
2663 3262 2719 3312 et
2738 3255 3036 3312 dominium
3058 3255 3459 3313 iurisdictionis
3481 3257 3534 3310 in
3560 3255 3881 3312 universum
3907 3267 4001 3309 or·

2398 3346 2540 3403 bem.
2582 3346 2755 3414 Quam
2799 3353 2947 3402 tanta
2988 3346 3381 3402 asseveratione
3422 3345 3657 3401 asseruit
3682 3346 3834 3401 Bart.
3872 3342 3995 3398 inl.

2397 3437 2607 3502 hostes,
2644 3437 2698 3492 ir.
2741 3435 2808 3492 de
2850 3437 3104 3509 captivis,
3138 3443 3199 3492 ut
3240 3435 3575 3493 haereticum
3616 3438 3856 3504 reputet,
3898 3433 3995 3505 qui

2398 3524 2610 3595 dixerit,
2640 3525 3021 3596 imperatorem
3049 3539 3155 3579 non
3186 3538 3307 3579 esse
3333 3522 3619 3579 dominum
3646 3521 3823 3578 orbis.
3842 3519 4001 3587 Quod

2400 3615 2467 3672 de
2503 3613 2739 3670 dominio
2780 3612 3169 3672 iurisdictionis
3211 3627 3403 3668 verum
3442 3628 3565 3670 esse
3608 3610 3775 3668 tradit
3798 3609 3993 3667 Socin.

2400 3720 2553 3760 conS.
2600 3705 2722 3774 127,
2752 3710 2807 3758 et
2834 3701 2989 3758 Paul.
3014 3704 3259 3759 Castren.
3280 3717 3439 3758 cons.
3468 3705 3531 3759 61
3560 3742 3575 3773 ,
3602 3698 3816 3756 volum.
3844 3705 3901 3758 2.
3928 3699 3999 3755 Et

2400 3793 2505 3849 hoc
2533 3791 2942 3849 fundamentum
2972 3799 3231 3864 tanquam
3258 3797 3477 3848 certum
3504 3790 3768 3863 supponit
3788 3791 3996 3844 Panor-

2403 3886 2516 3940 mit.
2550 3889 2605 3941 2.
2639 3899 2693 3955 p.
2726 3881 2943 3954 consil.,
2974 3880 3199 3938 consilio
3230 3885 3285 3952 6,
3315 3897 3373 3936 n.
3404 3887 3435 3938 2
3457 3923 3471 3951 ,
3494 3886 3552 3936 et
3570 3883 3887 3952 sequuntur
3912 3873 4003 3932 alii

2403 3974 2580 4046 multi,
2604 3981 2743 4045 qnos
2774 3973 2943 4030 refert
2966 3978 3023 4028 et
3048 3968 3796 4044 sequitnrRestaur.Catald.
3830 3973 4001 4023 tract.

2405 4063 2474 4119 de
2506 4064 2829 4133 Imperator.
2861 4067 3076 4134 quaest.
3113 4065 3207 4133 52,
3237 4067 3295 4116 et
3320 4058 3407 4115 alii
3438 4058 3817 4132 quamplures.

2482 4157 2535 4209 2.
2570 4153 2713 4208 Haec
2744 4167 2871 4206 vero
2900 4151 3168 4207 sententia
3192 4151 3356 4206 variis
3386 4147 3557 4204 modis
3586 4153 3773 4218 potest
3805 4145 3997 4202 intelli-
4070 4185 4083 4200 .

2404 4247 2478 4318 gi.
2514 4244 2691 4300 Primo
2720 4241 2871 4314 quod
2900 4241 3255 4312 imperatores
3279 4239 3485 4295 romani
3512 4239 3675 4294 etiam
3705 4235 3997 4294 antechri—

2406 4336 2477 4391 sti
2504 4333 2798 4390 adventum
2829 4328 3169 4386 obtinuerint
3194 4329 3362 4385 totius
3398 4327 3588 4384 mundi
3625 4326 4001 4399 principatum

2408 4421 2729 4496 legitimum,
2775 4435 2839 4475 ac
2883 4434 3065 4475 veram
3106 4418 3539 4474 iurisdictionem
3579 4419 3633 4473 ia
3677 4415 3997 4472 universum

2407 4513 2617 4582 orbem,
2640 4525 2781 4584 quae
2806 4518 2995 4582 postea
3016 4525 3113 4581 per
3135 4509 3541 4564 successionem
3569 4506 3651 4563 vel
3674 4505 4001 4562 electionem

2408 4603 2645 4659 derivata
2685 4601 2754 4656 sit
2794 4598 2858 4655 ad
2900 4599 3233 4670 posteriores
3272 4597 3646 4669 imperatores.
3680 4598 3861 4666 Atque
3891 4593 3999 4650 boc

2410 4689 2571 4750 modo
2596 4691 2810 4747 videtur
2850 4687 2995 4744 illam
3036 4689 3361 4744 sententiam
3398 4685 3727 4742 intellexisse
3756 4684 3905 4740 Bari.
3940 4691 3999 4739 et

2411 4779 2657 4838 nonnulli
2686 4778 2793 4835 alii.
2828 4778 2962 4834 Nam
2984 4777 3035 4832 in
3058 4777 3175 4833 eius
3200 4778 3509 4832 suasionem
3532 4774 3819 4832 adducunt
3839 4772 4007 4829 verba

2412 4874 2589 4928 Lucae
2626 4885 2748 4940 cap.
2779 4873 2832 4925 2:
2868 4871 3039 4925 Exiit
3063 4866 3315 4923 edictam
3343 4881 3387 4923 a
3418 4867 3683 4921 Caesare
3710 4865 3997 4936 Augusto,

2410 4966 2476 5018 ut
2500 4957 2927 5017 describeretur
2964 4960 3265 5014 universus
3292 4955 3483 5020 orbis:
3512 4961 3568 5011 et
3604 4952 3771 5008 verba
3796 4951 4005 5008 Christi

2414 5050 2598 5108 Matth.
2638 5053 2727 5120 12,
2770 5054 2826 5105 et
2850 5050 3029 5103 Lucae
3058 5050 3151 5104 20:
3186 5041 3426 5102 Reddite
3464 5058 3619 5116 cryc,
3670 5057 3825 5114 quae
3866 5044 4003 5097 sunt

2419 5142 2731 5202 Caesaris,
2774 5140 3055 5196 Caesari,
3090 5141 3144 5192 et
3174 5150 3324 5207 qaae
3352 5137 3491 5191 sunt
3518 5135 3657 5199 Dei,
3694 5135 3839 5190 Deo.
3869 5131 4005 5188 Nam
