4325 6267
1816 304 2031 358 cnm·
2056 305 2156 355 11.

336 442 539 515 miliae,
569 442 769 501 muller
796 447 885 501 est
910 435 1239 497 naturaliter
1264 432 1489 494 inferior
1515 446 1581 492 ac
1612 428 1853 505 subdita3
1884 433 1941 487 in

338 532 528 594 ordine
570 540 758 592 autem
786 530 855 589 ad
884 529 1128 605 regimen
1158 526 1314 585 civile
1342 523 1469 582 nihil
1496 530 1674 582 estex
1698 521 1819 595 lege
1846 537 1943 578 na·

338 632 495 685 turae
522 629 821 696 statutum,
854 619 951 679 sed
982 617 1304 692 respublica
1324 616 1508 689 potuit
1530 613 1823 671 transferre
1846 627 1945 685 po-

338 723 591 775 testatem
631 716 685 772 in
727 711 984 771 feminam
1006 752 1021 783 ,
1064 708 1151 766 vel
1178 708 1231 765 in
1260 722 1469 781 regem,
1501 720 1634 762 cum
1661 719 1731 761 ea
1754 700 1945 760 condi·

336 808 517 878 tione,
558 802 645 863 ut*
664 804 714 864 ei
754 807 943 876 posset
979 801 1177 858 femina
1220 795 1540 855 succedere.
1569 795 1683 852 Nec
1710 792 1943 865 denique

337 896 561 954 obstant
590 894 736 967 leges
764 892 951 950 civiles
978 906 1079 948 seu
1110 890 1229 947 iura
1255 887 1518 956 bumana,
1548 884 1679 958 quia
1704 883 1943 956 loquun-

338 992 430 1043 tur
468 984 539 1042 de
565 983 775 1041 feminis
810 979 1231 1049 communibus,
1264 977 1431 1034 111110
1456 973 1637 1032 dicam
1663 1016 1679 1046 ,
1708 986 1807 1029 seu
1834 986 1943 1028 non

334 1074 663 1133 habentibus
694 1071 977 1147 propriam
1006 1066 1460 1139 iurisdictionem
1486 1080 1651 1123 secus
1672 1077 1803 1121 vero
1822 1076 1944 1119 esse

336 1164 404 1223 de
428 1166 647 1222 feminis
675 1158 1135 1234 praecellentibus
1156 1200 1171 1227 ‚
1200 1164 1258 1215 et
1284 1156 1601 1229 praesertim
1638 1153 1821 1227 regnis
1851 1170 1947 1211 su·

336 1258 539 1328 premis
556 1297 571 1327 ,
602 1270 743 1329 quae
770 1257 900 1309 sunt
926 1264 1095 1322 supra
1124 1250 1305 1322 ipsum
1331 1245 1491 1305 civile
1520 1246 1643 1317 111ος
1678 1259 1855 1317 neque
1883 1244 1947 1301 il-

337 1343 419 1401 las
457 1341 925 1417 comprehendere
962 1344 1145 1413 potest
1188 1340 1239 1394 in
1280 1337 1396 1410 his,
1428 1350 1571 1411 quae
1600 1334 1823 1392 illarum
1850 1349 1949 1406 po·

340 1434 521 1492 testati
548 1438 875 1506 repugnant.

414 1522 683 1580 Nonnulla
699 1520 870 1578 maior
883 1518 1150 1578 dubitatio
1168 1525 1255 1574 est
1273 1514 1341 1574 de
1362 1515 1549 1589 regina
1572 1514 1811 1572 habente
1832 1527 1945 1570 ma-

336 1614 529 1683 ritum,
572 1613 669 1685 qui
706 1611 917 1668 ratione
948 1606 1275 1666 matrimonii
1304 1621 1402 1663 rex
1430 1602 1735 1678 appellatur
1757 1646 1772 1675 ,
1801 1607 1859 1659 et
1883 1608 1947 1660 ut

336 1719 437 1761 rex
455 1702 784 1772 honoratur,
808 1710 867 1758 et
887 1697 1160 1757 obeditur.
1186 1698 1245 1755 ln
1268 1711 1381 1769 qua
1400 1710 1459 1751 re
1480 1695 1799 1751 communis
1822 1707 1945 1751 sen·

337 1794 511 1852 tentia
546 1792 987 1865 iurisperitorum
1027 1794 1115 1846 est
1134 1828 1149 1859 ,
1193 1787 1439 1862 reginam
1467 1786 1636 1842 etiam
1664 1790 1789 1857 post
1814 1798 1946 1841 con·

340 1889 581 1941 tractum
608 1880 1023 1939 matrimonium
1050 1877 1285 1936 retinere
1313 1880 1369 1933 et
1389 1890 1623 1950 regnum
1641 1880 1699 1932 et
1718 1873 1943 1947 liberam

336 1973 492 2047 regni
530 1970 1051 2030 administrationem
1068 2009 1085 2042 ,
1132 1982 1199 2025 ac
1236 1965 1469 2024 subinde
1511 1970 1843 2038 potestatem
1887 1973 1946 2021 et

338 2078 505 2120 usum
532 2061 741 2119 ferendi
764 2061 936 2135 leges.
962 2058 1303 2131 Praecipuus
1322 2060 1520 2113 auctor
1538 2054 1705 2111 huius
1728 2060 1945 2112 senten·

335 2154 445 2210 tiae
464 2151 568 2209 fuit
588 2150 742 2208 Bald.
764 2151 821 2207 in
844 2163 969 2222 cap.
987 2146 1383 2222 Significavit,
1416 2143 1485 2202 de
1506 2144 1763 2217 rescript.
1779 2159 1945 2217 quem

337 2242 589 2315 sequitur
625 2239 902 2313 Tiraquel.
947 2235 1020 2295 de
1055 2234 1282 2295 stabilit.
1330 2250 1456 2307 cap.
1498 2236 1595 2307 18,
1626 2250 1682 2291 n.
1717 2238 1773 2305 3,
1804 2234 1945 2292 refe-

332 2347 463 2389 rens
489 2333 718 2389 Decium
738 2368 753 2398 ,
783 2328 980 2386 Alciat.
1010 2332 1068 2385 et
1098 2324 1257 2383 alios.
1289 2323 1440 2383 ldem
1468 2324 1678 2383 Martin.
1710 2325 1943 2382 Garatus

272 2436 285 2445 ·
336 2428 503 2480 tract.
534 2421 609 2478 de
635 2418 967 2495 principib.
1011 2434 1068 2491 q.
1108 2418 1233 2475 176.
1264 2414 1493 2487 Gregor.
1524 2413 1703 2486 Lopez
1727 2412 1781 2469 in
1810 2412 1848 2471 l.
1889 2418 1939 2488 l,

330 2510 513 2571 Gloss.
548 2515 607 2585 9,
636 2516 695 2569 01
725 2510 777 2566 111
806 2510 844 2566 l.
880 2512 937 2583 9,
973 2506 1152 2564 Gloss.
1182 2509 1241 2577 4,
1275 2511 1319 2563 t.
1360 2510 1410 2577 l,
1440 2520 1497 2577 p.
1530 2509 1588 2562 2.
1619 2503 1774 2561 Ratio
1794 2504 1943 2562 Baldi

334 2602 461 2673 fuit,
491 2600 621 2675 quia
650 2600 843 2673 regina
875 2613 971 2670 per
1000 2596 1405 2653 matrimonium
1434 2609 1545 2650 non
1570 2592 1835 2651 transfert
1857 2608 1944 2651 re·

334 2706 510 2765 gnum
548 2692 603 2747 in
644 2692 931 2757 maritum,
957 2686 1094 2744 illud
1122 2701 1155 2742 a
1180 2700 1239 2741 se
1276 2684 1615 2757 abdicando,
1646 2699 1749 2741 nec
1778 2686 1942 2743 etiam

332 2780 469 2839 illud
502 2780 576 2837 ita
614 2779 832 2836 confert
872 2777 1099 2847 marito,
1142 2780 1209 2832 ut
1242 2788 1417 2848 aeque
1452 2778 1666 2831 maneat
1705 2773 1757 2830 in
1787 2781 1945 2832 utro·

334 2886 479 2945 que,
510 2885 612 2927 nec
646 2870 844 2925 retinet
878 2866 1278 2941 proprietatem
1315 2865 1368 2920 in
1397 2880 1488 2936 se,
1516 2870 1576 2921 et
1602 2862 1945 2922 administra·

334 2961 539 3018 tionem
567 2959 796 3033 praebet
824 2956 1019 3015 marito
1038 2976 1063 3029 3
1088 2971 1223 3030 ergo
1244 2956 1297 3012 in
1318 2970 1378 3013 se
1398 2954 1516 3011 sola
1535 2960 1837 3029 utrumque
1858 2971 1945 3013 re-

335 3053 490 3124 tinet,
524 3050 739 3107 scilicet
764 3053 1092 3121 potestatem
1120 3052 1177 3103 et
1203 3043 1752 3118 administrationem,
1786 3052 1844 3103 et
1868 3048 1943 3104 ita

331 3156 429 3212 per
454 3156 515 3196 se
541 3144 725 3212 potest
742 3138 892 3195 sicut
916 3142 1077 3193 antea
1101 3134 1532 3192 iurisdictionem
1560 3149 1845 3207 exercere,
1876 3151 1942 3193 ac

330 3228 563 3301 proinde
592 3228 739 3302 leges
766 3226 935 3285 ferre.
964 3224 1370 3298 Consequentia
1394 3224 1547 3282 clara
1572 3230 1677 3282 est.
1708 3227 1943 3284 Antece-

330 3317 466 3375 dens
487 3318 754 3390 probatur
774 3316 958 3391 quoad
982 3314 1227 3389 singulas
1244 3319 1451 3387 partes.
1465 3315 1649 3371 Prima
1661 3330 1797 3389 ergo
1810 3331 1941 3388 pars

330 3408 621 3481 probatur,
646 3406 777 3482 quia
805 3421 1039 3481 regnum
1067 3421 1179 3462 non
1206 3410 1390 3478 potest
1414 3404 1653 3477 alienari,
1680 3420 1860 3479 neque
1889 3408 1943 3463 in

330 3498 518 3556 dotem
542 3496 683 3569 dari,
712 3503 778 3555 ut
804 3498 881 3557 ait
900 3495 1131 3561 Baldusz
1156 3502 1214 3554 et
1236 3497 1379 3554 ratio
1399 3509 1519 3551 esse
1542 3494 1782 3570 videtur,
1812 3499 1943 3572 quia

326 3595 417 3644 est
443 3587 609 3645 veluti
635 3586 879 3647 officium
916 3591 973 3642 et
1001 3600 1145 3642 onus
1171 3584 1463 3658 personale
1502 3600 1533 3641 a
1560 3600 1735 3660 regno
1774 3586 1944 3645 colla-

333 3684 473 3749 tum,
495 3684 551 3735 et
578 3677 701 3736 ideo
728 3693 836 3733 non
864 3681 1045 3749 potest
1074 3676 1129 3731 in
1157 3674 1325 3732 alium
1352 3674 1635 3736 transferri
1663 3675 1779 3732 sine
1807 3690 1942 3734 con·

330 3782 495 3825 sensu
522 3766 696 3840 regni,
727 3765 815 3823 vel
842 3765 945 3822 nisi
973 3765 1127 3823 iuxta
1162 3763 1531 3823 conditionem
1570 3765 1842 3824 inclusam
1884 3766 1941 3825 in

325 3856 446 3931 ipsa
472 3856 629 3932 regni
654 3854 1021 3927 institutione,
1052 3870 1196 3929 quae
1219 3854 1367 3912 solet·
1381 3869 1529 3927 esse,
1560 3861 1627 3913 ut
1645 3855 1942 3914 transfera-

329 3953 420 4004 tur
442 3964 541 4021 per
562 3946 889 4005 electionem
908 3944 996 4003 vel
1015 3960 1113 4017 per
1136 3944 1567 4016 successionem,
1583 3960 1691 4003 non
1704 3961 1834 4003 vero
1844 3961 1941 4019 per

330 4037 496 4095 alium
524 4036 752 4095 modum
780 4034 1137 4093 alienationis.
1169 4033 1343 4107 Adde,
1368 4032 1533 4092 talem
1556 4034 1938 4093 alienationem

329 4145 427 4187 seu
455 4128 871 4188 translationem
889 4126 1043 4199 regni
1064 4126 1119 4181 in
1138 4126 1399 4183 maritum
1421 4139 1525 4182 nec
1546 4124 1665 4183 fieri
1682 4125 1939 4184 volunta-

327 4228 383 4279 te
405 4220 651 4295 reginae,
674 4223 741 4275 ut
760 4224 1000 4288 constat,
1029 4231 1131 4273 nec
1154 4215 1337 4289 aliquo
1358 4215 1503 4287 iure,
1533 4216 1663 4289 quia
1692 4230 1795 4274 nec
1824 4216 1937 4277 tale

328 4311 415 4367 ius
435 4314 524 4367 est
542 4306 811 4380 naturale,
844 4312 905 4363 ut
925 4322 1023 4380 per
1043 4320 1103 4363 se
1122 4311 1317 4363 notum
1337 4310 1457 4379 est3
1483 4318 1583 4361 nec
1606 4304 1673 4361 de
1695 4306 1937 4365 humano

328 4404 583 4472 constat,
626 4412 729 4455 nec
770 4402 959 4470 posset
996 4395 1065 4454 ad
1106 4395 1213 4452 1100
1250 4405 1451 4469 cogere
1478 4395 1716 4469 reginam
1744 4411 1937 4470 supre-

328 4505 475 4547 mam
495 4486 791 4556 dominam,
808 4500 950 4561 quae
972 4490 1300 4559 potestatem
1322 4484 1486 4543 babet
1505 4499 1674 4557 supra
1695 4485 1802 4543 tale
1820 4487 1930 4545 ius.

327 4579 555 4637 Maxime
580 4578 709 4651 quia
734 4590 837 4633 nec
858 4576 913 4633 in
929 4574 1183 4632 dominiis
1212 4572 1585 4648 inferioribus,
1610 4589 1713 4631 nec
1740 4575 1794 4632 in
1816 4546 1935 4635 assis

326 4668 482 4727 bonis
510 4682 609 4740 per
636 4664 1043 4724 matrimonium
1072 4663 1273 4721 amittit
1298 4678 1446 4721 uxor
1471 4662 1775 4722 dominium
1802 4681 1935 4725 suo-

328 4774 455 4817 rum
485 4757 778 4829 bonorum,
806 4759 863 4811 et
889 4753 1023 4812 illud
1046 4756 1103 4811 in
1131 4754 1389 4811 maritum
1414 4754 1705 4829 transfert,
1735 4756 1832 4814 sed
1860 4757 1928 4815 ad

328 4862 607 4906 summum
646 4844 1193 4903 administrationem.
1231 4844 1476 4917 Denique
1517 4842 1670 4917 alias,
1710 4844 1926 4903 etiamsi

329 4936 450 4995 talis
478 4936 665 5011 regina
691 4940 1002 4993 moreretur
1028 4932 1145 4991 sine
1170 4932 1379 5001 liberis,
1410 4934 1640 4993 maritus
1666 4935 1930 4996 retineret

327 5025 628 5085 dominium
655 5024 828 5101 regni,
859 5023 1010 5097 quod
1036 5030 1125 5081 est
1156 5028 1345 5096 aperte
1374 5022 1596 5081 falsum.

409 5114 732 5175 Secundum
756 5115 1067 5171 membrum
1106 5111 1480 5171 antecedentis
1518 5113 1739 5186 probari
1764 5114 1927 5191 solet,

326 5208 459 5284 quia
482 5212 572 5265 est
592 5210 785 5265 contra
810 5203 1078 5264 rationem
1101 5202 1429 5277 naturalem,
1446 5209 1512 5261 ut
1526 5202 1673 5263 idem
1691 5218 1929 5281 regnum

1158 5366 1197 5399 l

1452 6216 1533 6261 >s

3419 290 3546 359 187

2010 431 2081 487 sit
2107 444 2283 503 aeque
2313 427 2366 487 in
2393 428 2636 507 duobus,
2665 433 2797 509 quia
2823 438 2968 493 esset
2988 448 3163 494 unum
3185 448 3393 509 eorpus
3411 435 3621 495 habens

2010 520 2121 577 duo
2161 522 2344 593 capita
2372 561 2388 592 ,
2422 523 2573 596 quod
2599 529 2686 580 est
2711 531 3090 584 monstrosum
3125 531 3181 584 et
3207 532 3395 584 rectae
3418 526 3622 601 guber-

2010 610 2215 667 nationi
2242 612 2394 687 regni
2422 612 2578 671 valde
2605 615 2996 685 perniciosum.
3023 616 3159 685 Quia
3181 617 3226 674 si
3251 618 3394 675 inter
3421 633 3482 675 se
3509 618 3620 676 dis-

2012 700 2302 775 sentirent,
2323 701 2456 759 nibil
2483 702 2667 777 fieret,
2691 719 2794 763 nec
2822 712 3036 778 pateret
3062 708 3150 763 via
3178 712 3277 765 aut
3302 706 3502 768 modus
3528 707 3625 765 de-

2011 790 2250 862 finiendi,
2263 792 2394 865 quid
2417 783 2807 867 agendum‚vel
2827 796 3270 869 praecipiendum
3291 798 3622 858 esset.Unde

2010 879 2228 938 facilius
2249 889 2436 954 posset
2453 898 2577 941 esse
2597 884 2925 957 gubernatio
2947 901 3045 959 per
3065 893 3183 945 tres
3206 887 3392 959 simul,
3408 894 3624 962 1111100-

2012 976 2096 1029 set
2122 974 2300 1029 maior
2327 988 2454 1045 pars
2481 974 2722 1047 vincere,
2755 992 2924 1049 quam
2953 992 3050 1047 per
3075 976 3219 1035 duos
3247 984 3486 1047 tantum,
3515 980 3622 1040 nisi

2010 1060 2154 1122 inter
2180 1076 2276 1118 eos
2304 1061 2446 1120 alter
2474 1062 2657 1136 aliquo
2683 1064 2849 1122 modo
2877 1065 3234 1139 procederet,
3263 1074 3322 1125 et
3359 1068 3625 1140 qualitate

2012 1152 2263 1209 vinceret
2287 1151 2343 1209 in
2373 1169 2510 1211 casu
2536 1153 2868 1230 discordiae,
2898 1156 2986 1214 vel
3013 1150 3118 1214 nisi
3143 1158 3196 1214 in
3222 1158 3330 1216 1100
3358 1158 3624 1218 baberent

2014 1239 2257 1314 aliquam
2285 1242 2738 1318 vicissitudinem,
2771 1252 2871 1304 aut
2895 1246 3002 1303 alio
3031 1246 3210 1304 medio
3249 1249 3330 1306 uti
3369 1255 3624 1307 teneren-

2016 1336 2132 1402 tur,
2158 1335 2224 1388 ut
2243 1334 2510 1407 sortibus,
2527 1335 2612 1392 vel
2633 1338 3152 1409 compromissione,
3172 1338 3255 1395 vel
3277 1338 3627 1401 adiunctione

2014 1419 2250 1478 alicuius
2277 1423 2424 1480 tertii
2455 1424 2840 1499 suffragii.Sed
2871 1426 3138 1501 quidquid
3167 1428 3239 1485 sit
3262 1427 3329 1485 de
3357 1429 3624 1504 possibili,

2014 1517 2234 1569 certum
2259 1519 2368 1585 est,
2400 1512 2506 1571 hoc
2547 1531 2658 1572 non
2698 1532 2860 1589 posse
2895 1516 3011 1576 fieri
3051 1518 3104 1574 in
3145 1519 3419 1590 praesenti
3460 1534 3619 1593 casu,

2013 1598 2224 1658 etiamsi
2250 1603 2439 1676 regina
2463 1604 2646 1677 vellet,
2669 1609 2801 1679 quia
2820 1612 2969 1664 esset
2988 1609 3219 1665 mutatio
3241 1593 3441 1683 magna
3458 1609 3512 1666 in
3535 1626 3623 1667 re-

2013 1705 2145 1765 gno,
2165 1698 2222 1749 et
2242 1692 2296 1748 in
2319 1693 2480 1751 modo
2503 1696 2856 1753 monarchiae
2879 1698 3018 1769 eius,
3044 1714 3186 1771 quae
3208 1698 3326 1757 sine
3345 1714 3624 1759 consensu

2012 1782 2163 1853 regni
2192 1782 2310 1840 fieri
2336 1800 2446 1842 non
2473 1791 2672 1857 potest.
2701 1788 2834 1844 ltem
2861 1787 2953 1845 illa
2971 1787 3358 1860 multiplicatio
3380 1789 3623 1848 duorum

2012 1870 2283 1946 etiam2illo
2297 1872 2460 1931 modo
2477 1874 2622 1931 facta
2635 1882 2785 1934 esset
2799 1892 3056 1950 magnum
3076 1892 3376 1951 gravamen
3392 1884 3450 1936 et
3469 1895 3628 1951 prae·
3689 1914 3694 1919 ·

2011 1958 2275 2019 iudicium
2302 1962 2674 2038 subditorum3
2705 1979 2840 2040 ergo
2870 1966 2984 2023 fieri
3010 1981 3117 2023 non
3146 1972 3350 2042 potest,
3381 1970 3547 2026 etiam
3577 1970 3628 2029 vi

2012 2052 2361 2111 matrimonii.
2384 2056 2629 2128 Denique
2643 2054 2721 2135 „ad
2743 2056 2846 2112 1100
2863 2096 2879 2127 ,
2903 2055 3048 2113 etad
3069 2057 3324 2129 superius
3351 2064 3625 2131 punctum

2012 2141 2451 2201 confirmandum
2489 2144 2637 2201 valet
2677 2146 2894 2203 axioma
2929 2161 3238 2220 ‚commune
3286 2148 3623 2221 iurisperito-

2012 2246 2162 2301 rum,
2193 2233 2345 2307 quod
2373 2248 2634 2307 suprema
2658 2235 2925 2308 principis
2953 2242 3200 2307 potestas
3239 2251 3342 2295 nec
3381 2237 3624 2299 abdicari

2010 2326 2218 2396 potest,
2247 2337 2349 2380 1100
2379 2323 2567 2398 minui,
2595 2323 2666 2381 de
2691 2340 2802 2397 quo
2829 2324 3000 2383 videri
3031 2332 3286 2399 possunt,
3313 2342 3456 2401 quae
3485 2344 3622 2387 con-

2011 2414 2156 2486 gerit
2179 2415 2516 2472 Franciscus
2541 2415 2754 2490 vargas
2783 2420 3002 2475 tractat.
3034 2414 3108 2474 de
3139 2421 3435 2494 potestate
3459 2422 3620 2479 Pon-

2011 2501 2190 2576 tsjficis
2217 2503 2268 2559 in
2297 2504 2586 2578 principio.
2786 2524 2813 2558 ο

2090 2594 2144 2651 6.
2174 2593 2418 2651 Το11111111
2446 2594 2570 2652 110111
2597 2594 2906 2654 membrum
2931 2601 3106 2669 patet,
3137 2598 3271 2672 quia
3295 2600 3484 2659 eadem
3513 2603 3628 2661 fere

2010 2686 2096 2739 est
2119 2686 2261 2740 ratio
2289 2682 2356 2740 de
2384 2682 2874 2759 administratione,
2905 2701 3049 2759 quae
3069 2686 3138 2745 de
3158 2687 3398 2748 dominio
3417 2699 3474 2749 et
3495 2708 3628 2766 pro-

2012 2774 2264 2845 prietate.
2282 2775 2418 2831 Nam
2438 2772 2658 2832 duobus
2679 2762 2852 2831 modis
2874 2782 3068 2848 posset
3088 2775 3194 2835 boc
3215 2778 3624 2853 intelligi.Unus

2010 2868 2117 2936 est,
2142 2861 2216 2919 111
2241 2862 2332 2921 illa
2359 2863 2762 2921 administratio
2790 2864 2862 2922 ita
2889 2865 3126 2923 00001111
3151 2876 3282 2941 rege
3299 2908 3315 2941 ,
3347 2871 3617 2945 1111101110,

2012 2966 2079 3007 ac
2106 2958 2444 3025 repugnante
2487 2968 2660 3010 uxore
2699 2960 2890 3027 posset
2928 2953 3078 3027 leges
3117 2955 3356 3016 condere
3395 2960 3614 3018 0101100

2012 3045 2174 3098 actus
2200 3041 2612 3115 gubernationis
2639 3044 2858 3116 exequi,
2889 3049 2948 3101 et
2973 3043 3081 3101 hoc
3108 3043 3268 3116 plane
3287 3055 3436 3107 esset
3452 3064 3623 3122 quae·

2010 3128 2138 3188 dam
2167 3129 2416 3188 alienatio
2445 3130 2628 3203 regni,
2658 3131 2888 3204 eiusque
2915 3132 3198 3191 translatio
3240 3135 3292 3192 in
3322 3137 3486 3195 alium
3515 3138 3624 3198 sal-

2012 3227 2124 3279 tem
2152 3219 2222 3279 ad
2251 3222 2438 3291 vitam,
2471 3236 2570 3279 seu
2597 3218 2830 3278 durante
2858 3222 3084 3280 vinculo
3105 3225 3453 3285 matrimonii:
3481 3228 3622 3289 baec

2012 3316 2196 3368 autem
2223 3310 2340 3368 fieri
2367 3327 2478 3368 non
2505 3317 2691 3384 potest
2715 3312 2832 3369 sine
2858 3327 3140 3372 consensu
3167 3316 3345 3388 regni,
3377 3318 3530 3376 etad
3555 3321 3628 3378 il·-

2010 3399 2121 3458 lam
2147 3400 2409 3474 applicari
2438 3407 2672 3474 possunt
2693 3403 2876 3459 omnia
2895 3401 3043 3460 dicta
3061 3406 3118 3461 in
3139 3407 3320 3477 primo
3342 3407 3612 3467 membro.

2009 3488 2260 3564 Accedit,
2293 3490 2445 3565 quod
2472 3492 2524 3549 in
2553 3491 2660 3549 1100
2690 3507 2802 3549 11011
2823 3499 2912 3551 001
2931 3494 3370 3567 comparandum
3387 3512 3624 3572 regnum

2010 3596 2144 3639 cum
2177 3581 2294 3639 111110
2319 3581 2502 3655 1101110,
2533 3594 2632 3639 0011
2659 3597 2792 3639 011111
2813 3581 3284 3643 administratione
3303 3585 3473 3660 dotis,
3491 3592 3625 3663 quia

2008 3688 2245 3747 regnum
2273 3678 2360 3729 est
2385 3670 2560 3730 veluti
2594 3670 2872 3744 quoddam
2911 3672 3178 3747 officium,
3211 3675 3361 3749 quod
3400 3677 3618 3737 incum-

2006 3761 2087 3820 bit
2113 3763 2365 3836 propriae
2395 3777 2684 3835 personae,
2713 3762 2807 3820 0111
2835 3763 3146 3838 confertur,
3170 3772 3227 3823 et
3253 3782 3364 3823 non
3391 3773 3505 3825 tam
3533 3778 3623 3830 est

2007 3859 2235 3926 propter
2260 3854 2457 3925 ipsam,
2489 3868 2660 3927 quam
2687 3860 2910 3925 propter
2937 3868 3054 3927 eos,
3085 3856 3182 3929 qui
3210 3857 3432 3931 regendi
3459 3866 3614 3935 sunt3

2006 3949 2065 4001 et
2088 3943 2212 4002 ideo
2241 3959 2354 4001 non
2379 3949 2564 4016 potest
2589 3959 2718 4017 rex,
2751 3942 2838 4001 vel
2865 3946 3056 4018 regina
3085 3944 3193 4004 tale
3218 3960 3360 4005 onus
3389 3964 3422 4005 a
3448 3964 3507 4007 se
3535 3965 3623 4009 se-

2006 4024 2226 4107 parare,
2258 4048 2360 4091 nec
2387 4031 2440 4089 in
2467 4032 2638 4090 alium
2666 4031 2989 4107 transferre,
3020 4036 3184 4092 etiam
3212 4037 3398 4110 quoad
3425 4054 3613 4112 usum,

2006 4124 2092 4182 vel
2120 4122 2668 4196 administrationem,
2697 4123 2776 4181 ita
2803 4130 2868 4182 ut
2891 4139 3002 4182 non
3025 4133 3246 4184 maneat
3263 4128 3414 4201 apud
3435 4130 3620 4203 ipsum

2004 4230 2268 4288 suprema
2287 4220 2530 4287 potestas
2550 4221 2608 4272 et
2625 4213 2883 4288 obligatio
2897 4215 3139 4289 regendi,
3153 4232 3264 4275 non
3284 4234 3418 4291 ergo
3439 4226 3620 4279 trans-

2006 4307 2137 4363 fe'rri
2171 4310 2356 4379 potest
2383 4303 2475 4363 illo
2510 4305 2676 4364 modo
2713 4304 3109 4363 administratio
3148 4308 3302 4379 regni
3339 4308 3393 4364 in
3427 4324 3618 4385 regem

2002 4396 2214 4454 ratione
2241 4395 2593 4453 matrimonii.
2623 4394 2774 4453 Alter
2813 4395 3015 4454 modus
3055 4402 3164 4469 est,
3193 4402 3260 4454 ut
3295 4398 3482 4472 regina
3523 4401 3621 4459 110-

2002 4486 2162 4544 beret
2185 4484 2411 4559 quidem
2440 4484 2994 4559 administrationem,
3027 4485 3124 4543 sed
3161 4483 3556 4560 dependentem
3584 4508 3619 4550 a

2003 4591 2154 4651 rege3
2187 4576 2266 4633 ita
2292 4580 2358 4633 ut
2382 4575 2496 4633 sine
2521 4574 2641 4631 eius
2675 4589 2974 4647 consensu,
3009 4575 3092 4632 vel
3121 4574 3212 4633 illo
3243 4585 3614 4653 repugnante,

2002 4681 2113 4723 non
2144 4671 2330 4739 posset
2356 4664 2508 4739 leges
2535 4664 2702 4736 ferre,
2732 4670 2791 4721 et
2817 4663 2976 4722 aliter
2993 4662 3431 4724 iurisdictionem
3453 4684 3616 4728 suam

2001 4770 2284 4814 exercere.
2314 4756 2385 4813 Et
2412 4754 2518 4812 1100
2544 4754 2709 4812 0110111
2735 4753 2844 4811 dici
2870 4770 2980 4812 non
3014 4759 3220 4829 potest,
3251 4757 3384 4831 quia
3417 4760 3617 4818 incidi-

2001 4861 2129 4904 mus
2155 4846 2209 4902 in
2238 4844 2420 4903 omnia
2447 4842 2812 4917 incommoda,
2843 4858 2988 4918 quae
3016 4844 3070 4901 in
3091 4846 3341 4904 seeundo
3361 4848 3608 4908 membro

2000 4942 2149 4995 tacta
2175 4942 2337 5010 sunt,
2369 4950 2497 4993 nam
2526 4934 2611 4993 vel
2637 4939 2968 5007 sequeretur
2993 4936 3259 4994 continua
3283 4938 3614 5011 perplexitas

1998 5034 2056 5086 et
2082 5026 2298 5099 divisio,
2326 5026 2412 5084 vel
2439 5031 2723 5099 oporteret
2744 5040 2973 5083 uxorem
2993 5025 3193 5085 cedere
3211 5029 3429 5101 marito,
3453 5030 3608 5103 quod

1998 5124 2147 5177 esset
2175 5132 2278 5175 sua
2303 5116 2678 5175 iurisdictione
2704 5113 3096 5189 privari.Unde
3117 5118 3269 5175 sicut
3291 5132 3404 5174 non
3425 5124 3609 5191 petest

1997 5208 2192 5283 regina
2229 5222 2390 5266 suam
2431 5205 2955 5266 administrationem
2993 5220 3026 5263 a
3065 5221 3126 5265 se
3165 5205 3404 5280 auferre,
3434 5207 3606 5267 invito
