4325 6267
1817 331 2030 382 CAPUT
2057 333 2177 382 XV.

355 453 523 512 detur
542 469 664 512 esse
685 455 922 514 effectus
944 454 1101 531 legis.
1117 454 1197 514 Ad
1213 456 1363 532 quod
1385 455 1628 516 breviter
1647 457 1793 530 dico,
1819 457 1968 515 aliud

357 559 488 601 esse
529 544 681 618 loqui
725 546 791 602 de
819 547 1110 619 dignitate,
1141 563 1242 605 seu
1269 553 1425 606 reatu
1457 564 1689 622 poenae;
1723 549 1867 607 aliud
1897 548 1964 606 de

359 634 566 691 actuali
607 635 905 693 inflictione
945 652 1185 711 poenae,
1228 644 1285 693 et
1312 644 1548 713 utroque
1576 639 1742 697 modo
1785 644 1967 712 potest

356 722 465 780 dici
493 739 670 795 poena
697 725 924 782 effectus
954 725 1122 796 legis,
1153 727 1280 784 licet
1305 726 1532 784 diversis
1575 728 1965 787 consideratio-

355 812 522 870 nibus
563 820 619 869 et
655 814 981 871 rationibus.
1013 817 1148 872 Nam
1193 815 1278 874 lex
1314 817 1644 890 imponendo
1671 820 1966 876 necessita·

357 907 470 959 tem
499 901 746 974 virtutis,
779 919 877 959 seu
906 904 1236 977 honestatis,
1271 915 1674 981 consequenter
1704 908 1835 965 facit
1854 949 1870 978 ,
1905 915 1966 966 ut

357 997 740 1064 transgressor
756 992 885 1064 legis
899 993 970 1048 sit
984 992 1180 1066 dignus
1199 1010 1372 1066 poena
1388 997 1580 1054 saltem
1597 998 1747 1071 apud
1761 1000 1959 1068 Deum,

357 1082 492 1152 quia
532 1097 690 1137 suam
719 1081 1102 1154 obligationem
1135 1082 1251 1157 lege
1279 1085 1590 1157 impositam
1629 1103 1736 1144 non
1777 1088 1966 1144 obser-

357 1175 474 1226 vat.
508 1170 666 1237 Quod
705 1169 890 1226 locum
933 1170 1097 1228 babet
1126 1179 1239 1230 tam
1267 1176 1322 1229 in
1349 1173 1466 1246 lege
1495 1177 1767 1245 naturali,
1801 1192 1966 1250 quam

357 1259 414 1313 in
446 1259 708 1331 positiva,
750 1260 928 1316 divina
966 1261 1048 1318 vel
1080 1261 1352 1334 humana,
1385 1266 1514 1336 quia
1543 1267 1823 1338 supposita
1851 1266 1966 1338 lege

359 1354 526 1404 actus
555 1355 640 1405 est
666 1349 1040 1419 inordinatus,
1071 1358 1125 1407 et
1152 1350 1240 1408 illa
1265 1351 1498 1426 dignitas
1538 1371 1745 1426 poenae
1765 1355 1967 1410 -intrin-

355 1453 488 1494 sece
523 1441 775 1511 sequitur
815 1454 881 1496 ex
923 1439 1122 1497 malitia
1161 1449 1354 1511 actus,
1392 1443 1604 1500 etiamsi
1635 1443 1836 1502 malitia
1859 1444 1967 1500 sor-

356 1535 506 1586 tasse
541 1529 710 1586 suerit
749 1545 814 1586 ex
857 1531 1145 1586 occasione
1177 1531 1306 1604 legis
1335 1532 1616 1604 positivae.
1649 1535 1747 1590 Est
1780 1539 1962 1590 tamen

356 1619 662 1676 differentia
685 1620 736 1674 in
761 1619 866 1676 hoc
889 1620 1030 1676 inter
1053 1621 1229 1694 legem
1251 1620 1559 1679 naturalem
1581 1628 1637 1680 et
1656 1623 1962 1697 positivam3

357 1709 510 1781 quod
541 1708 627 1764 lex
653 1708 946 1778 naturalis,
979 1710 1106 1766 licet
1131 1710 1326 1783 saciat,
1359 1712 1445 1768 vel
1485 1711 1736 1770 ostendat
1771 1721 1964 1772 actum

353 1814 478 1854 esse
505 1799 712 1856 malum
732 1839 749 1870 ,
777 1807 958 1857 tamen
990 1805 1053 1856 ut
1077 1806 1164 1856 est
1189 1817 1341 1857 mere
1362 1803 1649 1868 naturalis,
1677 1819 1787 1859 non
1817 1807 1968 1862 taxat

355 1886 588 1944 modum
627 1887 714 1944 vel
753 1890 1116 1960 quantitatem
1145 1904 1380 1962 poenae3
1412 1889 1563 1948 nulla
1589 1894 1732 1948 enim
1760 1895 1966 1962 ratione

358 1975 586 2050 intelligi
614 1983 798 2049 potest
826 1978 929 2034 boc
961 1978 1075 2034 lieri
1102 1979 1216 2035 sine
1247 1978 1467 2036 decreto
1497 1979 1736 2038 alicuius
1767 1980 1965 2043 liberae

361 2065 689 2123 voluntatis.
734 2069 871 2135 Quia
907 2067 1039 2124 licet
1077 2074 1371 2139 peccatum
1398 2083 1464 2124 ex
1493 2075 1692 2127 natura
1719 2085 1820 2126 sua
1851 2076 1963 2129 ine-

353 2162 548 2214 reatur
573 2157 808 2213 sortasse
835 2172 1064 2228 poenam
1093 2163 1276 2214 tantae
1303 2158 1582 2230 gravitatis
1606 2158 1693 2214 vel
1716 2158 1962 2217 duratio·

353 2249 474 2318 nis,
511 2253 693 2304 tamen
735 2245 884 2319 quod
921 2249 996 2303 sit
1022 2247 1077 2302 in
1108 2245 1210 2302 bac
1239 2246 1422 2318 specie
1452 2247 1610 2318 mali,
1644 2248 1728 2304 vel
1757 2251 1964 2322 suppli-

353 2335 426 2392 cii
454 2377 469 2407 ,
499 2335 587 2391 vel
614 2334 767 2407 quod
795 2337 864 2392 sit
881 2336 936 2391 in
956 2334 1048 2391 tali
1069 2335 1245 2408 gradu
1271 2335 1602 2410 intentionis,
1628 2336 1680 2392 in
1702 2337 1794 2394 tali
1818 2339 1961 2412 loco,

354 2431 414 2482 et
450 2430 726 2496 tempore,
759 2440 825 2481 ex
864 2425 1030 2480 libera
1057 2424 1238 2498 aliqua
1265 2425 1728 2482 administratione
1757 2431 1812 2482 et
1839 2442 1966 2498 pro-

359 2513 598 2570 videntia
638 2509 854 2585 pendet.
893 2512 1048 2570 Unde
1077 2514 1279 2570 taxatio
1311 2529 1514 2584 poenae
1541 2515 1647 2570 isto
1673 2513 1834 2571 modo
1869 2521 1967 2572 aut

355 2603 416 2660 tit
453 2619 552 2675 per
591 2602 770 2676 legem
797 2609 1073 2660 aeternam
1105 2604 1230 2674 Dei,
1261 2603 1492 2660 maxime
1521 2603 1706 2676 quoad
1734 2619 1963 2676 poenam

359 2695 500 2749 vitae
541 2692 795 2765 suturae,
836 2699 934 2748 aut
972 2692 1029 2747 fit
1069 2706 1180 2768 per·
1203 2691 1376 2765 legem
1420 2691 1736 2764 positivam,
1778 2692 1963 2765 quoad

357 2797 592 2853 poenas,
637 2798 778 2856 quae
821 2781 873 2837 in
915 2781 1016 2840 hac
1060 2783 1166 2838 vita
1195 2789 1255 2838 et
1282 2783 1336 2836 in
1363 2779 1606 2837 humano
1635 2781 1754 2838 soro
1786 2782 1960 2854 impo-

259 2895 286 2949 χ
357 2878 592 2929 nuntur.
639 2873 708 2928 Et
747 2871 876 2928 olim
915 2871 1138 2945 quidem
1165 2887 1262 2944 per
1293 2871 1468 2942 legem
1509 2868 1744 2928 divinam
1776 2872 1965 2944 positi·

359 2979 481 3019 vam
511 2962 776 3033 scriptam
806 2962 1028 3019 suerunt
1057 2961 1260 3018 multae
1289 2975 1492 3032 poenae
1519 2960 1680 3016 huius
1695 2961 1838 3017 vitae
1861 2977 1962 3032 pro

359 3052 520 3108 variis
561 3051 775 3108 delictis
817 3051 1215 3122 praescriptae:
1261 3051 1313 3107 in
1357 3039 1476 3122 lege
1517 3056 1703 3106 autem
1745 3052 1956 3122 gratiae

357 3140 544 3197 nullae
572 3149 707 3197 sunt
737 3155 942 3212 poenae
967 3140 1208 3197 inflictae
1231 3155 1330 3212 pro
1351 3139 1454 3197 bac
1478 3140 1590 3197 vita
1609 3141 1730 3197 iure
1751 3140 1958 3213 divino,

359 3237 423 3288 ut
461 3234 516 3288 in
558 3233 787 3288 materia
825 3229 894 3288 de
921 3231 1174 3287 censuris
1199 3237 1256 3286 et
1281 3229 1692 3302 irregularitate
1720 3229 1963 3288 ostendi-

359 3336 507 3377 mus.
552 3318 877 3377 Huiusmodi
917 3335 1048 3392 ergo
1092 3333 1300 3390 poenae
1341 3317 1482 3374 vitae
1524 3321 1828 3390 praesentis
1865 3332 1961 3391 per

359 3409 629 3466 humanas
658 3410 808 3483 leges
839 3409 1024 3466 civiles
1054 3407 1138 3466 vel
1167 3409 1464 3466 canonicas
1493 3407 1873 3484 designantur,
1904 3416 1962 3468 et

355 3516 422 3556 eo
450 3503 571 3572 ipso
590 3541 604 3570 ,
637 3500 787 3573 quod
819 3515 993 3572 poena
1022 3506 1110 3555 est
1135 3513 1231 3571 per
1255 3499 1424 3571 legem
1447 3497 1756 3571 designata,
1781 3505 1962 3556 trans-

355 3604 582 3662 gressor
606 3589 738 3662 legis
765 3591 825 3645 tit
855 3605 981 3645 reus
1009 3595 1066 3645 et
1093 3588 1308 3647 debitor
1339 3587 1462 3644 talis
1491 3602 1735 3660 poenae,
1765 3595 1825 3646 et
1853 3588 1958 3646 hoc

357 3677 524 3735 modo
553 3678 754 3736 dicitur
783 3678 904 3735 talis
917 3689 1108 3750 poena
1133 3677 1364 3734 effectus
1392 3677 1548 3750 legis.

427 3769 501 3823 At
527 3783 660 3824 vero
689 3769 808 3838 ipsa
836 3767 1066 3824 actualis
1095 3766 1316 3822 inflictio
1345 3780 1550 3838 poenae
1574 3764 1870 3838 aliquando
1902 3766 1961 3824 fit

351 3857 517 3914 etiam
559 3855 864 3913 immediate
913 3871 1008 3927 per
1054 3857 1231 3926 ipsam
1267 3855 1474 3928 legem,
1515 3861 1582 3912 ut
1621 3853 1841 3927 quando
1875 3854 1962 3912 lex

353 3947 470 4019 ipsa
498 3963 692 4004 secum
721 3947 878 4003 affert
907 3945 1288 4003 executionem
1310 3960 1408 4017 per
1436 3945 1689 4016 seipsam
1709 3951 1805 4018 ,ut
1825 3960 1959 4002 con·

352 4037 516 4108 tingit
540 4037 596 4092 in
623 4035 832 4108 legibus
871 4034 1275 4107 imponentibus
1308 4048 1610 4105 censuras,
1641 4033 1958 4105 irregulari·

353 4131 526 4198 tates,
558 4131 653 4181 aut
691 4124 824 4180 alias
865 4122 1234 4182 inhabilitates
1262 4124 1378 4196 ipso
1406 4122 1588 4196 sacto,
1617 4122 1772 4196 quod
1798 4123 1956 4180 etiam

349 4231 462 4271 non
491 4214 625 4272 facit
650 4215 768 4284 lex,
796 4214 896 4271 nisi
925 4212 1251 4285 imponendo
1281 4211 1663 4286 obligationem
1686 4211 1754 4268 ab
1775 4212 1956 4286 aliquo

349 4311 484 4362 actu
527 4303 862 4375 abstinendi,
892 4305 980 4361 vel
1009 4304 1213 4377 aliquid
1243 4301 1473 4375 agendi,
1507 4309 1570 4358 ut
1607 4301 1673 4358 de
1704 4304 1957 4361 censuris

351 4394 476 4451 alibi
515 4394 782 4465 diximus,
821 4400 877 4451 et
915 4394 984 4450 de
1020 4393 1136 4466 lege
1174 4392 1388 4465 poenali
1418 4391 1556 4448 infra
1582 4391 1819 4449 dicetur.
1851 4392 1958 4450 Ali-

350 4483 572 4556 quando
616 4499 746 4540 vero
773 4489 829 4540 et
859 4480 1124 4540 ordinarie
1154 4483 1337 4540 solum
1367 4481 1629 4554 infligitur
1657 4496 1832 4553 poena
1860 4497 1958 4554 per

351 4572 528 4644 legem
568 4572 796 4630 mediate
835 4573 1172 4644 et'remote,
1205 4580 1484 4644 quatenus
1509 4572 1564 4628 in
1593 4573 1795 4627 virtute
1823 4569 1956 4643 legis

351 4663 546 4735 aliquis
576 4666 830 4717 movetur
855 4700 870 4731 ,
909 4661 994 4717 vel
1024 4660 1302 4733 obligatur
1337 4661 1406 4718 ad
1440 4659 1790 4734 infligendam
1827 4675 1960 4733 poe-

351 4766 500 4807 nam.
532 4748 716 4822 Unde,
750 4748 874 4807 licet
901 4749 1008 4805 boc
1048 4750 1213 4808 modo
1243 4749 1435 4819 iudex,
1469 4751 1619 4808 verbi
1643 4750 1850 4824 gratia,
1884 4752 1958 4808 sit

331 4841 658 4912 propinqua
683 4854 854 4898 causa
876 4854 1080 4912 poenae
1099 4882 1115 4912 ,
1143 4839 1230 4898 vel
1255 4842 1444 4914 potius
1475 4839 1740 4912 minister,
1765 4840 1862 4914 qui
1887 4855 1956 4898 ex

351 4930 582 5004 imperio
603 4930 722 4988 eius
745 4936 1030 5004 movetur3
1053 4929 1408 4990 nihilominus
1431 4931 1564 5006 quia
1582 4929 1672 4989 lex
1685 4936 1772 4990 est
1792 4931 1952 5006 quasi

3482 319 3639 400 59,

2040 458 2282 528 primum
2320 471 2543 514 movens
2592 454 2868 531 iudicem,
2908 456 3030 516 ideo
3069 458 3195 516 talis
3230 472 3405 532 poena
3433 460 3637 520 dicitur

2036 546 2267 603 effectus
2299 545 2455 620 legis.
2495 547 2687 604 Dices:
2721 563 2854 621 ergo
2892 548 3070 605 omnis
3110 554 3269 607 actus
3301 561 3635 622 praeceptus

2035 651 2135 707 per
2174 635 2380 708 legem,
2421 635 2506 692 vel
2547 637 2765 694 omissio
2804 643 2963 695 actus
3008 637 3259 708 prohibiti
3299 637 3404 696 dici
3435 639 3637 711 poterit

2038 725 2273 782 effectus
2296 724 2429 798 legis
2446 765 2462 798 ,
2488 724 2637 798 quod
2659 742 2764 783 non
2782 727 2998 784 videtur
3020 744 3231 801 verum;
3257 744 3383 785 nam
3406 729 3638 787 effectus

2035 814 2167 886 legis
2206 820 2292 871 est
2330 815 2677 886 praecipere,
2711 832 2818 871 non
2847 817 3048 874 facere.
3083 817 3403 890 Respondeo
3433 834 3637 876 conce-

2040 902 2218 960 dendo
2260 904 2539 977 sequelam
2575 920 2705 960 cum
2745 909 3128 978 proportione,
3170 923 3329 976 nam,
3364 913 3426 964 ut
3461 908 3642 980 capite

2042 992 2290 1064 sequenti
2314 991 2522 1064 dicam,
2546 994 2777 1050 effectus
2807 994 2940 1068 legis
2963 1001 3049 1050 est
3071 996 3251 1053 facere
3277 996 3523 1054 homines
3544 998 3643 1055 bo-

2040 1097 2162 1136 noS.
2184 1081 2338 1140 Unde
2352 1080 2553 1168 duplex
2568 1081 2823 1155 distingui
2846 1088 3027 1154 potest
3042 1085 3267 1140 effectus
3294 1085 3447 1157 legiS,
3463 1102 3628 1152 unua,

2038 1173 2135 1245 qtli
2163 1171 2471 1228 immediate
2500 1173 2557 1229 fit
2586 1173 2653 1229 ab
2680 1173 2830 1244 ipsa,
2860 1179 2919 1229 et
2937 1171 3041 1229 hoc
3071 1179 3153 1229 est
3177 1176 3511 1247 praecipere,
3543 1174 3630 1231 vel

2037 1260 2356 1332 prohibere;
2388 1261 2527 1317 alius
2556 1261 2858 1335 mediatuS,
2884 1263 2979 1334 qui
3006 1267 3092 1319 est
3116 1265 3253 1320 bene
3284 1266 3519 1336 operari,
3545 1263 3635 1323 vel

2037 1349 2179 1405 mala
2210 1351 2397 1406 vitare.
2434 1351 2504 1406 Et
2530 1352 2584 1406 in
2616 1351 2722 1407 hoc
2751 1352 2863 1408 sere
2893 1351 3036 1408 idem
3071 1357 3156 1408 est
3190 1351 3259 1408 de
3297 1353 3500 1410 effectu
3529 1370 3633 1426 pu-

2038 1439 2290 1511 nitionis,
2317 1440 2445 1497 lieet
2466 1440 2741 1498 interdum
2767 1441 2887 1513 ipsa
2912 1443 3168 1498 executio
3194 1457 3398 1514 poenae
3427 1443 3518 1500 fiat
3539 1457 3641 1516 per

2038 1530 2214 1601 ipsam
2246 1529 2418 1602 legem
2437 1571 2451 1598 ,
2484 1536 2547 1586 ut
2576 1529 2785 1587 dictum
2806 1537 2909 1587 est.

2116 1621 2307 1674 Dices:
2340 1634 2473 1691 ergo
2514 1619 2677 1676 etiam
2717 1627 3010 1692 peccatum
3051 1621 3251 1693 poterit
3274 1619 3380 1678 dici
3407 1621 3639 1678 effectus

2039 1707 2177 1780 Iegis
2202 1707 2587 1784 permittentis,
2613 1708 2741 1780 quia
2760 1707 2889 1766 licet
2908 1708 2997 1765 illa
3018 1709 3102 1766 lex
3128 1709 3437 1766 immediate
3460 1710 3643 1768 solum

2038 1796 2310 1853 concedat
2334 1797 2747 1869 permissionem
2766 1841 2781 1870 ,
2808 1797 2892 1855 vel
2918 1799 3212 1870 praecipiat
3236 1798 3639 1874 impunitatem,
3750 1801 3757 1806 ’

2039 1890 2218 1941 tamen
2250 1901 2319 1942 ex
2348 1886 2439 1941 illa
2470 1884 2689 1942 tandem
2712 1886 2964 1958 sequitur
2991 1888 3248 1945 executio
3275 1890 3489 1959 peccati
3516 1906 3640 1962 per-

2040 1975 2211 2030 missi.
2243 1973 2600 2049 Respondeo,
2630 1973 2879 2048 negando
2909 1975 3187 2049 sequelam
3209 1982 3327 2045 3est
3352 1977 3493 2033 enim
3521 1977 3639 2036 lon·

2035 2079 2103 2136 ge
2143 2062 2361 2120 diversa
2400 2064 2569 2136 ratio,
2614 2065 2745 2137 quia
2784 2064 2868 2137 lex
2909 2067 3227 2137 permittens
3264 2067 3410 2124 iusta
3436 2075 3523 2124 est
3552 2069 3642 2144 (ut

2038 2152 2426 2225 supponimus)
2450 2174 2465 2226 3
2498 2169 2607 2210 non
2632 2160 2718 2211 est
2743 2169 2876 2227 ergo
2908 2170 3081 2212 causa
3107 2157 3321 2227 peccati
3338 2197 3353 2227 ,
3384 2159 3515 2230 quia
3542 2175 3638 2215 ne-

2035 2259 2143 2316 que
2172 2242 2307 2301 illud
2328 2243 2540 2302 inducit
2559 2245 2818 2318 positive,
2842 2252 2907 2303 ut
2934 2250 3179 2318 constat,
3204 2261 3380 2318 neque
3401 2246 3535 2303 illud
3558 2248 3645 2304 iu·

2037 2334 2242 2406 tendit,
2275 2333 2373 2390 sed
2410 2334 2670 2406 impedire
2708 2337 2913 2392 maiora
2952 2335 3122 2408 mala,
3154 2350 3333 2408 neque
3358 2337 3526 2393 etiam
3556 2336 3638 2394 in-

2039 2421 2252 2480 directe
2280 2429 2367 2480 est
2388 2437 2558 2479 causa
2578 2422 2747 2496 illius,
2771 2425 2901 2497 quia
2920 2440 3030 2481 nou
3059 2431 3274 2482 tenetur
3299 2425 3433 2483 illud
3456 2426 3638 2498 prohi-

2034 2510 2196 2584 bere,
2237 2518 2335 2569 aut
2369 2513 2599 2583 punire,
2639 2527 2812 2585 quare
2853 2527 2955 2570 nec
2990 2513 3217 2586 praebet
3256 2515 3491 2572 activam
3538 2530 3634 2572 oc-

2035 2601 2314 2659 casionem
2338 2601 2513 2674 illius,
2544 2600 2640 2660 sed
2669 2602 2848 2660 solum
2876 2603 3146 2674 permittit
3166 2603 3491 2660 scandalum
3513 2619 3636 2676 pas-

2033 2695 2239 2750 sivum.
2269 2695 2453 2765 Longe
2476 2708 2604 2749 vero
2636 2691 2787 2749 aliud
2815 2699 2903 2756 est
2929 2692 2995 2749 de
3024 2692 3143 2765 lege
3172 2691 3491 2764 prohibente
3520 2709 3637 2752 ma·

2031 2783 2179 2854 lum,
2208 2789 2266 2840 et
2302 2785 2669 2854 praecipiente
2707 2781 2944 2854 bonum,
2989 2797 3117 2838 nam
3160 2787 3395 2854 utraque
3434 2797 3533 2854 per
3574 2797 3637 2840 se

2029 2874 2090 2930 id
2116 2872 2379 2942 intendit,
2422 2878 2479 2929 et
2516 2872 2585 2930 ad
2611 2872 2670 2927 id
2695 2871 2935 2943 inducit,
2968 2879 3243 2944 quantum
3270 2877 3474 2942 potest.
3516 2872 3632 2929 lmo

2030 2963 2197 3020 etiam
2223 2969 2311 3018 est
2350 2960 2562 3018 diversa
2598 2961 2735 3017 ratio
2773 2960 2840 3018 de
2868 2960 2987 3034 lege
3014 2960 3273 3031 puniente
3296 3001 3312 3032 ,
3342 2947 3474 3033 'quia
3502 2961 3635 3020 licet

2032 3050 2283 3108 absolute
2312 3066 2421 3107 non
2439 3048 2684 3108 intendat
2712 3049 2918 3105 malum
2939 3064 3177 3122 poenae,
3200 3049 3471 3107 nihilomin
3481 3067 3545 3107 us
3565 3067 3634 3108 ex

2032 3139 2405 3212 suppositione
2452 3139 2646 3211 culpae
2690 3136 2948 3210 intendit,
2978 3143 3031 3195 et
3068 3139 3331 3211 praecipit
3375 3155 3629 3214 poenam,

2031 3236 2088 3287 et
2116 3228 2391 3286 interdum
2413 3228 2547 3285 facit
2573 3227 2715 3284 illam
2735 3268 2751 3298 ,
2784 3233 2851 3284 ut‘
2877 3227 3006 3284 dixi.

2115 3325 2170 3378 8.
2202 3321 2381 3393 Atque
2422 3333 2488 3375 ex
2528 3318 2611 3374 bis
2642 3318 2771 3374 satis
2800 3315 3060 3374 declarati
3086 3323 3309 3374 manent
3335 3318 3468 3376 dicti
3496 3337 3634 3394 qua-

2028 3418 2163 3468 tuor
2193 3410 2425 3467 efl'ectus
2464 3415 2521 3466 et
2556 3407 2789 3479 modus,
2822 3422 2934 3480 quo
2962 3407 3280 3464 efficiuntur
3308 3424 3339 3465 a
3364 3406 3515 3482 iege,
3545 3410 3633 3468 vel

2030 3499 2340 3557 immediate
2382 3497 2567 3572 quoad
2594 3497 3004 3569 obligationem,
3037 3495 3495 3570 prohibitionem,
3528 3505 3629 3555 aut

2029 3589 2475 3658 concessionem,
2508 3585 2595 3643 vel
2624 3585 2854 3643 mediate
2884 3583 3070 3657 quoad
3110 3587 3493 3642 executionem
3529 3601 3630 3644 seu

2028 3678 2389 3753 punitionem.
2430 3678 2660 3733 Constat
2695 3677 2859 3733 etiam
2884 3674 3194 3745 distinctio,
3224 3681 3279 3730 et
3306 3676 3465 3748 quasi
3492 3676 3628 3733 ordo

2030 3769 2251 3824 illorum
2278 3765 2581 3822 effectuum
2609 3766 2751 3821 inter
2780 3779 2858 3820 se.
2890 3765 3026 3820 Nam
3054 3763 3209 3834 primi
3237 3761 3347 3819 duo
3370 3763 3622 3834 effeetus,

2029 3859 2126 3932 qui
2152 3864 2286 3914 suut
2314 3857 2660 3929 praecipere,
2692 3860 2750 3911 et
2778 3852 3085 3927 prohibere,
3116 3858 3249 3910 sunt
3274 3852 3532 3924 primario
3563 3868 3630 3910 ac

2029 3963 2128 4021 per
2155 3965 2215 4005 se
2238 3946 2452 4016 intenti,
2476 3951 2533 4002 et
2554 3942 2963 4018 quodammodo
2987 3942 3261 4015 pertinent
3281 3941 3350 3998 ad
3373 3942 3628 4000 substan-

2029 4039 2156 4095 tiam
2196 4036 2327 4109 legis
2348 4079 2363 4107 ,
2396 4041 2452 4093 et
2478 4037 2533 4091 in
2564 4033 2669 4090 boc
2698 4032 3113 4106 distinguuntur
3140 4031 3207 4088 ab
3238 4031 3355 4087 aliis
3382 4030 3627 4104 duobus,

2027 4127 2122 4201 qui
2166 4131 2298 4182 sunt
2333 4125 2503 4182 veluti
2540 4122 2837 4180 accessorii
2876 4127 2933 4178 et
2958 4119 3205 4178 adiuncti
3242 4118 3311 4174 ad
3340 4118 3632 4178 iuvandam

2027 4216 2227 4290 legem,
2261 4221 2326 4273 ut
2353 4213 2566 4271 facilius
2595 4212 2681 4270 vel
2712 4210 2997 4270 efficacius
3020 4212 3227 4282 priores
3247 4210 3474 4266 effeetus
3496 4225 3631 4266 con-

2027 4312 2315 4380 sequatur.
2361 4307 2507 4361 lnter
2548 4318 2606 4359 se
2647 4308 2833 4359 autem
2875 4301 3293 4374 distinguuntur
3330 4299 3442 4356 duo
3470 4299 3629 4372 primi

2026 4398 2261 4454 effectus
2303 4401 2563 4468 tanquam
2608 4393 2901 4450 affirmatio
2928 4399 2985 4448 et
3012 4391 3257 4464 negatio,
3287 4397 3353 4448 ut
3380 4389 3629 4448 declara-

2026 4492 2144 4542 tum
2186 4490 2303 4554 est,
2342 4491 2401 4541 et
2426 4484 2539 4539 sere
2567 4482 2795 4539 similem
2824 4482 3223 4555 oppositionem
3254 4479 3455 4538 habent
3479 4483 3623 4539 inter

2025 4592 2086 4634 se
2113 4576 2397 4649 permissio
2424 4580 2479 4630 et
2507 4572 2749 4646 punitio,
2779 4587 2905 4628 nam
2934 4571 3080 4644 prior
3103 4571 3363 4629 concedit
3386 4572 3624 4644 impuni-

2026 4672 2232 4736 tatem,
2265 4664 2351 4720 vel
2388 4665 2553 4720 etiam
2580 4661 2852 4737 savorem,
2884 4662 3157 4735 posterior
3187 4676 3319 4718 vero
3348 4676 3379 4717 e
3406 4668 3627 4719 contra-

2024 4757 2106 4814 rio
2135 4770 2193 4812 se
2222 4753 2411 4828 habet,
2441 4757 2504 4810 ut
2530 4757 2769 4809 constat.
3518 4797 3529 4826 ,
