4325 6267
1755 322 1969 374 CAPUT
1994 322 2091 375 vl.

310 466 545 509 suorum
571 451 939 526 praelatorum
960 493 977 525 ,
1002 456 1065 509 ut
1086 452 1365 509 Navarrus
1392 455 1565 524 notat,
1594 449 1905 523 specialiter

308 544 463 600 circa
496 542 723 601 decreta
758 541 974 600 concilii
1008 542 1233 599 trident.
1264 557 1405 616 quae
1444 549 1571 599 ante
1614 541 1903 599 confirma-

310 636 517 692 tionem
555 639 869 706 coeperunt
896 634 949 689 in
990 632 1249 704 Hispania
1272 632 1575 689 observari.
1605 633 1765 689 Ratio
1805 647 1903 688 au·

310 730 422 781 tem
451 730 557 797 est,
580 725 709 798 quia
735 722 1031 782 concilium
1055 730 1449 797 congregatum
1468 722 1573 779 sub
1602 721 1905 779 obedientia

305 814 583 872 Pontificis
620 831 730 871 non
760 814 925 872 babct
952 813 1257 871 immediate
1284 828 1351 871 ex
1381 814 1499 871 iure
1526 811 1707 870 divino
1743 813 1905 871 iuris-

304 903 597 962 dictionem
629 921 795 979 super
821 907 1133 962 universam
1161 904 1501 977 Ecclesiam3
1535 903 1727 961 nullibi
1758 904 1905 961 enim

304 994 381 1052 illi
408 1012 677 1054 concessa
714 997 953 1071 loquitur
972 1036 990 1070 ,
1021 994 1116 1053 sed
1153 997 1315 1053 Petro
1342 1002 1584 1066 tantuma,
1614 1010 1749 1068 ergo
1782 1001 1901 1051 tan-

304 1090 424 1145 tum
449 1087 843 1145 iurisdictionis
872 1086 1052 1159 babet,
1077 1092 1345 1160 quantum
1372 1085 1443 1142 illi
1466 1102 1499 1141 a
1524 1086 1669 1157 Papa
1695 1098 1897 1142 conce-

305 1175 479 1251 ditur3
504 1176 597 1236 sed
624 1180 773 1250 Papa
798 1194 907 1235 non
937 1176 1033 1235 dat
1062 1178 1440 1235 auctoritatem
1468 1174 1701 1233 concilio
1730 1174 1799 1233 ad
1826 1174 1901 1231 l'e-

306 1267 507 1324 rendas
531 1268 679 1343 leges
706 1266 1003 1341 obligantes
1030 1268 1221 1343 prius,
1252 1282 1420 1340 quam
1450 1265 1519 1323 ab
1550 1266 1667 1338 ipso
1699 1264 1897 1321 confir·

304 1365 549 1432 meatur,
577 1366 641 1416 ut
664 1376 731 1417 ex
754 1374 861 1417 usu
882 1365 1119 1431 constat,
1143 1373 1299 1431 ergo.
1325 1358 1515 1415 Dices:
1542 1362 1728 1429 potest
1755 1354 1899 1412 illam

304 1445 437 1505 dare
456 1489 472 1522 ,
502 1453 557 1505 et
586 1449 800 1507 mittere
833 1448 1039 1523 legatos
1078 1464 1209 1507 cum
1235 1463 1301 1505 ea
1335 1452 1605 1520 potestate
1634 1452 1691 1503 et
1716 1443 1904 1503 condi-

306 1540 483 1613 tione,
524 1548 587 1598 ut
612 1540 759 1614 leges
788 1556 819 1597 a
846 1539 1079 1597 concilio
1109 1537 1249 1597 latae
1278 1539 1463 1595 statim
1495 1537 1609 1594 sine
1636 1535 1740 1593 alia
1768 1550 1903 1592 con-

303 1628 611 1690 firmatione
641 1630 979 1703 promulgari
1010 1630 1256 1702 possint,
1284 1634 1343 1685 et
1368 1626 1627 1701 obligare.
1656 1626 1902 1699 Respon-

305 1719 411 1778 deo
442 1722 641 1795 primo,
672 1723 717 1777 si
742 1723 889 1795 Papa
913 1720 969 1777 id
994 1720 1162 1777 saciat
1190 1717 1590 1789 antecedenter,
1622 1724 1686 1775 ut
1712 1716 1794 1774 sic
1822 1715 1902 1773 di-

304 1826 433 1869 cam
460 1854 477 1885 ,
526 1812 849 1871 confirmare
888 1810 1007 1869 illas
1052 1810 1235 1885 leges,
1276 1824 1406 1867 cum
1446 1805 1679 1865 diximus
1717 1814 1903 1863 autem

302 1902 769 1961 confirmationem
813 1917 935 1960 esse
972 1900 1367 1973 necessariam,
1396 1896 1465 1955 de
1500 1901 1899 1971 consequente,

302 1992 393 2049 vel
420 1993 775 2051 antecedente
808 1990 1219 2065 intelligendum
1246 1996 1351 2047 est.
1382 1987 1537 2046 Addo
1565 2002 1731 2059 vero,
1761 2002 1904 2044 nun-

302 2097 475 2156 quam
500 2083 555 2141 id
582 2084 719 2156 fieri,
744 2083 847 2140 nisi
876 2080 1095 2157 quando
1122 2082 1291 2155 Papa,
1311 2082 1369 2137 in
1396 2079 1512 2151 ipsa
1536 2078 1901 2136 instructione

302 2173 521 2231 concilii
552 2174 605 2231 in
639 2172 959 2246 particulari
986 2171 1261 2241 declarat,
1296 2170 1432 2245 quid
1458 2168 1900 2243 praecipiendum
1932 2174 1941 2189 ¹

302 2262 397 2335 sit3
413 2279 537 2321 nam
560 2267 617 2321 in
637 2265 937 2335 communi,
956 2270 1013 2322 et
1030 2263 1391 2321 indifferenter
1412 2277 1517 2319 non
1540 2268 1627 2318 est
1646 2262 1725 2318 ita
1742 2276 1903 2333 expe·

302 2352 456 2409 diens
476 2394 493 2425 ‚
546 2355 674 2427 quia
700 2354 1041 2413 confirmatio
1067 2355 1271 2425 Papae,
1300 2358 1365 2409 ut
1388 2359 1601 2410 certam
1628 2350 1822 2409 babeat
1846 2360 1903 2408 et

306 2443 636 2503 infallibilem
664 2438 1026 2503 assistentiam
1055 2444 1288 2517 Spiritus
1314 2444 1491 2501 sancti
1508 2482 1524 2515 ,
1555 2447 1807 2514 oportet,
1836 2446 1903 2497 ut

301 2534 459 2591 circa
498 2550 613 2592 rem
656 2542 865 2593 certam
901 2542 957 2593 et
994 2533 1403 2593 determinatam
1443 2539 1715 2590 versetur.
1744 2531 1903 2600 Quod

304 2638 439 2680 vero
476 2625 764 2683 consilium
803 2623 1113 2683 huiusmodi
1151 2624 1299 2681 illam
1340 2622 1566 2696 babeat,
1608 2629 1901 2695 antequam

303 2716 693 2791 confirmetur,
744 2719 875 2776 satis
915 2715 1081 2774 dubia
1126 2730 1217 2774 res
1256 2722 1373 2789 est,
1423 2712 1491 2771 de
1528 2729 1639 2788 qua
1664 2729 1774 2771 non
1810 2718 1899 2771 est

304 2805 397 2863 bic
424 2804 635 2865 dicendi
662 2807 838 2865 locus.

386 2902 441 2955 3.
476 2898 741 2972 Superest
780 2897 1073 2956 dicendum
1106 2894 1177 2953 de
1214 2892 1480 2966 concilio,
1509 2891 1727 2967 quando
1756 2893 1903 2964 Papa

3349 306 3467 371 321

1970 452 2073 509 mis
2098 451 2294 523 probat
2331 468 2470 509 usus
2491 493 2506 524 ,
2535 448 2730 509 deinde
2757 451 2933 522 rati03
2963 450 3093 524 quia
3121 449 3226 507 tale
3263 447 3560 507 concilium

1970 556 2079 599 non
2106 542 2268 600 babet
2303 543 2444 601 banc
2474 543 2904 601 iurisdictionem
2933 540 3238 599 immediate
3268 541 3336 599 ab
3373 538 3559 615 aliquo

1970 635 2092 689 iure
2119 631 2299 691 divino
2325 635 2572 708 positivo,
2598 637 2728 708 quia
2755 648 2856 691 nec
2885 636 3158 706 seriptum
3183 639 3292 705 est,
3315 647 3416 689 nec
3445 638 3562 688 tra-

1971 721 2172 779 ditione
2199 730 2437 795 constat,
2453 739 2629 798 neque
2655 724 2820 781 etiam
2848 723 3070 781 habeta
3099 737 3314 780 summo
3343 720 3562 779 Pontifi-

1969 827 2057 887 ce;
2084 813 2214 887 quia
2241 818 2622 887 supponimus,
2647 813 2797 871 illum
2819 829 2927 871 non
2953 830 3096 885 esse,
3119 814 3289 887 etqui
3313 826 3566 886 praeces·-

1972 913 2186 976 serunt,
2210 905 2356 963 illam
2377 922 2486 963 non
2513 905 2876 978 reliquerunt,
2901 905 3030 978 quia
3051 904 3261 961 nullum
3283 904 3447 961 etiam
3469 901 3564 960 de-

1970 1002 2185 1054 cretum
2215 995 2282 1053 de
2311 996 2414 1053 boc
2447 996 2739 1070 babemu83
2771 995 2949 1052 solum
2975 1010 3106 1068 ergo
3137 994 3299 1053 habet
3324 1000 3564 1067 potesta-

1969 1093 2105 1159 tem,
2126 1102 2270 1160 quae
2290 1103 2357 1145 ex
2377 1086 2494 1144 iure
2515 1086 2696 1144 divino
2717 1084 2953 1143 naturali
2973 1087 3331 1159 consequitur
3351 1087 3405 1141 in
3427 1099 3562 1157 quo·

1968 1174 2101 1233 libet
2138 1192 2374 1250 corpore
2415 1179 2650 1253 mystico
2671 1218 2687 1245 ,
2719 1182 2782 1233 ut
2820 1175 2993 1248 possit
3034 1190 3092 1233 se
3130 1175 3464 1249 gubernare,
3505 1180 3565 1233 et

1969 1272 2113 1325 tueri
2136 1284 2234 1340 per
2264 1270 2534 1341 principes
2556 1266 2920 1340 particulares
2950 1267 3131 1324 unitos
3151 1266 3202 1322 in
3235 1281 3408 1323 unum
3435 1280 3562 1323 cor-

1968 1372 2097 1431 pus,
2119 1357 2344 1433 quando
2369 1359 2522 1417 deest
2544 1374 2865 1431 supremum
2889 1363 3076 1429 caput.
3097 1356 3240 1415 Haec
3263 1363 3443 1413 autem
3464 1370 3562 1428 po-

1969 1454 2140 1506 testas
2167 1464 2237 1507 ex
2277 1456 2480 1506 natura
2505 1449 2584 1506 rei
2627 1449 2807 1507 solum
2845 1448 3211 1521 consequitur
3245 1446 3310 1502 ad
3351 1445 3564 1518 praedi-

1972 1543 2127 1596 ctum
2152 1539 2334 1612 finem,
2369 1546 2425 1596 et
2449 1554 2578 1597 cum
2605 1537 2750 1596 dicta
2777 1536 3168 1595 moderatione.
3199 1534 3426 1594 Undesi
3452 1534 3563 1592 tale

1969 1630 2266 1689 concilium
2291 1630 2500 1705 aliquas
2526 1629 2696 1688 l'erret
2722 1629 2889 1704 leges,
2920 1627 2992 1685 ad
3019 1642 3298 1686 summum
3334 1629 3564 1699 possent

1968 1719 2208 1795 obligare
2231 1736 2298 1780 ex
2325 1723 2379 1779 vi
2407 1720 2801 1795 acceptationis
2828 1719 3140 1791 Ecclesiae,
3170 1716 3256 1776 vel
3291 1722 3566 1792 quatenus

1969 1810 2168 1885 singuli
2203 1812 2442 1885 episcopi
2480 1819 2704 1884 possent
2741 1810 2859 1869 illas
2897 1812 2956 1867 in
2996 1812 3114 1867 suis
3153 1808 3564 1884 episcopatibus

1968 1900 2134 1976 ferre,
2167 1901 2251 1960 vel
2281 1914 2462 1975 usque
2486 1903 2554 1960 ad
2583 1902 2902 1959 electionem
2930 1900 3228 1959 Pontificis.

2050 1998 2103 2051 5.
2134 1992 2286 2052 Unde
2315 1993 2492 2052 obiter
2529 1993 2875 2067 intelligitur,
2906 1990 3037 2067 quid
3065 1991 3358 2050 dicendum
3387 1991 3459 2049 sit
3491 1990 3562 2049 de

1968 2082 2202 2158 collegio
2250 2082 2606 2142 cardinalium
2631 2126 2646 2157 ,
2690 2090 2920 2141 vacante
2969 2081 3108 2140 Sede
3131 2102 3148 2152 3
3189 2082 3368 2140 nullas
3419 2084 3568 2141 enim

1966 2172 2111 2232 serre
2138 2179 2322 2246 potest
2359 2174 2538 2249 leges,
2567 2190 2712 2248 quae
2749 2174 2988 2248 obligent
3027 2180 3202 2232 totam
3229 2172 3560 2232 Ecclesiam.

1968 2265 2128 2323 Ratio
2156 2270 2273 2335 est,
2304 2266 2433 2339 quia
2461 2264 2647 2323 nullibi
2673 2271 2760 2323 est
2784 2264 2856 2322 illi
2885 2264 3115 2339 collegio
3145 2280 3413 2323 concessa
3438 2264 3564 2322 talis

1968 2353 2299 2413 iurisdictio.
2328 2356 2463 2413 Nam
2487 2354 2556 2413 de
2597 2356 2717 2413 iure
2755 2355 2934 2413 divino
2971 2362 3057 2413 est
3093 2354 3238 2414 idem
3266 2372 3564 2429 argumen-

1970 2453 2111 2517 tum,
2134 2447 2266 2521 quia
2283 2446 2478 2505 nullibi
2503 2453 2742 2507 constat.
2765 2448 2874 2505 Nec
2905 2446 3195 2520 collegium
3222 2448 3405 2520 ipsum
3420 2488 3436 2520 ,
3465 2462 3568 2504 seu

1968 2536 2327 2595 cardinalium
2366 2537 2596 2611 dignitas
2637 2544 2895 2595 censetur
2933 2552 3055 2595 esse
3083 2535 3150 2595 de
3188 2536 3308 2595 iure
3349 2537 3556 2609 divino,

1968 2628 2119 2686 iuxta
2146 2628 2583 2687 communiorem
2610 2630 2934 2686 sententiam
2957 2671 2972 2699 ,
3001 2643 3168 2702 quam
3195 2644 3343 2685 nunc
3371 2626 3586 2685 delini-‘

1969 2733 2115 2775 mus.
2138 2719 2215 2775 De
2241 2718 2362 2775 iure
2381 2733 2514 2775 vero
2534 2718 2912 2776 ecclesiastico
2933 2718 3114 2790 potius
3133 2716 3410 2801 colligitur
3433 2732 3562 2791 pro·-

1967 2806 2161 2865 bibitio
2192 2822 2260 2865 ex
2290 2804 2622 2866 clementina
2641 2813 2731 2867 Ne
2756 2810 3034 2873 Romani,
3065 2807 3131 2865 de
3144 2806 3311 2864 elect.
3337 2809 3390 2864 in
3417 2810 3566 2881 prin-

1966 2900 2080 2970 cip.
2106 2898 2212 2954 ibi:
2239 2900 2492 2956 Initum
2522 2902 2634 2955 aut
2667 2901 2852 2955 inane
2872 2896 3249 2955 decernentes
3275 2896 3564 2972 quidquid

302 3003 409 3045 ¹²00
438 3004 537 3061 1³0¹*
574 3006 665 3062 ὅθ,
696 3004 798 3047 1¹0⁰
826 3004 925 3062 Ρθῐ
962 2987 1176 3062 ¹08³²⁰⁸
1202 2986 1374 3044 ⁸⁶0⁸&
1404 2986 1475 3041 Εῑ
1512 2982 1731 3057 quidssm
1760 2983 1807 3037 ⁸5
1844 2982 1901 3039 in
1960 2991 2273 3064 potestatis
2301 2993 2414 3046 aut
2449 2986 2876 3045 iurisdictionis
2906 2985 2990 3045 ad
3013 3002 3337 3045 romanum
3357 2990 3562 3046 Ponti-

302 3079 557 3137 Ecclesia
584 3080 655 3137 sit
687 3085 875 3138 certus
915 3079 1110 3153 aliquis
1148 3083 1206 3135 et
1240 3074 1583 3133 indubitatus
1619 3073 1891 3145 Pontil'013
1952 3078 2137 3153 ficem
2162 3076 2334 3152 (dum
2357 3080 2529 3149 vivit)
2548 3080 2918 3154 pertinentis,
2947 3082 3143 3135 coetus
3169 3082 3292 3153 ipse
3317 3077 3562 3139 duxerit

304 3168 434 3225 talis
472 3170 825 3244 congregatio
854 3184 959 3227 nec
994 3174 1145 3225 esset
1170 3182 1366 3224 verum
1404 3163 1733 3236 concilium,
1770 3162 1900 3236 quia

302 3276 417 3317 non
447 3267 595 3318 esset
622 3260 853 3334 legitime
880 3266 1171 3331 coactum,
1202 3264 1393 3329 utpote
1419 3255 1535 3312 sine
1562 3254 1897 3312 auctoritate

299 3352 576 3409 Pontificis
614 3351 856 3409 romani:
907 3365 1034 3407 nam
1072 3362 1381 3421 repugnare
1408 3345 1624 3403 videtur
1644 3386 1661 3419 ,
1688 3351 1754 3401 ut
1778 3344 1897 3401 eius

300 3444 637 3500 auctoritate
664 3448 1069 3515 congregetur,
1098 3446 1155 3497 et
1181 3428 1536 3513 quod‘desint
1560 3439 1617 3493 in
1641 3451 1707 3493 eo
1736 3436 1899 3509 legati

303 3532 577 3605 eiusdem,
606 3532 691 3589 vel
719 3530 949 3605 aliquis,
980 3530 1075 3603 qui
1115 3529 1285 3601 ipsius
1322 3528 1539 3585 nomine
1564 3525 1895 3600 praesideat,

302 3628 363 3681 et
392 3622 541 3696 quod
569 3624 639 3680 sit
676 3620 971 3703 concilium
1006 3619 1277 3693 generale.
1305 3617 1459 3677 Unde
1488 3618 1535 3675 si
1576 3616 1679 3675 tale
1704 3617 1895 3674 conci-

300 3713 441 3771 lium
468 3713 721 3785 fingatur,
746 3727 853 3768 non
876 3711 1076 3785 poterit
1090 3709 1199 3767 dici
1223 3708 1495 3783 generale,
1519 3708 1649 3781 quia
1674 3709 1895 3765 omnino

301 3804 363 3860 in
390 3803 485 3861 illo
510 3801 665 3860 deest
692 3802 971 3860 Ecclesiae
996 3807 1198 3873 caput,
1224 3815 1355 3857 cum
1382 3806 1564 3856 tamen
1592 3813 1660 3856 eo
1685 3805 1897 3871 tempo·

1964 3167 2378 3227 exercendum.
2393 3170 2692 3243 solumque
2715 3169 2783 3226 ibi
2803 3169 3167 3241 excipiuntur,
3191 3171 3406 3244 quaein
3429 3186 3556 3245 cap.

1972 3258 2083 3321 Ubi
2099 3258 2456 3335 periculum,
2487 3258 2555 3317 de
2582 3260 2836 3317 election.
2860 3261 2916 3317 in
2947 3262 3004 3331 6,
3028 3258 3396 3318 cardinalibus
3424 3276 3562 3319 con-

1964 3350 2274 3425 ceduntur,
2307 3351 2378 3407 ibi
2411 3358 2592 3409 autem
2620 3351 2750 3408 nibil
2777 3352 2858 3407 eis
2893 3348 3257 3425 conceditur,
3288 3352 3388 3409 nisi
3415 3367 3562 3426 quae

1962 3440 2035 3498 ad
2068 3441 2386 3499 electionem
2424 3441 2722 3512 Pontificis,
2752 3448 2812 3499 et
2848 3440 2918 3498 ad
2958 3440 3326 3499 defensionem
3364 3442 3566 3499 Eccle-

1963 3534 2073 3591 siae
2092 3572 2107 3603 ,
2136 3538 2195 3589 et
2219 3548 2361 3606 quae
2389 3531 2457 3589 ad
2493 3530 2824 3591 obviandum
2851 3532 3260 3589 imminentibus
3298 3532 3562 3604 periculis

1962 3629 2237 3695 spectant.
2269 3624 2346 3680 De
2385 3622 2608 3695 reliquis
2633 3638 2764 3679 vero
2803 3623 2986 3695 potius
3013 3621 3245 3679 dicitur:
3288 3620 3466 3699 Quod
3499 3638 3562 3679 se

1962 3700 2341 3787 nequaquam
2367 3710 2440 3769 de
2477 3710 2602 3771 alio
2637 3716 2864 3786 neyotio
2890 3716 3310 3771 intromittant.
3343 3715 3414 3771 Et
3440 3715 3496 3771 in
3525 3720 3560 3781 s

1963 3808 2190 3861 certum
2203 3847 2218 3869 ,
2263 3801 2515 3861 additur:
2559 3804 2740 3863 Omni
2779 3809 3022 3870 conatu,
3055 3808 3114 3861 et
3141 3802 3557 3875 sollieitudine,

302 3910 391 3969 re,
424 3900 491 3952 ut
508 3892 860 3967 supponitur,
884 3908 993 3950 non
1020 3890 1165 3949 desit
1182 3890 1237 3947 in
1256 3889 1528 3948 Ecclesia.
1551 3887 1706 3948 Unde
1730 3890 1897 3947 etiam
1956 3897 2145 3968 prout
2156 3891 2532 3967 passibilitas
2543 3894 2797 3967 patitur,
2815 3892 2881 3949 id
2900 3896 3103 3951 acturi
3123 3893 3555 3962 tantummodo,

300 3984 399 4043 illo
426 3999 564 4043 casu
590 3984 717 4042 ficto
746 3981 985 4041 admisso
1004 4023 1021 4056 ,
1050 3986 1297 4051 constat,
1320 3979 1543 4038 decreta
1560 3986 1621 4037 et
1644 3979 1791 4053 leges
1819 3986 1900 4037 ta-

302 4074 377 4132 lis
404 4073 619 4133 concilii
646 4090 755 4131 non
797 4089 961 4147 posse
986 4072 1229 4147 obligare
1254 4071 1565 4129 universam
1591 4070 1899 4129 Ecclesiam

302 4172 433 4223 ante
472 4165 937 4222 confirmationem
964 4165 1143 4236 Papae
1163 4204 1181 4235 ,
1210 4163 1339 4237 quia
1366 4178 1474 4219 non
1510 4168 1598 4219 est
1622 4162 1895 4235 generale,

301 4263 365 4312 et
401 4256 529 4328 quia
552 4253 621 4312 de
660 4254 752 4312 illo
793 4268 823 4311 a
866 4252 1081 4311 fortiori
1107 4250 1417 4326 procedunt
1452 4252 1605 4310 dicta
1628 4254 1685 4310 in
1725 4252 1897 4326 priori

304 4353 540 4423 puncto.

383 4442 441 4496 4.
473 4435 661 4495 Solum
689 4450 823 4509 ergo
859 4440 1118 4509 superest
1142 4432 1403 4504 dubium,
1433 4433 1653 4507 quando
1682 4434 1899 4492 contin-

302 4528 409 4603 git,
443 4525 551 4584 tale
592 4526 887 4584 concilium
932 4524 1255 4599 congregari
1298 4522 1581 4589 deficiente
1620 4525 1897 4600 Pontifice,

302 4623 538 4691 propter
563 4620 815 4673 exortum
840 4604 1084 4671 schisma
1105 4657 1122 4686 ,
1150 4620 1215 4672 ut
1242 4613 1471 4687 contigit
1495 4619 1739 4688 tempore
1768 4630 1901 4673 con-

302 4707 416 4764 cilii
442 4704 877 4763 constantiensis.
910 4706 981 4762 Et
1023 4711 1159 4763 tunc
1198 4702 1491 4761 dicendum
1528 4720 1729 4762 censeo
1750 4748 1765 4777 ,
1794 4705 1901 4763 tale

302 4796 609 4853 concilium
646 4794 827 4853 solum
866 4794 1064 4852 habere
1090 4809 1213 4853 eam
1253 4800 1608 4868 potestatem,
1637 4810 1780 4869 quae
1806 4810 1906 4853 ne-

302 4886 551 4945 cessaria
576 4892 663 4944 est
696 4884 869 4943 veluti
898 4885 967 4943 ad
1006 4884 1371 4943 defensionem
1399 4884 1711 4959 Ecclesiae,
1750 4892 1809 4953 et
1832 4884 1902 4942 ad

305 4976 702 5054 pacificandam
716 4975 861 5034 illam
880 4975 1133 5051 eligendo
1152 4991 1433 5033 summum
1447 4975 1761 5051 Pontificem
1782 4991 1903 5033 cer-

304 5076 455 5142 tum3
477 5074 536 5125 et
558 5067 678 5125 ideo
704 5067 885 5126 solum
912 5082 979 5125 ea
1005 5081 1168 5140 posse
1188 5066 1527 5139 praecipere,
1549 5072 1606 5123 et
1631 5064 1903 5139 ordinare,

306 5172 455 5235 quae
481 5157 549 5216 ad
578 5156 727 5215 bunc
753 5158 911 5214 tinem
938 5157 1253 5215 necessaria
1278 5162 1431 5225 sunt,
1456 5170 1567 5214 non
1593 5170 1726 5215 vero
1755 5156 1908 5232 leges

306 5254 607 5325 perpetuas
630 5264 730 5323 pro
750 5250 1007 5306 universa
1026 5248 1277 5307 Ecclesia
1300 5254 1568 5310 statuere.
1584 5250 1701 5309 Hoc
1720 5250 1774 5308 in
1795 5249 1907 5325 pri·

466 5360 661 5410 susam.
681 5360 741 5405 De
757 5360 947 5415 Lentim
961 5380 1015 5393 —
1026 5359 1135 5405 Pars
1152 5358 1190 5405 l.

1964 3986 2033 4041 ut
2050 3998 2258 4040 eorum
2267 3984 2596 4041 ministerio
2617 3980 2980 4041 acceleretur
3003 3980 3172 4040 utilis
3191 3988 3297 4059 etp
3304 4000 3564 4045 erneces·

1964 4074 2142 4131 saxia
2167 4075 2347 4131 totius
2373 4070 2584 4129 mundi
2601 4075 2940 4149 pronti-isio.
2967 4076 3148 4146 Atque
3174 4072 3310 4132 haec
3346 4082 3564 4131 senten-

1962 4166 2041 4222 tia
2068 4164 2306 4221 sumitur
2332 4178 2402 4223 ex
2426 4163 2618 4222 Glossa
2643 4164 2695 4219 in
2721 4162 3052 4221 clementina
3080 4165 3246 4221 unica
3265 4206 3282 4237 ,
3309 4164 3377 4221 de
3416 4163 3566 4222 schi-

1968 4255 2232 4328 smaticis,
2247 4254 2413 4312 verbo
2437 4252 2586 4313 Sede
2605 4258 2880 4321 vacante,
2900 4256 2954 4309 in
2981 4253 3108 4326 line3
3135 4253 3232 4311 sed
3253 4256 3567 4328 expressius

1966 4344 2151 4403 Abbas
2187 4346 2240 4401 in
2278 4360 2332 4401 c.
2367 4344 2524 4403 Cum
2547 4346 2634 4413 te,
2673 4342 2742 4401 de
2776 4358 2836 4400 re
2864 4341 3035 4400 indic.
3065 4359 3220 4402 num.
3259 4348 3357 4420 13,
3395 4352 3454 4403 et
3493 4344 3566 4401 ibi

1966 4435 2188 4494 Felinus
2209 4450 2364 4495 num.
2394 4438 2486 4507 11,
2509 4437 2567 4492 et
2591 4438 2793 4493 Anton.
2819 4434 2886 4493 de
2905 4434 3063 4492 Butr.
3089 4440 3148 4493 et
3171 4435 3340 4493 lmola
3361 4436 3415 4493 in
3437 4450 3562 4508 cap.

1982 4524 2319 4595 Translate,
2357 4523 2424 4582 de
2451 4525 2672 4583 constit.

2043 4615 2390 4674 Contrarium
2418 4630 2551 4673 vero
2581 4616 2760 4673 tenuit
2797 4614 3106 4674 Archidiac.
3138 4632 3270 4675 cum
3299 4618 3563 4675 Laurent.

1968 4706 2022 4762 in
2048 4721 2174 4779 cap.
2213 4707 2369 4763 Cum
2394 4707 2862 4773 constitueretur,
2895 4710 2985 4763 50.
3011 4705 3141 4763 dist.
3166 4706 3221 4764 in
3247 4707 3374 4778 fine,
3398 4716 3457 4764 et
3482 4722 3572 4770 se·-

1968 4797 2159 4869 quitur
2181 4794 2421 4854 lacobat.
2447 4793 2540 4853 lib.
2573 4802 2622 4854 1.
2645 4793 2718 4851 de
2745 4793 3053 4856 Consiliis.
3079 4796 3241 4853 artic.
3275 4800 3364 4869 12,
3391 4813 3447 4870 p.
3469 4802 3565 4870 38,

1968 4885 2161 4943 Alban.
2193 4882 2268 4942 de
2298 4884 2554 4944 cardin.
2585 4893 2804 4960 quaest.
2834 4889 2930 4945 42.
2959 4885 3014 4943 in
3041 4885 3176 4959 fine,
3207 4886 3466 4945 Hansred.
3497 4885 3570 4945 de

1967 4973 2346 5034 cardinalibus
2365 4975 2540 5034 decis.
2555 4980 2611 5035 6.
2626 4974 2933 5050 Fundetur,
2958 4976 3089 5050 quia
3108 4981 3330 5033 senatus
3357 4982 3574 5050 poterat

1969 5064 2213 5123 condere
2240 5064 2437 5139 legem,
2461 5066 2649 5139 l.0non
2675 5066 2962 5139 abiqttur,
2992 5066 3051 5123 ff.
3083 5064 3153 5123 de
3182 5067 3428 5141 legibus3
3451 5067 3579 5126 col·

1970 5157 2175 5232 legium
2203 5164 2388 5216 autem
2416 5157 2774 5216 cardinalium
2800 5156 2962 5214 babet
2987 5157 3377 5216 auctoritatem
3411 5174 3572 5215 sena-

1971 5256 2089 5325 tus,
2118 5264 2246 5323 cap.
2270 5246 2564 5318 Ecclesia,
2599 5253 2690 5321 ta,
2719 5254 2937 5325 quaest.
2970 5251 3103 5323 l,et
3119 5263 3252 5323 cap.
3280 5250 3576 5313 consm-

3059 5356 3108 5400 41
