4325 6267
949 335 1072 398 120

767 497 777 508 ·
868 494 1030 551 posse
1068 485 1446 550 praeceptum,
1463 478 1634 536 altero
1662 495 1693 538 e
1719 481 1935 538 duobus
1959 483 2159 538 modis.
2186 485 2336 540 Unus
2358 488 2463 552 est,

871 575 934 624 ut
968 571 1149 625 omnia
1182 585 1343 641 opera
1373 576 1560 626 nostra
1591 571 1714 627 talia
1744 575 1871 644 sint,
1901 580 1965 628 ut
1991 580 2259 645 quantum
2287 580 2373 628 est
2400 589 2467 628 ex

877 675 934 714 se
974 661 1026 714 in
1072 659 1296 732 gloriam
1326 662 1417 716 Dei
1447 661 1674 732 cedant,
1705 663 1913 718 etiamsi
1944 671 2102 720 actus
2131 663 2198 719 ad
2228 655 2330 719 h'oc
2360 679 2465 718 non

875 751 1202 820 reserantur,
1223 751 1368 808 iuxta
1387 751 1610 809 verbum
1634 752 1832 808 Christi
1854 755 2040 812 Matth.
2069 759 2121 810 5:
2151 756 2254 810 Sic
2274 751 2467 810 luceat

867 839 975 898 lux
1027 847 1227 898 vestra
1268 859 1474 898 coram
1512 843 1872 910 hominibus,
1920 849 1989 900 ut
2013 842 2255 900 videant
2286 858 2469 917 opera

863 936 1062 988 vestra
1101 931 1286 999 bona,
1321 938 1377 988 et
1404 931 1731 1006 qlorificent
1759 936 2004 990 Patrem
2031 939 2323 1012 vestrum,
2360 934 2465 1005 qui

863 1025 929 1077 in
961 1021 1144 1079 caelis
1185 1027 1288 1078 est.
1333 1024 1450 1078 Non
1479 1024 1616 1079 enim
1646 1031 1732 1080 est
1761 1041 1982 1095 sensus,
2014 1033 2271 1097 oportere
2300 1041 2465 1095 opera

865 1111 1045 1170 facere
1084 1127 1148 1168 eo
1187 1113 1289 1170 line
1310 1154 1324 1182 ,
1365 1120 1428 1169 ut
1463 1113 1747 1170 videantur
1776 1115 1843 1170 ab
1869 1115 2007 1187 aliis,
2039 1117 2134 1188 qui
2165 1114 2467 1188 glorificent

863 1203 1069 1276 Deum,
1109 1203 1205 1259 etsi
1246 1203 1387 1260 enim
1427 1203 1512 1260 hic
1551 1205 1668 1260 linis
1705 1203 1771 1261 de
1809 1223 1866 1262 se
1902 1206 2081 1262 bonus
2109 1207 2209 1276 sit,
2242 1221 2349 1261 non
2378 1212 2466 1261 est

865 1300 1044 1350 tamen
1091 1295 1434 1352 necessarius
1455 1334 1470 1365 ,
1502 1310 1603 1350 nec
1634 1295 1902 1353 ordinarie
1929 1295 2301 1353 consulendus
2334 1312 2463 1368 pro-

863 1389 986 1456 pter
1030 1383 1374 1458 periculum3
1419 1400 1614 1440 sensus
1653 1401 1786 1458 ergo
1813 1394 1929 1457 est,
1961 1386 2083 1443 talia
2109 1385 2309 1443 debere
2339 1402 2459 1443 esse

865 1489 1056 1545 opera,
1087 1479 1152 1530 ut
1178 1475 1220 1528 si
1239 1474 1556 1546 ‚videantun
1583 1491 1650 1531 ex
1679 1475 1782 1532 illis
1803 1477 1978 1548 possit
1999 1478 2271 1534 resultare
2292 1477 2463 1550 gloria

863 1567 994 1621 Deo.
1032 1565 1149 1621 Alio
1181 1564 1345 1621 modo
1369 1571 1553 1636 potest
1575 1565 1661 1623 hic
1685 1567 1908 1640 intelligi
1930 1575 2291 1640 praeceptum
2315 1565 2465 1622 affir-

865 1655 1150 1724 mativum,
1184 1654 1332 1728 quod
1362 1655 1565 1729 obligat
1592 1673 1829 1730 semper,
1855 1658 1950 1714 sed
1973 1675 2081 1714 non
2104 1675 2203 1730 pro
2226 1673 2461 1729 semper,

867 1747 966 1803 nisi
997 1747 1046 1802 in
1079 1748 1491 1819 praeparatione
1524 1748 1705 1820 animi,
1739 1748 1970 1820 scilicet,
1997 1757 2060 1804 ut
2087 1750 2261 1820 parati
2289 1749 2463 1803 simus

863 1837 1044 1894 omnia
1084 1845 1310 1909 propter
1344 1838 1568 1910 gloriam
1600 1839 1693 1894 Dei
1733 1839 1947 1910 faeere,
1973 1839 2076 1894 .vel
2105 1854 2172 1895 ex
2211 1839 2461 1907 caritate,

865 1928 951 1985 vel
979 1943 1080 1998 pro
1116 1927 1460 1983 consessione
1489 1927 1721 1983 nominis
1751 1927 1968 2002 Christi,
2000 1927 2219 2002 quando
2241 1943 2465 1985 necesse

864 2019 1049 2086 suerit,
1081 2019 1164 2075 vel
1196 2021 1517 2091 oportuerit.

945 2113 1000 2167 9.
1030 2108 1112 2165 Ad
1135 2108 1444 2165 testimonia
1463 2109 1753 2190 Augustini
1779 2110 1832 2165 in
1863 2111 2095 2181 propriis
2117 2109 2253 2167 locis
2274 2107 2341 2166 de
2364 2107 2467 2164 fide

2312 356 2513 408 LIBER
2542 356 2618 402 11.

2536 497 2667 538 cum
2690 485 3197 538 Retractationnm
3221 480 3493 538 hactenus
3515 495 3621 537 non
3643 479 3845 552 inveni;
3870 479 3963 536 sed
3986 478 4105 537 haec

2536 588 2683 629 nunc
2712 571 2779 629 de
2808 573 3115 645 Augustino
3144 573 3443 629 sufficiant.

2610 661 2691 719 Ad
2722 663 2983 719 rationem
3030 662 3391 733 respondetur
3434 679 3563 719 cum
3599 660 3655 718 d.
3697 660 3933 728 Thoma,
3964 677 4109 732 quem

2534 747 2664 810 Soto'
2700 759 2756 808 et
2790 753 2876 808 alii
2916 753 3227 825 imitantur,
3276 753 3435 809 linem
3472 752 3751 824 praecepti
3790 766 3900 806 non
3938 751 4109 806 cadere

2534 842 2639 899 sub
2680 848 3053 914 praeceptum.
3097 842 3168 898 Et
3206 841 3327 898 ideo
3368 841 3494 898 licet
3520 844 3665 898 Deus
3698 840 3941 897 intendat
3966 842 4111 896 maxi·

2534 948 2657 1005 me,
2700 939 2761 989 ut
2798 949 2863 989 ex
2905 931 3129 989 caritate
3172 947 3495 1004 operemur,
3536 948 3644 988 non
3686 939 3871 988 tamen
3899 930 3949 986 id
3974 931 4109 985 nobis

2532 1024 2801 1095 praecipit
2828 1025 2885 1079 in
2914 1023 3165 1080 omnibus
3189 1022 3474 1094 operibus,
3500 1039 3721 1094 nec-per
3743 1021 3957 1096 singula
3979 1038 4111 1093 prae·

2534 1121 2691 1186 cepta
2711 1155 2726 1186 ,
2758 1114 2851 1171 sed
2882 1113 3059 1170 solum
3087 1130 3186 1186 per
3215 1113 3447 1186 speciale
3476 1123 3831 1187 praeceptum
3862 1113 4105 1182 caritatis,

2532 1204 2681 1278 quod
2712 1205 2826 1261 suis
2854 1204 3192 1276 temporibus
3222 1204 3551 1261 servandum
3579 1215 3697 1277 est;
3722 1204 3959 1277 ideoque
3977 1210 4113 1258 extra

2529 1293 2675 1351 illam
2704 1298 3083 1352 necessitatem
3122 1295 3410 1366 specialem
3452 1296 3655 1368 poterit
3693 1312 3805 1352 non
3838 1293 4011 1350 solum
4038 1292 4107 1349 lex

2531 1384 2837 1458 naturaliS,
2884 1387 2977 1444 sed
3021 1386 3182 1443 etiam
3226 1387 3660 1459 supernaturalis
3704 1387 3825 1442 sine
3852 1383 3945 1441 illo
3972 1383 4109 1440 modo

2533 1477 2755 1534 servari.
2780 1478 2867 1533 Sic
2889 1478 3032 1534 enim
3055 1484 3317 1549 peccator
3331 1476 3665 1534 christianus
3684 1474 3961 1532 credendo
3982 1489 4113 1546 prae·

2534 1576 2753 1641 ceptum
2784 1569 2903 1625 fidei
2932 1568 3154 1641 implet,
3190 1568 3321 1624 licet
3346 1584 3415 1624 ex
3443 1568 3673 1624 caritate
3700 1583 3809 1622 non
3840 1564 4043 1634 credat,
4068 1570 4111 1619 et

2535 1661 2692 1715 [inem
2721 1661 2963 1730 proxime
2992 1675 3022 1714 a
3050 1661 3159 1715 Deo
3189 1658 3457 1715 intentum
3484 1673 3580 1729 per
3612 1647 3745 1713 illud
3780 1661 4111 1728 praeceptum

2532 1749 2875 1821 assequitur3
2909 1765 3033 1804 nam
3067 1747 3150 1804 hic
3181 1746 3481 1804 includitur
3510 1750 3563 1804 in
3589 1749 3708 1818 ipso
3734 1754 4039 1817 praecepto,
4062 1745 4112 1799 li-

2533 1847 2623 1895 cet
2662 1841 3033 1897 extrinsecum
3074 1855 3172 1896 seu
3210 1847 3489 1896 remotum
3530 1855 3636 1896 non
3678 1844 4035 1911 assequatur:
4062 1845 4109 1890 et

2538 1930 2681 1988 idem
2706 1937 2792 1989 est
2818 1931 2884 1989 de
2913 1929 3029 1989 aliis
3059 1931 3388 2004 praeceptis.

3092 2121 3370 2193 CAPUT
3415 2123 3560 2190 X11.
3578 2137 3587 2146 ·

865 2205 921 2256 et
949 2200 1178 2256 caritate
1207 2214 1272 2255 ex
1303 2198 1547 2268 professo
1575 2199 2048 2270 respondebimus,
2081 2201 2207 2272 quia
2228 2200 2295 2256 de
2317 2205 2469 2256 utra·
2540 2187 2547 2194 ’

867 2305 975 2363 que
1017 2290 1219 2346 virtute
1261 2287 1424 2345 habet
1463 2289 1804 2364 Augustinus
1843 2289 1964 2346 loca
2007 2289 2265 2346 difficilia.
2307 2289 2466 2345 Nunc

873 2381 998 2438 dico
1019 2423 1032 2450 ,
1070 2393 1232 2450 posse
1273 2381 1641 2451 Augustinum
1679 2382 1878 2451 exponi
1909 2376 2098 2436 eodem
2129 2379 2323 2451 modo,
2354 2394 2466 2451 quo

869 2471 1211 2542 scripturam
1235 2509 1250 2540 ,
1281 2475 1346 2525 ut
1373 2472 1586 2540 operari
1613 2485 1678 2525 ex
1708 2471 1937 2525 caritate
1963 2485 2069 2524 non
2101 2471 2171 2524 sit
2197 2467 2337 2540 elici,
2370 2474 2469 2525 aut

869 2562 1122 2632 imperari
1165 2575 1196 2615 a
1233 2561 1482 2632 caritate,
1517 2559 1610 2616 sed
1641 2560 1854 2632 operari
1882 2567 2253 2617 consentanee
2281 2559 2347 2616 ad
2377 2576 2467 2616 ca-

865 2655 1084 2711 ritatem
1104 2695 1118 2723 ,
1150 2653 1226 2708 ita
1254 2657 1318 2708 ut
1345 2651 1585 2723 operatio
1615 2650 1734 2708 talis
1765 2653 1868 2723 sit,
1901 2667 2042 2724 quae
2074 2651 2303 2707 caritate
2339 2649 2470 2707 diri-

868 2745 944 2818 gi,
975 2752 1030 2800 et
1057 2742 1168 2798 lieri
1196 2742 1390 2814 possit,
1417 2742 1488 2798 ita
1511 2747 1573 2798 ut
1594 2743 1797 2798 caritas
1820 2757 2033 2814 semper
2056 2741 2124 2796 sit
2143 2739 2209 2796 de
2234 2756 2290 2796 se
2310 2741 2469 2813 quasi

867 2833 1060 2906 regula
1086 2833 1214 2889 boni
1244 2834 1443 2904 operiS,
1475 2831 1606 2890 licet
1633 2847 1739 2887 non
1765 2847 1988 2888 necesse
2010 2833 2104 2904 sit,
2131 2837 2198 2887 ut
2216 2831 2283 2887 sit
2304 2831 2466 2887 etiam

866 2923 1194 2996 principium
1223 2922 1307 2979 vel
1337 2921 1454 2978 finis
1481 2922 1548 2978 ab
1576 2928 1832 2994 operante
1864 2923 2126 2979 intentus.
2151 2920 2306 2978 Unde
2336 2936 2463 2978 cum

866 3015 958 3085 ait,
1001 3030 1121 3070 non
1161 3013 1300 3070 bene
1321 3011 1490 3084 fieri,
1525 3011 1680 3084 quod
1707 3017 1832 3068 sine
1868 3011 2179 3068 dilectione
2194 3011 2305 3084 fit,
2344 3027 2465 3083 per-

864 3103 988 3161 inde
1030 3111 1147 3174 est,
1179 3121 1244 3160 ac
1288 3103 1330 3158 si
1359 3103 1596 3172 diceret,
1627 3103 1774 3175 quod
1814 3120 1920 3159 non
1953 3104 2010 3160 fit
2037 3102 2307 3160 dilectioni
2335 3119 2465 3160 con-

865 3201 1184 3251 sentaneum
1205 3237 1218 3264 ,
1267 3200 1362 3249 aut
1402 3191 1547 3265 quod
1578 3193 1637 3248 lit
1661 3208 1692 3249 a
1718 3193 2000 3250 dilectione
2029 3192 2291 3250 alienum.
2322 3194 2461 3249 Cum

865 3301 997 3343 vero
1034 3287 1144 3356 ait,
1185 3282 1522 3340 voluntatem
1567 3285 1682 3339 sine
1712 3285 1939 3340 caritate
1969 3289 2136 3340 totam
2166 3298 2284 3339 esse
2312 3284 2467 3339 vitio-

865 3393 981 3432 sam
1023 3373 1407 3447 cupiditatem,
1449 3379 1631 3444 potest
1666 3375 1829 3430 etiam
1867 3375 2060 3446 exponi
2089 3372 2155 3429 de
2184 3373 2466 3429 voluntate

864 3466 1011 3538 ipsa,
1057 3482 1163 3522 non
1205 3464 1271 3521 de
1313 3451 1546 3536 singulis
1589 3463 1802 3519 actibus
1841 3466 1990 3534 eius,
2022 3470 2079 3520 et
2107 3470 2221 3520 tota
2249 3463 2465 3520 dicatur

865 3573 987 3613 esse
1016 3557 1208 3612 vitiosa
1246 3553 1518 3624 cupiditas
1547 3552 1737 3610 morali
1767 3553 1952 3624 modo,
1981 3569 2088 3609 non
2117 3553 2301 3626 rigore
2330 3553 2466 3630 phy-

865 3649 1016 3720 sico,
1054 3646 1182 3718 quia
1220 3645 1472 3700 voluntas
1510 3643 1778 3700 destituta
1820 3644 2079 3714 caritate,
2121 3644 2363 3701 vincitur
2390 3646 2467 3701 vi-

866 3737 1006 3793 tiosa
1021 3735 1315 3807 cupiditate
1337 3734 1687 3806 regulariter,
1704 3741 1823 3791 esto
1845 3736 2016 3806 possit
2039 3733 2311 3792 interdum
2332 3734 2465 3791 bene

865 3827 1076 3901 operari
1104 3843 1171 3883 ex
1199 3840 1384 3882 amore
1410 3824 1626 3881 honesti
1652 3826 1769 3880 sine
1803 3825 2066 3881 relatione
2095 3825 2370 3898 caritatis,
2402 3830 2467 3883 ut

865 3917 1028 3975 latius
1063 3919 1116 3974 in
1155 3911 1391 3974 tractatu
1429 3914 1502 3971 de
1544 3917 1764 3972 Gratia
1801 3914 2068 3972 dicemus.
2109 3915 2288 3988 Aliqui
2330 3931 2463 3973 vero

865 4014 1143 4080 exponunt
1172 4007 1572 4079 Augustinum,
1603 4013 1668 4062 ut
1693 4008 1746 4062 in
1775 4005 1876 4063 illis
1906 4007 2041 4064 locis
2069 4007 2291 4063 nomine
2320 4008 2461 4065 cari·

867 4101 992 4159 tatis
1033 4116 1140 4156 non
1183 4098 1448 4170 intelligat
1485 4099 1747 4154 virtutem
1784 4097 2021 4154 infusam
2063 4097 2460 4171 theologicam,

866 4191 962 4248 sed
989 4188 1293 4263 generalem
1324 4188 1578 4245 affectum
1606 4187 1732 4243 boni
1761 4187 1993 4258 honesti,
2027 4203 2125 4244 seu
2155 4195 2306 4244 recte
2332 4203 2460 4260 ope-

865 4279 1018 4338 randi
1049 4287 1270 4352 propter
1297 4278 1560 4335 iustitiam
1591 4279 1785 4349 ipsam.
1827 4279 2219 4335 Verumtamen
2240 4279 2294 4334 in
2318 4277 2464 4334 dieto

868 4387 922 4428 c.
957 4376 1042 4430 18.
1069 4369 1142 4427 de
1169 4368 1336 4426 liber.
1363 4367 1494 4426 arb.
1522 4375 1579 4424 et
1599 4371 1692 4426 26.
1719 4365 1790 4424 de
1815 4371 1974 4441 yrat.
2001 4369 2244 4436 Christi,
2278 4374 2463 4440 aperte

869 4459 1116 4533 loquitur
1144 4458 1211 4516 de
1239 4457 1329 4514 illa
1358 4459 1610 4528 caritate,
1641 4456 1802 4514 cuius
1830 4465 1918 4515 est
1944 4456 2079 4514 illud
2105 4465 2465 4531 praeceptum

866 4549 1093 4608 Christi:
1130 4545 1504 4606 Mandatum
1531 4563 1747 4604 novum
1773 4544 1848 4603 do
1876 4546 2060 4616 vobis,
2097 4552 2165 4604 ut
2192 4545 2459 4621 diliqatis

867 4645 1137 4707 invicem,
1165 4642 1313 4697 loan.
1338 4643 1426 4712 13,
1442 4643 1498 4695 et
1509 4638 1668 4694 illud:
1689 4636 1916 4711 Diliqes
1930 4641 2259 4695 Dominum
2270 4641 2466 4694 Deum

869 4738 1036 4790 lencm
1063 4747 1139 4788 ex
1169 4735 1288 4788 toto
1316 4727 1490 4786 corde
1516 4734 1634 4796 tuo,
1671 4733 1727 4784 et
1749 4731 2092 4802 proximum
2121 4733 2291 4785 tet-um
2315 4730 2467 4785 sic-ut

869 4829 922 4880 te
948 4826 1165 4897 ipsum,
1193 4825 1352 4879 Deut.
1389 4826 1444 4891 6,
1469 4821 1597 4878 Mar.
1638 4823 1724 4878 12.
1751 4821 1885 4877 ltem
1908 4820 2152 4893 loquitur
2174 4820 2241 4876 de
2264 4817 2353 4876 illa
2375 4835 2467 4876 ca-

867 4917 1049 4984 ritate,
1080 4913 1144 4968 de
1173 4929 1282 4985 qua
1310 4914 1503 4967 Petrus
1536 4916 1582 4969 1.
1615 4925 1704 4982 ep.
1736 4927 1860 4982 cap.
1889 4915 1944 4969 4.
1977 4911 2130 4981 dixit,
2157 4910 2306 4984 quod
2337 4926 2468 4984 ope-

867 5009 951 5062 rit
987 5001 1428 5060 ntultitudinem
1461 5006 1887 5076 peccatorum,·
1925 5007 1980 5057 et
2005 4999 2072 5056 de
2100 5015 2210 5073 qua
2240 5002 2465 5057 loannes

872 5095 1141 5168 loquitur,
1174 5108 1304 5149 cum
1333 5091 1496 5148 dicit:
1529 5090 1869 5164 Diliyamus
1895 5093 2168 5159 invicem,
2196 5094 2344 5163 quia
2365 5107 2468 5149 ca-

868 5189 1022 5243 ritas
1062 5200 1138 5242 ex
1178 5185 1301 5244 Deo
1341 5187 1446 5239 est.
1491 5183 1635 5240 llaec
1677 5183 1820 5239 enim
1863 5182 1933 5239 ibi
1961 5182 2185 5239 adducit
2209 5184 2467 5258 Augusti·

873 5293 1002 5347 nuS,
1035 5282 1100 5334 ut
1127 5273 1363 5348 explicet
1389 5273 1456 5332 de
1482 5289 1591 5348 qua
1617 5273 1846 5334 caritate
1875 5271 2158 5347 loquatur.
2184 5274 2367 5332 Alium
2389 5273 2469 5332 lo·

2542 2320 2753 2379 Utrum
2775 2315 2871 2374 lex
2891 2317 3199 2377 naturalis
3217 2336 3335 2376 non
3354 2317 3546 2376 solum
3560 2317 3883 2394 prohibeat
3903 2315 4109 2391 aliquos

2763 2415 2951 2476 actus,
2988 2408 3091 2467 sed
3116 2413 3299 2467 etiam
3326 2413 3522 2468 irritet
3546 2413 3904 2468 contrarios.

3090 2593 3574 2656 summarium

2538 2779 2589 2830 1.
2618 2777 2890 2828 Permissio
2914 2789 3014 2827 non
3038 2777 3193 2829 habet
3219 2779 3385 2828 locum
3406 2781 3457 2829 in
3479 2781 3596 2844 lege
3615 2779 3863 2830 naturali.
3886 2805 3953 2816 —-
3970 2777 4018 2829 9..
4036 2777 4115 2829 Ra-

2607 2850 2680 2899 tio
2712 2847 3048 2898 difficultatis.
3087 2877 3156 2885 —-
3191 2849 3243 2899 3.
3280 2850 3439 2900 Actus
3471 2857 3648 2901 contra
3676 2851 3757 2900 ius
3781 2852 4011 2900 naturale
4032 2865 4113 2898 non

2606 2919 2770 2969 solum
2793 2924 2912 2968 sunt
2938 2919 3102 2981 pravi,
3126 2919 3213 2969 sed
3233 2919 3505 2982 aliquando
3523 2921 3676 2970 etiam
3698 2922 3862 2972 irriti.
3886 2948 3952 2957 —
3968 2921 4017 2970 4.
4034 2920 4113 2969 Re·

2604 2990 2755 3052 gulae
2791 2988 2853 3037 ad
2878 2988 3305 3050 dignoscendum,
3332 2991 3536 3053 quando
3562 2999 3708 3042 actus
3730 2993 3839 3042 sint
3866 2992 3997 3041 irriti
4022 2991 4113 3040 iure

2604 3067 2837 3110 naturae.
2866 3086 2935 3095 —
2971 3059 3136 3108 Prima
3173 3060 3369 3120 regula.
3407 3088 3477 3097 ——
3510 3061 3562 3110 5.
3590 3061 3820 3110 Secunda
3850 3062 4035 3124 regula.
4060 3087 4113 3096 -

2606 3125 2658 3180 6.
2688 3128 2897 3191 Quando
2921 3136 3067 3180 actus
3091 3143 3190 3180 non
3215 3131 3282 3180 sit
3309 3131 3514 3187 irritus,
3542 3132 3664 3182 licet
3689 3133 3756 3183 sit
3786 3133 3903 3184 iure
3926 3139 4113 3182 naturae

2605 3200 2912 3265 prohibitus.

2618 3374 2668 3429 1.
2702 3370 3015 3428 Tractando
3052 3369 3119 3428 de
3157 3369 3485 3445 obligatione
3513 3372 3649 3446 legis
3674 3374 3975 3448 naturalis,
4004 3388 4113 3431 con·

2540 3471 2839 3535 sequenter
2866 3461 3231 3534 explicuimus
3270 3461 3381 3519 sere
3418 3479 3606 3520 omnes
3634 3465 3899 3538 effectus,
3928 3467 4017 3538 qui
4042 3479 4115 3520 so·

2536 3551 2649 3609 lent
2696 3551 2802 3625 legi
2844 3551 2894 3608 in
2934 3555 3215 3608 communi
3256 3553 3516 3630 attribui3
3558 3569 3682 3615 nam
3724 3552 4115 3612 constatexdi-

2535 3643 2641 3699 ctis
2661 3684 2676 3715 ,
2707 3641 2816 3698 hoc
2846 3643 2930 3700 ius
2957 3641 3225 3716 quaedam
3250 3641 3391 3699 bona
3417 3645 3757 3718 praecipere,
3790 3645 3935 3704 mala
3958 3642 4115 3718 prohi-

2534 3733 2693 3805 bere,
2734 3734 3148 3804 permissionem
3192 3740 3375 3790 autem
3414 3740 3512 3791 aut
3546 3734 3890 3806 punitionem
3918 3733 4111 3807 proprie

2535 3841 2645 3882 non
2672 3823 2875 3881 habere
2906 3825 3093 3881 locum
3120 3825 3177 3881 in
3204 3823 3319 3880 illo.
3350 3825 3486 3893 Quia
3512 3825 3641 3883 licet
3659 3841 3727 3883 ex
3747 3822 4115 3898 transgressio·

2534 3931 2603 3972 ne
2618 3915 2885 3974 naturalis
2906 3915 3043 3971 iuris
3066 3921 3332 3988 sequatur
3353 3922 3539 3972 reatus
3560 3931 3766 3988 poenae
3786 3917 3843 3974 in
3860 3914 4041 3973 ordine
4058 3909 4114 3968 ad

2534 4006 2768 4063 divinam
2798 4003 3193 4078 providentiam
3219 4012 3273 4062 et
3300 3995 3559 4062 iustitiam
3580 4047 3599 4077 ,
3630 4005 3698 4064 ad
3726 4023 3899 4080 quam
3926 4007 4113 4077 spectat

2536 4113 2769 4171 poenam
2794 4097 2939 4153 illam
2965 4103 3173 4167 taxare3
3199 4095 3551 4155 nihilominus
3573 4099 3716 4154 ratio
3734 4095 3999 4155 naturalis
4020 4107 4113 4149 non

2538 4195 2718 4262 potest
2755 4187 2898 4244 illam
2940 4203 3169 4259 poenam
3212 4188 3466 4261 definire,
3494 4194 3549 4244 et
3586 4188 3709 4246 ideo
3738 4187 3864 4246 talis
3892 4203 3957 4244 ac
3982 4191 4114 4243 tanta

2534 4279 2756 4352 proprie
2783 4293 2893 4334 non
2921 4277 3170 4351 sequitur
3209 4293 3275 4333 ex
3303 4278 3527 4350 imperio
3556 4277 3790 4335 alicuius
3820 4278 3957 4350 legis
3986 4287 4114 4332 mere

2532 4367 2825 4442 naturalis3
2866 4366 2962 4424 sed
3000 4366 3247 4440 sequitur
3283 4366 3375 4424 ille
3405 4375 3590 4424 reatus
3616 4383 3685 4424 ex
3712 4368 3946 4425 naturali
3972 4372 4025 4424 et
4048 4367 4115 4420 in·

2538 4460 2780 4518 trinseca
2806 4458 3115 4515 conditione
3144 4456 3361 4532 culpae,
3394 4459 3469 4515 ita
3496 4465 3559 4516 ut
3578 4457 3709 4516 licet
3728 4474 3906 4533 poena
3924 4474 4025 4514 non
4042 4471 4117 4510 es-

2537 4558 2622 4609 set
2663 4567 2759 4623 per
2796 4550 2971 4623 legem
2998 4537 3376 4623 determinata,
3408 4549 3632 4606 arbitrio
3670 4548 4022 4624 competentis
4047 4546 4117 4602 iu-

2534 4641 2673 4698 dicis
2712 4641 2892 4714 puniri
2921 4648 3123 4712 posset.
3154 4640 3305 4699 Unde
3333 4641 3423 4714 fit,
3455 4646 3517 4698 ut
3551 4657 3731 4715 neque
3766 4641 3987 4714 propria
4010 4653 4119 4712 per-

2535 4732 2722 4789 missio
2762 4731 2951 4788 locum
2993 4731 3191 4788 habeat
3228 4733 3281 4786 in
3323 4730 3429 4788 hoc
3460 4731 3608 4805 iure,
3638 4732 3769 4804 quia
3794 4731 3957 4795 nibil,
3986 4723 4117 4802 quod

2536 4823 2603 4880 de
2634 4837 2691 4878 se
2717 4820 2921 4878 malum
2952 4821 3041 4890 sit,
3073 4821 3335 4893 permittit
3361 4820 3508 4878 licite
3538 4823 3674 4893 tieri,
3709 4829 3771 4878 ut
3800 4837 3897 4893 per
3918 4836 3975 4876 se
3996 4833 4115 4875 con-

2536 4919 2672 4982 stat,
2706 4912 2837 4984 quia
2864 4909 2970 4966 hoc
3000 4916 3273 4986 repugnat
3307 4911 3510 4968 actioni
3535 4911 3829 4968 intrinsece
3858 4927 3925 4968 ac
3953 4925 4043 4982 per
4066 4919 4117 4962 se

2534 5002 2742 5061 malae:
2787 5017 2889 5058 nec
2930 5000 3090 5058 etiam
3128 5001 3393 5074 permittit
3426 5001 3538 5058 fieri
3578 5002 3799 5074 impune
3836 5018 3903 5059 eo
3941 4998 4110 5066 modo,

2534 5109 2646 5167 quo
2689 5107 2861 5165 poena
2901 5097 3079 5163 potest
3101 5107 3169 5150 ex
3197 5091 3301 5149 hoc
3332 5091 3449 5148 iure
3477 5093 3670 5166 sequi,
3702 5092 3914 5150 scilicet
3950 5083 4117 5164 quoad

2534 5189 2785 5256 reatum,
2826 5183 2957 5255 quia
2982 5197 3266 5256 nunquam
3294 5180 3537 5254 impedit,
3567 5189 3665 5239 aut
3688 5181 3755 5240 de
3784 5197 3843 5238 se
3868 5178 4114 5252 impedire

2534 5280 2714 5348 potest
2759 5281 2973 5331 reatum
3002 5287 3227 5346 poenae.
3256 5271 3410 5342 Quod
3442 5274 3486 5330 si
3515 5271 3734 5331 dicatur
3763 5271 3867 5330 hoc
3896 5271 3980 5328 ius
4006 5282 4116 5343 per-
