4325 6267
1763 359 1978 410 CAPUT
2003 362 2054 410 1.

3362 347 3441 412 81

261 497 464 565 spectu
490 492 626 564 Dei,
669 496 724 547 et
751 490 1064 546 necessario
1093 493 1222 545 sunt
1250 485 1580 558 temporales
1603 526 1620 554 ,
1661 491 1718 542 et
1743 484 1864 542 ideo
1932 487 2127 559 etiam,
2159 486 2288 560 quia
2315 485 2403 543 illa
2431 487 2719 560 appellatio
2746 489 2903 548 valde
2932 488 3304 562 metaphorica
3330 498 3441 564 est,
3471 497 3530 550 et

260 581 350 640 lex
377 598 488 639 non
519 588 850 655 potestesse
878 586 1100 637 aeterna
1139 578 1321 653 quoad
1363 577 1513 634 illum
1554 575 1862 634 secundum
1933 577 2283 648 impertinens
2308 583 2452 634 esset
2488 594 2585 650 pro
2616 579 2837 636 materia
2865 580 2932 638 de
2960 579 3169 652 legibus
3203 581 3411 639 ratione
3440 597 3531 638 so·

259 678 490 728 statum.
521 671 680 738 Quod
710 671 754 726 si
784 669 982 743 aliquis
1009 669 1307 728 contendat
1333 667 1400 724 de
1441 667 1624 724 verbis
1655 666 1865 737 dicens,
1933 665 2040 722 lius
2068 667 2473 739 metaphoricae
2502 669 3074 742 significationis‚cum
3104 687 3193 727 res
3220 673 3359 744 ipsa,
3386 687 3529 745 quaa

259 762 439 835 legem
469 763 522 816 in
554 761 644 818 illo
673 761 838 833 priori
868 766 1016 816 statu
1043 777 1152 816 non
1195 775 1316 817 esse
1357 759 1532 831 legem
1551 799 1567 831 ,
1599 759 1727 830 quia
1755 771 1862 811 non

260 859 350 908 est
378 850 519 917 lata,
552 850 652 908 sed
672 849 928 920 ferenda3
959 848 1266 923 respondeo
1289 848 1339 904 in
1364 848 1550 919 primis
1570 889 1585 920 ,
1615 863 1722 903 non
1745 860 1865 902 esse

263 939 332 998 de
363 940 598 998 vocibus
639 939 1080 998 contendendum
1110 983 1126 1012 ,
1164 955 1292 996 nam
1335 943 1396 996 ut
1433 938 1508 994 ita
1549 935 1870 1008 simpliciter

262 1029 570 1103 appelletur
589 1072 605 1102 ,
636 1031 845 1086 sufficit
873 1047 1012 1087 usus
1039 1037 1362 1087 sanctorum
1389 1033 1446 1085 et
1473 1027 1779 1099 sapientum
1815 1027 1868 1082 in

264 1119 360 1177 tali
391 1121 638 1176 materia.
670 1119 871 1177 Deinde
900 1125 1088 1190 potest
1113 1119 1318 1190 optima
1353 1117 1488 1174 ratio
1516 1116 1660 1173 illius
1689 1115 1872 1188 appel·

265 1209 480 1267 lationis
505 1208 698 1280 reddi,
727 1225 836 1283 qua
863 1211 1029 1266 etiam
1057 1208 1412 1280 ostendatur,
1443 1205 1590 1263 illam
1620 1207 1794 1280 legem
1817 1206 1870 1262 in

269 1317 338 1358 eo
368 1307 517 1357 statu
545 1316 654 1356 non
681 1314 802 1356 esse
831 1304 1044 1356 tantum
1074 1298 1354 1355 ferendam
1373 1339 1388 1366 ,
1417 1296 1514 1353 sed
1541 1311 1608 1353 ex
1639 1294 1872 1352 aeterni-

265 1397 378 1447 tate
405 1405 528 1446 esse
557 1405 659 1446 suo
689 1388 851 1446 modo
880 1388 1044 1445 latam
1066 1431 1080 1460 ,
1114 1395 1175 1445 ut
1205 1384 1584 1461 respondendo
1609 1383 1678 1442 ad
1707 1400 1872 1458 argu-

267 1486 455 1536 menta
483 1478 777 1536 constabit.
1157 1461 1168 1474 ⁸

354 1575 408 1626 5.
439 1568 520 1626 Ad
551 1571 790 1640 primum
817 1583 951 1641 ergo
992 1565 1355 1639 respondetur
1381 1606 1397 1638 ,
1437 1563 1588 1638 quod
1618 1563 1764 1621 sicut
1791 1561 1874 1619 di·

266 1659 394 1715 vina
421 1659 674 1714 voluntas
702 1664 923 1714 aeterna
948 1662 1065 1727 est,
1096 1656 1168 1712 ita
1189 1662 1246 1713 et
1268 1655 1586 1727 imperium3
1618 1668 1746 1709 nam
1773 1655 1873 1708 im·

269 1750 494 1821 perium
521 1747 705 1820 quoad
743 1746 1101 1803 substantiam
1143 1759 1300 1802 suam
1340 1746 1394 1800 in
1436 1743 1552 1816 ipsa
1590 1741 1874 1799 voluntate

267 1837 560 1909 consistit,
593 1842 656 1893 ut
682 1834 812 1892 dixi.
845 1835 914 1893 Et
941 1835 986 1890 si
1014 1834 1296 1907 imperium
1327 1837 1562 1890 vocetur
1590 1832 1711 1904 ipsa
1737 1830 1874 1888 ratio

268 1930 356 1985 vel
387 1925 653 1985 iudicium
681 1923 748 1982 de
776 1923 1026 1999 agendis,
1057 1925 1222 1982 etiam
1253 1922 1359 1981 hoc
1383 1921 1490 1979 fuit
1511 1928 1794 1979 aeternum
1823 1920 1876 1976 in

267 2023 450 2074 mente
479 2018 594 2072 Dei.
629 2016 844 2072 Petitur
874 2021 1059 2071 autem
1086 2015 1142 2069 in
1169 2012 1262 2069 illo
1303 2017 1661 2086 argumento,
1695 2025 1762 2067 an
1789 2008 1878 2067 lex

269 2106 364 2164 illa
395 2112 618 2162 aeterna
646 2104 716 2161 sit
742 2103 927 2176 aliquo
955 2103 1119 2160 modo
1161 2088 1420 2174 respectu
1447 2099 1730 2172 ipsiusmet
1755 2100 1872 2169 Dei,

267 2195 326 2253 id
351 2202 439 2254 est
464 2211 530 2252 an
560 2196 634 2252 sit
660 2193 841 2267 aliquo
867 2191 1033 2250 modo
1059 2207 1322 2249 mensura
1345 2197 1401 2249 et
1429 2189 1616 2264 regula
1647 2195 1876 2246 actuum

209 2271 228 2290 ⁰
269 2284 574 2342 voluntatis
615 2282 826 2341 divinae
852 2323 868 2355 ,
914 2281 982 2339 de
1023 2298 1136 2355 quo
1176 2280 1427 2338 dicemus
1465 2281 1518 2337 in
1559 2281 1739 2352 capite
1793 2295 1880 2336 se-

269 2375 486 2448 quenti.
511 2373 591 2430 Ad
613 2371 920 2431 secundum
940 2370 1330 2444 respondetur,
1354 2376 1544 2427 actum
1564 2367 1879 2427 dominandi

267 2471 326 2522 et
351 2463 691 2537 gubernandi
716 2477 838 2519 esse
864 2468 1054 2519 actum
1081 2467 1487 2533 transeuntem,
1513 2467 1572 2516 et
1592 2459 1876 2531 proprium

273 2554 578 2612 dominium
618 2553 806 2610 dicere
846 2551 1165 2609 relationem
1205 2549 1274 2608 ad
1312 2565 1432 2607 rem
1472 2557 1604 2607 actu
1641 2551 1879 2606 existen-

271 2651 384 2701 tem
407 2685 424 2716 ,
463 2651 522 2702 et
564 2643 686 2701 ideo
726 2641 1193 2698 denominationes
1220 2683 1236 2715 ,
1277 2655 1420 2714 quae
1449 2640 1518 2696 ab
1546 2639 1632 2696 his
1664 2638 1879 2696 actibus

275 2741 596 2805 sumuntur,
631 2747 756 2790 esse
784 2730 1135 2804 temporales.
1160 2733 1230 2788 At
1255 2745 1387 2787 vero
1408 2728 1495 2787 lex
1512 2770 1528 2800 ‚
1551 2734 1618 2786 ut
1639 2729 1741 2801 sic,
1764 2743 1874 2784 non

271 2823 587 2880 necessario
623 2819 758 2879 dicit
785 2827 972 2878 actum
1003 2825 1410 2893 transeuntem,
1441 2817 1762 2892 praesertim
1787 2833 1874 2874 re·

273 2919 474 2986 spectu
508 2913 634 2976 Dei,
664 2911 795 2985 quia
823 2913 876 2966 in
903 2909 994 2967 illo
1023 2910 1201 2982 primo
1229 2914 1378 2966 statu
1404 2950 1420 2983 ,
1458 2908 1553 2982 qui
1595 2914 1682 2964 est
1708 2905 1882 2963 veluti

277 3000 650 3059 substantialis
679 3043 694 3074 ,
737 3000 1079 3058 sufficienter
1121 2997 1367 3057 salvatur
1409 2999 1462 3054 in
1511 3002 1642 3056 actu
1689 2998 1880 3054 imma·

275 3099 470 3163 nente,
502 3097 568 3148 ut
594 3090 934 3148 declaratum
963 3095 1068 3146 est.

355 3186 410 3240 6.
457 3182 697 3239 Tertium
739 3185 1126 3253 argumentum
1169 3177 1314 3235 varie
1355 3177 1606 3235 solvitur.
1650 3175 1881 3245 Quidam

282 3269 480 3328 dieunt
504 3312 520 3344 ,
564 3270 742 3344 legem
780 3270 925 3327 illam
966 3276 1241 3327 aeternam
1284 3285 1392 3325 non
1433 3267 1542 3325 dici
1580 3267 1755 3341 legem
1794 3283 1885 3324 re-

279 3370 478 3435 spectu
510 3367 894 3418 creaturarum
923 3358 1358 3436 velhominum,
1389 3357 1518 3432 quia
1536 3373 1645 3414 non
1667 3363 1754 3413 est
1779 3358 1882 3413 im-

279 3451 500 3524 perium
538 3449 644 3507 illis
681 3451 1003 3522 impositum
1028 3487 1045 3519 ,
1090 3446 1188 3503 sed
1213 3461 1335 3504 esse
1363 3453 1624 3518 respectu
1652 3451 1882 3503 actuum

279 3544 376 3600 Dei
407 3541 476 3599 ad
503 3548 690 3615 extra,
725 3540 852 3613 quia
880 3545 966 3596 est
991 3538 1184 3612 regula
1217 3545 1274 3596 et
1312 3552 1572 3594 mensura
1613 3537 1879 3608 omnium,

283 3648 426 3708 quae
471 3649 502 3688 a
529 3629 642 3688 Deo
673 3631 830 3687 fiunt.
875 3630 1030 3686 iuxta
1057 3644 1224 3701 quam
1263 3627 1651 3700 expositionem
1679 3626 1762 3683 lex
1791 3625 1883 3682 illa

283 3738 392 3779 non
420 3727 508 3779 est
534 3721 620 3778 lex
649 3734 898 3790 morum,
927 3725 993 3776 ut
1021 3719 1099 3774 sic
1129 3717 1340 3787 dicam,
1371 3716 1468 3773 sed
1506 3715 1880 3789 artificiorum

287 3827 414 3868 nam
442 3812 628 3868 omnia
655 3848 671 3880 ,
715 3823 857 3882 quae
885 3823 918 3864 a
944 3808 1053 3864 Deo
1093 3807 1271 3870 liunt,
1308 3810 1703 3876 comparantur
1729 3801 1798 3860 ad
1823 3805 1885 3861 il·

284 3901 399 3958 lum
418 3941 433 3972 ,
457 3906 720 3972 tanquam
746 3896 1007 3954 artefacta
1030 3894 1096 3952 ad
1119 3894 1402 3951 artificem.
1426 3893 1578 3950 Unde
1599 3894 1746 3950 sicut
1767 3892 1886 3950 idea

285 3990 505 4048 artificis
539 3988 647 4046 dici
672 3993 854 4061 potest
884 3986 1006 4057 lex,
1038 3999 1206 4058 quam
1235 3987 1350 4057 ipse
1391 3983 1490 4040 sibi
1531 3983 1882 4056 praescribit,

284 4087 345 4138 ut
371 4083 528 4137 iuxta
556 4078 699 4135 illam
725 4077 989 4134 artefacta
1009 4074 1316 4147 producat3
1350 4075 1423 4130 ita
1447 4073 1580 4131 haec
1605 4073 1690 4131 lex
1713 4081 1888 4131 aeter·

283 4186 352 4226 na
381 4175 497 4240 est,
528 4182 639 4240 qua
667 4170 812 4224 Deus
836 4173 899 4222 ut
921 4178 1214 4237 supremus
1234 4163 1426 4220 artifex
1448 4163 1630 4218 omnia
1649 4161 1886 4221 condere

283 4261 480 4318 statuit
533 4274 600 4315 ex
641 4255 977 4314 aeternitate.
1021 4254 1363 4326 Quapropter
1411 4257 1595 4308 cessat
1636 4253 1774 4308 ratio
1821 4251 1890 4309 de

287 4346 730 4422 promulgatione
748 4385 764 4418 ,
798 4360 925 4402 uam
952 4342 1086 4400 haec
1113 4348 1199 4400 est
1225 4342 1534 4399 necessaria
1562 4342 1612 4397 in
1634 4341 1752 4414 lege
1773 4355 1890 4398 mo-

285 4453 414 4495 rum
429 4452 568 4508 ,non
597 4436 648 4492 in
669 4434 786 4509 lege
814 4432 1312 4503 artificiorum3imo
1337 4431 1501 4488 etiam
1521 4435 1736 4487 cessant
1755 4429 1890 4487 aliae

291 4529 574 4598 rationes3
620 4539 748 4581 nam
787 4523 924 4580 baec
965 4536 1076 4578 non
1115 4527 1203 4577 est
1241 4519 1330 4577 lex
1353 4559 1370 4591 ,
1412 4535 1554 4594 quae
1594 4519 1891 4593 imponitur

291 4617 558 4686 subditis,
585 4629 687 4672 neo
720 4614 956 4686 pertinet
982 4611 1048 4668 ad
1078 4611 1553 4685 gubernationem.
1584 4611 1733 4668 Haec
1759 4626 1891 4668 vero

295 4706 562 4779 expositio
598 4719 708 4760 non
735 4702 936 4775 placet.
968 4701 1107 4757 Tum
1134 4701 1263 4774 quia
1303 4707 1392 4757 est
1433 4707 1628 4756 contra
1655 4706 1892 4758 mentem

289 4795 584 4869 Augustini
627 4800 686 4851 et
711 4791 1093 4864 theologorum
1110 4829 1126 4859 ,
1157 4790 1269 4846 imo
1307 4795 1364 4846 et
1387 4790 1666 4846 Ciceronis
1692 4795 1747 4846 et
1771 4789 1891 4862 phi-

292 4886 684 4959 losophorum3
718 4895 906 4939 omnes
932 4881 1076 4937 enim
1106 4885 1291 4951 aperte
1319 4877 1625 4952 loquuntur
1651 4879 1718 4936 de
1747 4879 1889 4953 lege,

292 4992 433 5050 quae
461 4980 550 5032 est
577 4985 834 5028 mensura
854 4969 1134 5027 actionum
1156 4966 1522 5025 humanarum
1543 4973 1600 5025 et
1617 4968 1894 5040 exemplar

292 5067 540 5125 omnium
568 5064 787 5136 legum,
827 5073 968 5133 quae
1014 5064 1143 5115 sunt
1179 5058 1231 5114 in
1273 5057 1548 5114 mentibus
1587 5056 1890 5131 hominum,

1937 755 2040 812 sub
2069 755 2154 812 illa
2192 756 2510 829 metaphora
2543 760 2845 816 intenditur
2868 799 2884 832 ,
2926 759 3053 816 nihil
3085 759 3233 817 aliud
3273 761 3383 832 sit,
3426 777 3530 836 nec

1939 843 2103 901 alium
2132 853 2451 917 respectum
2477 847 2627 903 dicat
2650 889 2666 920 ,
2706 864 2870 921 quam
2900 847 3145 907 idearum
3172 889 3188 918 ,
3230 850 3297 907 de
3326 851 3531 924 quibus

1937 934 1989 989 in
2029 939 2076 992 1.
2110 952 2165 1006 p.
2197 934 2535 1007 disputatur.
2565 937 2703 996 Tum
2741 937 2973 1010 denique
2995 940 3127 1012 quia
3161 941 3310 1000 sicut
3345 944 3530 1013 provi-

1937 1021 2118 1080 dentia
2137 1023 2273 1082 dicit
2292 1034 2604 1098 respectum
2621 1026 2685 1084 ad
2711 1042 2799 1084 res
2823 1029 3089 1101 provisas,
3104 1037 3160 1088 et
3181 1030 3529 1094 nihilominus

1939 1119 2123 1184 potest
2169 1128 2291 1169 esse
2330 1123 2581 1188 aeterna,
2612 1115 2742 1174 licet
2781 1133 2870 1173 res
2906 1121 3155 1189 provisae
3206 1120 3533 1192 temporales

1939 1202 2160 1272 sint,ita
2188 1204 2348 1260 etiam
2376 1204 2460 1262 lex
2487 1211 2673 1278 potest
2696 1205 2880 1265 dicere
2908 1207 3274 1268 habitudinem
3303 1209 3375 1266 ad
3404 1210 3535 1267 sub·

1940 1291 2117 1364 ditos,
2145 1300 2203 1351 et
2228 1309 2348 1352 esse
2378 1302 2615 1353 aeterna.

2022 1384 2074 1439 7.
2107 1382 2259 1440 Unde
2298 1386 2509 1442 Alensis
2537 1403 2705 1459 supra
2733 1386 2887 1445 aliter
2914 1389 3206 1460 respondet
3232 1406 3297 1446 ex
3326 1391 3537 1450 Isidoro

1939 1470 2034 1528 lib.
2065 1476 2122 1528 2.
2153 1472 2412 1548 Etymol.
2445 1475 2621 1548 legem
2650 1492 2761 1533 uno
2791 1476 2955 1534 modo
2984 1476 3089 1534 dici
3118 1495 3151 1534 a
3190 1479 3451 1553 legendo,
3482 1487 3541 1538 et

1942 1560 2047 1618 alio
2074 1578 2107 1617 a
2134 1563 2383 1637 ligando;
2408 1570 2464 1621 et
2491 1565 2657 1636 priori
2697 1565 2859 1623 modo
2891 1566 3065 1640 legem
3094 1569 3189 1625 Dei
3218 1584 3337 1626 esse
3366 1577 3540 1627 aeter-

1943 1666 2099 1724 nam,
2130 1652 2260 1725 quia
2288 1655 2339 1709 in
2368 1662 2549 1711 mente
2578 1656 2697 1712 eius
2724 1654 3035 1728 legebatur3
3078 1659 3325 1716 secundo
3354 1666 3540 1716 autem

1943 1741 2106 1798 modo
2135 1759 2245 1799 non
2272 1759 2394 1821 esse
2421 1751 2729 1819 aeternam,
2760 1752 2815 1802 et
2842 1746 2947 1803 sub
2985 1762 3050 1803 ea
3088 1754 3301 1806 tantum
3330 1751 3541 1807 ratione

1944 1830 2185 1904 indigere
2223 1833 2679 1907 promulgatione.
2722 1835 2879 1902 Quod
2919 1837 2965 1892 si
3002 1839 3173 1895 instes
3197 1879 3213 1911 2
3264 1839 3391 1911 quia
3430 1839 3537 1913 lex,

1943 1938 2085 1996 quae
2115 1939 2221 1980 non
2251 1923 2399 1998 liga-t,
2430 1941 2539 1983 non
2563 1932 2809 1983 meretur
2830 1942 3029 1983 nomen
3051 1927 3216 2002 legis,
3248 1929 3548 2002 respondet

1941 2012 1997 2067 in
2027 2028 2275 2086 summa,
2309 2014 2379 2072 ad
2405 2015 2675 2073 rationem
2704 2016 2840 2089 legis
2869 2017 3000 2074 satis
3028 2033 3179 2090 esse,
3210 2019 3359 2091 quod
3388 2019 3455 2076 de
3484 2036 3543 2077 se

1946 2102 2055 2160 vim
2085 2102 2283 2162 habeat
2321 2104 2562 2179 ligandi,
2602 2105 2731 2162 licet
2770 2105 3011 2163 nondum
3040 2114 3174 2164 actu
3203 2108 3371 2182 liget,
3413 2112 3547 2182 quia

1945 2190 2190 2250 nondum
2218 2200 2302 2251 est
2327 2194 2619 2267 applicata.
2652 2195 2798 2262 Quae
2826 2195 3079 2253 doctriua
3102 2195 3333 2255 fortasse
3355 2204 3440 2255 est
3456 2215 3547 2256 ve·

1945 2298 2038 2356 ra3
2071 2299 2181 2340 non
2210 2291 2390 2342 tamen
2420 2301 2517 2357 per
2544 2300 2663 2342 eam
2695 2285 3029 2343 sufficienter
3050 2287 3185 2344 solvi
3209 2289 3429 2346 videtur
3457 2305 3547 2347 ar-

1947 2380 2268 2446 gumentum
2312 2375 2378 2432 de
2418 2376 2855 2448 promulgatione
2879 2418 2895 2449 ,
2936 2378 3069 2450 quia
3109 2377 3194 2434 vel
3236 2380 3545 2452 negandum

1947 2469 2054 2534 est,
2082 2463 2581 2537 promulgationem
2608 2480 2730 2520 esse
2758 2467 3119 2523 necessariam
3142 2466 3210 2524 ad
3238 2483 3357 2525 esse
3386 2470 3545 2544 legis,

1948 2551 2043 2608 sed
2074 2558 2287 2611 tantum
2312 2552 2379 2609 ad
2408 2554 2665 2611 effectum
2693 2553 2855 2628 legis,
2886 2557 2981 2628 qui
3020 2564 3103 2613 est
3143 2557 3309 2632 ligare
3333 2601 3349 2632 ,
3392 2559 3546 2632 quod

1945 2639 2163 2699 videtur
2200 2657 2321 2699 esse
2361 2647 2557 2699 contra
2594 2657 2945 2702 communem
2985 2645 3117 2718 legis
3155 2645 3543 2718 definitionem,

1946 2730 2034 2788 vel
2063 2739 2215 2788 certe
2245 2748 2355 2789 non
2382 2732 2684 2805 explicatur
2705 2777 2720 2800 ,
2766 2733 3043 2808 quomodo
3084 2735 3176 2793 illa
3204 2737 3289 2795 lex
3318 2738 3388 2796 sit
3415 2755 3544 2797 vera

1899 2875 1907 2880 .
1948 2817 2034 2876 lex
2057 2821 2175 2877 sine
2195 2821 2645 2894 promulgatione.
2671 2822 2828 2890 Quod
2857 2839 2987 2880 vero
3009 2824 3080 2882 ibi
3102 2829 3363 2899 supponit
3384 2829 3544 2886 Alen-

1948 2911 2022 2966 sis
2075 2909 2143 2967 de
2192 2909 2399 2983 duplici
2446 2911 2773 2987 etymologia
2820 2913 2989 2986 legis,
3029 2929 3132 2988 ego
3178 2930 3287 2972 non
3330 2919 3543 2990 reperio

1947 3005 2243 3072 utramque
2272 2999 2327 3057 in
2353 2999 2559 3057 Isidoro
2577 3041 2593 3072 ,
2625 3001 2721 3057 sed
2762 3007 2972 3060 tantum
3012 3005 3156 3061 illam
3184 3047 3200 3078 ,
3229 3022 3371 3079 quae
3397 3017 3483 3065 est
3511 3023 3545 3065 a

1947 3086 2211 3161 legendo,
2245 3092 2301 3143 et
2340 3103 2451 3144 non
2490 3091 2547 3144 in
2587 3089 2677 3146 illa
2718 3090 3106 3163 significatione
3148 3096 3541 3170 metaphorica,

1949 3177 2043 3233 sed
2085 3178 2257 3249 magis
2293 3179 2547 3250 propria3
2582 3179 2679 3236 sed
2708 3195 2903 3251 parum
2930 3183 3133 3252 refert,
3174 3183 3318 3241 unde
3348 3201 3450 3244 vox
3478 3189 3548 3244 sit

1950 3272 2167 3338 sumpta
2192 3309 2205 3336 ,
2247 3267 2376 3339 quia
2416 3282 2523 3323 non
2568 3266 2814 3341 sufficit,
2853 3271 3001 3344 quod
3041 3273 3371 3348 etymologia
3409 3275 3545 3348 legis

1948 3357 2125 3429 possit
2163 3355 2327 3414 alicui
2354 3355 2432 3412 rei
2470 3357 2771 3431 applicari,
2816 3367 2881 3416 ut
2915 3358 3008 3417 illa
3047 3361 3360 3434 simpliciter
3396 3363 3549 3422 dica·

1949 3453 2043 3505 tur
2068 3445 2177 3504 lex.

2029 3540 2082 3593 8.
2111 3534 2292 3592 Tertio
2322 3535 2489 3608 igitur
2515 3535 2572 3592 d.
2616 3534 2850 3593 Thomas
2890 3552 3059 3610 supra
3098 3537 3167 3596 ad
3208 3544 3264 3598 2.
3311 3547 3545 3601 conatur

1949 3625 2255 3697 explicare,
2286 3624 2563 3698 quomodo
2592 3625 2644 3681 in
2674 3625 2763 3683 illa
2789 3627 2909 3701 lege
2929 3644 3038 3685 non
3060 3628 3297 3689 defuerit
3324 3640 3550 3692 aeterna

1951 3715 2342 3788 promulgatio.
2373 3716 2511 3771 Nam
2545 3715 2947 3789 promulgatio,
2976 3719 3184 3791 inquit,
3214 3720 3273 3777 fit
3298 3728 3356 3778 et
3381 3723 3550 3779 verbo

1950 3811 2007 3861 et
2033 3805 2274 3875 scripto,
2305 3808 2360 3860 et
2400 3809 2640 3876 utroque
2668 3804 2831 3862 modo
2858 3804 2947 3863 lex
2974 3805 3060 3862 illa
3084 3806 3276 3865 habuit
3300 3811 3551 3882 promul-

1952 3896 2225 3967 gationem
2251 3909 2317 3950 ex
2343 3900 2499 3965 parte
2520 3893 2613 3950 Dei
2635 3895 3034 3968 promulgantis
3052 3938 3067 3968 ,
3090 3900 3219 3971 quia
3240 3905 3298 3954 et
3318 3900 3549 3959 verbum

1953 3983 2046 4040 Dei
2073 3988 2158 4040 est
2185 3989 2562 4054 aeternum,et
2585 3983 2857 4054 scriptura
2882 3983 3006 4041 libri
3033 3985 3173 4043 vitae
3204 3996 3287 4046 est
3306 3995 3549 4048 aeterna.

1955 4071 2061 4130 Sed
2088 4077 2285 4129 contra
2311 4073 2553 4144 primum
2582 4072 2843 4130 obiiciunt
2870 4073 3071 4150 aliqui,
3101 4077 3231 4149 quia
3259 4079 3551 4150 productio

1954 4159 2106 4218 verbi
2144 4176 2255 4217 non
2280 4166 2366 4217 est
2391 4175 2489 4232 per
2516 4176 2575 4217 se
2604 4164 2911 4219 necessaria
2952 4163 3018 4221 ad
3060 4164 3235 4238 legem
3264 4167 3387 4240 Dei,
3422 4171 3554 4243 quia

1955 4256 2041 4308 est
2066 4249 2406 4322 personalis,
2450 4265 2557 4306 non
2583 4252 2920 4324 essentialis,
2962 4259 3020 4309 et
3057 4256 3189 4327 quia
3228 4255 3359 4312 alias
3400 4257 3554 4313 solus

1955 4342 2116 4398 Pater
2144 4338 2552 4412 promulgasset
2580 4339 2789 4414 legem,
2820 4347 2877 4397 et
2900 4348 3045 4399 esset
3084 4343 3383 4416 legislator.
3415 4346 3559 4402 Con·

1958 4434 2044 4487 tra
2098 4427 2407 4486 secundum
2454 4429 2617 4485 etiam
2658 4429 2911 4487 obiicitur
2934 4470 2951 4504 ,
2990 4432 3117 4505 quia
3156 4449 3351 4506 parum
3390 4437 3560 4494 refert

1958 4518 2235 4591 scriptura
2263 4519 2314 4575 in
2342 4518 2565 4575 scientia
2590 4518 2685 4575 Dei
2724 4518 2794 4574 ad
2832 4519 3359 4593 promulgationem,
3392 4524 3437 4582 si
3466 4524 3558 4582 illa

1959 4624 2070 4666 non
2097 4608 2416 4681 innotescit,
2445 4623 2547 4664 nec
2575 4613 2759 4679 potest
2778 4608 3121 4667 innotescere
3142 4610 3408 4683 subditis3
3434 4629 3562 4671 nam

1959 4698 2324 4773 promulgatio
2356 4699 2467 4755 fieri
2501 4696 2662 4755 debet
2700 4697 2815 4767 his,
2865 4699 3068 4772 quibus
3109 4699 3196 4758 lex
3236 4702 3558 4777 imponitur3

1961 4797 2018 4849 at
2042 4789 2133 4846 illa
2159 4789 2439 4860 scriptura
2467 4802 2498 4843 a
2526 4787 2736 4844 nemine
2766 4787 2869 4861 legi
2898 4791 3077 4861 potuit
3096 4791 3166 4847 ab
3190 4798 3432 4865 aeterno,
3458 4809 3565 4850 nec

1961 4880 2064 4937 fuit
2091 4876 2159 4935 ab
2186 4883 2406 4934 aeterno
2436 4877 2659 4950 aliquis,
2697 4879 2789 4933 cui
2831 4877 2921 4935 illa
2961 4878 3047 4936 lex
3086 4881 3559 4955 promulgaretur.

1961 4971 2074 5027 Nec
2103 4967 2384 5038 satisfacit,
2415 4965 2563 5040 quod
2591 4965 2647 5022 d.
2679 4967 2909 5024 Thomas
2938 4967 3008 5024 ad
3038 4975 3085 5028 1.
3112 4969 3211 5039 ait,
3236 4970 3404 5028 fuisse
3426 4979 3563 5030 tunc

1964 5064 2254 5116 creaturas
2294 5057 2345 5113 in
2387 5058 2827 5128 praecognitione
2855 5057 3065 5132 divina,
3094 5062 3227 5133 quia
3253 5063 3568 5136 promulga-

295 5158 384 5216 rel
414 5157 482 5215 ab
513 5153 618 5213 illis
647 5165 900 5210 emanare
927 5155 1192 5222 possunt,
1225 5149 1338 5205 sive
1359 5147 1518 5220 plura
1540 5145 1783 5212 includat
1805 5147 1899 5205 illa
1964 5149 2044 5205 tio
2073 5163 2183 5203 non
2213 5147 2273 5203 tit
2310 5147 2582 5203 creaturis
2623 5145 2889 5204 obiective
2932 5152 3327 5223 praecognitis,
3372 5152 3470 5208 sed
3508 5155 3565 5208 in

199 5275 214 5286 ·
295 5249 379 5306 lex
410 5255 637 5306 aeterna
661 5283 679 5316 ,
720 5243 830 5300 sive
859 5256 967 5297 non
995 5279 1010 5314 ,
1049 5238 1198 5312 quod
1222 5237 1362 5297 infra
1399 5237 1725 5296 videbimus.
1755 5238 1895 5296 Tum

452 5357 630 5401 Suannz
649 5385 661 5404 .
682 5354 742 5398 De
758 5352 938 5406 Leuibus
951 5369 1011 5383 —
1024 5349 1129 5392 Pars
1147 5347 1183 5392 1.

1965 5253 2024 5295 se
2053 5235 2443 5307 existentibu85
2475 5233 2671 5309 alioqui
2697 5237 2859 5294 etiam
2896 5235 2981 5294 lex
3022 5239 3195 5312 Moysi
3234 5245 3290 5296 et
3328 5239 3412 5298 lex
3442 5257 3565 5314 gra·

3031 5345 3081 5386 u
