4325 6267
831 353 916 414 64

737 491 1152 566 prohibitionem
1183 497 1412 564 spectat.
1445 491 1580 558 Quia
1609 490 1882 563 legislator
1902 491 2064 548 habet
2093 495 2329 563 potesta·

743 589 852 639 tem
896 581 1217 652 prohibendi
1258 597 1362 637 non
1407 580 1585 636 solum
1615 587 1802 637 actum
1822 623 1836 651 ,
1867 581 1964 637 sed
1991 582 2154 638 etiam
2185 581 2333 638 valo-

736 685 850 728 rem
874 676 1054 738 actus3
1074 668 1218 726 unde
1241 669 1472 726 irritatio
1494 668 1600 726 dici
1625 676 1806 741 potest
1825 670 2074 741 specialis
2095 677 2152 728 et
2174 672 2331 744 quasi

736 757 1014 830 duplicata
1053 757 1376 830 prohibitio,
1418 757 1549 830 quia
1589 774 1697 815 non
1735 764 1946 816 tantum
1974 765 2200 826 actum,
2234 758 2327 816 sed

734 849 896 906 etiam
937 846 1178 904 valorem
1219 847 1336 904 eius
1377 847 1659 919 prohibet,
1689 853 1744 904 et
1771 847 1838 904 ad
1867 847 2008 904 idem
2037 847 2327 906 reducitur

735 937 1088 994 inhabilitatio
1117 950 1415 1008 personae3
1448 951 1574 992 nam
1602 935 1798 993 eodem
1829 935 1992 994 modo
2017 937 2094 992 fit.

810 1026 984 1085 Obiici
1011 1041 1140 1083 vero
1172 1031 1372 1096 potest,
1395 1027 1524 1096 quia
1545 1032 1677 1082 suut
1697 1025 1968 1099 quaedam
1991 1026 2160 1100 leges,
2184 1041 2327 1099 quae

733 1119 951 1176 irritant
991 1124 1210 1184 actum,
1254 1122 1311 1172 et
1339 1131 1444 1171 non
1486 1115 1774 1188 prohibent
1812 1115 1966 1173 illum
1994 1115 2233 1186 directe,
2266 1121 2329 1172 ut

732 1206 838 1264 dixi
867 1207 921 1262 in
949 1205 1040 1261 lib.
1073 1211 1129 1262 2.
1161 1202 1234 1260 de
1269 1205 1501 1261 Iuram.
1535 1219 1660 1276 cap.
1695 1207 1788 1262 24.
1819 1205 1954 1260 Item
1983 1206 2112 1277 quia
2141 1204 2327 1276 prohi-

730 1295 866 1353 bitio
893 1293 1104 1350 directe
1132 1293 1191 1349 fit
1217 1291 1284 1349 de
1325 1299 1460 1349 actu
1501 1291 1776 1363 possibili,
1807 1308 1872 1348 ac
1903 1292 2133 1350 subinde
2161 1292 2325 1350 relin-

732 1386 924 1458 quitur
951 1384 1004 1439 in
1033 1381 1284 1438 absoluta
1311 1387 1578 1450 potestate
1599 1381 1774 1452 illius,
1803 1382 1894 1438 cui
1917 1383 1974 1438 fit
2001 1381 2321 1453 prohibitio;

731 1473 969 1533 irritatio
1021 1477 1207 1528 autem
1255 1470 1802 1543 aufert-potestatem
1851 1473 2026 1529 valide
2067 1471 2319 1543 faciendi3

729 1579 863 1637 ergo
889 1575 1000 1618 non
1025 1567 1112 1617 est
1139 1559 1424 1633 prohibitio
1453 1601 1469 1634 ,
1513 1559 1610 1616 sed
1649 1562 1877 1618 effeetus
1908 1559 2134 1618 alterius
2166 1563 2325 1617 ratio-

731 1652 834 1708 nis.
868 1651 971 1708 Sed
1003 1649 1400 1721 respondetur,
1431 1650 1790 1706 irritationem
1821 1649 1924 1706 sub
1967 1650 2323 1722 prohibitione

731 1740 1154 1812 comprehendi,
1187 1741 1299 1795 sive
1327 1747 1487 1796 actus
1517 1740 1736 1796 omnino
1767 1748 2061 1812 caveatur,
2093 1743 2204 1797 sive
2234 1758 2324 1797 so-

731 1829 848 1887 lum
887 1836 1192 1900 statuatur,
1235 1845 1302 1884 ne
1340 1828 1517 1885 valide
1558 1829 1668 1886 fieri
1710 1831 1914 1902 possit.
1959 1831 2087 1904 quia
2126 1830 2321 1888 saltem

730 1935 958 1977 necesse
997 1925 1083 1976 est
1125 1917 1412 1991 prohibere
1451 1923 1638 1974 actum
1679 1925 1743 1976 ut
1783 1919 2085 1976 formaliter
2125 1920 2316 1991 talem,

731 2009 943 2066 scilicet
1001 2013 1063 2066 ut
1111 2007 1548 2078 matrimonium,
1589 2007 1670 2066 vel
1712 2014 2131 2081 testamentum,
2192 2012 2324 2082 quia

729 2099 1020 2173 prohibere
1057 2097 1298 2153 valorem
1327 2104 1488 2154 actus
1527 2104 1612 2153 est
1651 2098 1972 2170 prohibere,
2019 2113 2084 2154 ne
2115 2099 2323 2156 subditi

728 2189 944 2264 possint
973 2187 1168 2245 talibus
1209 2186 1426 2243 actibus
1455 2187 1532 2242 uti
1564 2198 1626 2243 ut
1654 2186 1866 2244 validis.
1896 2191 1980 2245 An
2021 2205 2155 2247 vero
2185 2190 2319 2246 haec

729 2278 1018 2354 prohibitio
1045 2317 1060 2348 ,
1104 2274 1322 2350 quando
1362 2283 1448 2332 est
1495 2292 1592 2348 per
1643 2276 1791 2349 leges
1832 2277 2061 2350 civiles‘,
2107 2295 2321 2351 semper

729 2368 929 2441 obliget
949 2369 998 2423 in
1021 2366 1378 2435 conscientia,
1400 2373 1591 2435 postea
1613 2365 1937 2425 videbimus.
1967 2369 2137 2427 Aliter
2157 2373 2322 2427 etiam

729 2465 913 2533 potest
957 2457 1042 2514 hic
1084 2456 1314 2513 effectus
1355 2455 1646 2528 explicari,
1689 2463 1752 2513 ut
1791 2456 1974 2516 dicam
2014 2459 2067 2516 in
2101 2468 2318 2532 puncto

731 2548 995 2622 sequenti.
1845 2553 1850 2556 “

811 2643 864 2696 8.
893 2636 1134 2702 Quartus
1162 2634 1392 2691 efl'ectus
1421 2641 1573 2704 erat,
1601 2641 1818 2692 mutare
1840 2635 2076 2693 dominia
2099 2651 2313 2708 rerum,

655 2759 666 2772 ·
729 2733 796 2784 ut
822 2726 883 2784 fit
905 2726 959 2781 in
989 2725 1108 2798 lege
1137 2725 1601 2795 praescriptionis,
1630 2730 1740 2780 etc.
1773 2723 1856 2781 Ad
1885 2741 2050 2799 quam
2086 2725 2191 2784 dici
2223 2743 2320 2798 po-

728 2821 836 2872 test
879 2817 1043 2872 etiam
1096 2813 1244 2870 hunc
1295 2813 1555 2870 effectum
1597 2813 1787 2871 reduci
1829 2815 1898 2871 ad
1939 2825 2314 2888 praeceptum3

728 2919 854 2961 nam
882 2903 980 2962 lex·
996 2903 1262 2976 praecipit
1284 2901 1433 2960 hunc
1456 2917 1577 2959 esse
1599 2902 1902 2984 dominum,
1928 2913 1985 2962 et
2007 2921 2111 2962 non
2137 2906 2312 2978 illum3

725 2995 993 3068 praecipit
1021 3000 1205 3051 autem
1235 2992 1516 3064 faciendo,
1549 2995 1676 3066 quia
1704 2994 1834 3050 alias
1875 3011 1981 3051 non
2023 3003 2211 3067 posset
2238 2996 2315 3053 ef-

724 3087 968 3143 ficaciter
1008 3084 1342 3157 praecipere.
1387 3082 1525 3140 Addi
1576 3099 1706 3141 vero
1761 3091 1976 3156 potest,
2033 3087 2315 3158 probabile

726 3189 848 3233 esse
869 3173 1018 3230 hunc
1047 3173 1335 3244 effectum,
1365 3179 1423 3230 et
1452 3171 1652 3228 similes
1685 3173 1843 3246 (licet
1871 3173 2078 3247 legibus
2101 3177 2315 3234 firmen-

723 3271 846 3338 tur,
890 3272 948 3322 et
988 3264 1112 3321 ideo
1151 3263 1374 3320 ferendo
1416 3262 1562 3335 leges
1603 3263 1718 3320 fieri
1745 3263 1984 3338 soleant)
2015 3265 2317 3324 formaliter

675 3361 688 3372 '
722 3371 832 3411 non
863 3354 974 3410 fieri
1002 3369 1098 3426 per
1124 3351 1324 3426 legem,
1354 3359 1417 3409 ut
1447 3352 1534 3410 lex
1561 3357 1667 3423 est,
1688 3351 1815 3425 quia
1837 3352 2052 3410 auferre
2075 3355 2159 3411 vel
2182 3354 2315 3412 dare

721 3443 1023 3500 dominium
1051 3458 1158 3499 non
1185 3448 1269 3498 est
1291 3441 1609 3514 praecipere
1629 3484 1643 3512 ,
1675 3441 1770 3496 sed
1799 3448 1886 3499 est
1905 3443 2061 3515 quasi
2085 3442 2311 3518 donare,

722 3536 806 3593 vel
850 3536 1082 3609 operari.
1127 3535 1260 3590 item
1300 3531 1430 3604 quia
1469 3530 1687 3588 videtur
1727 3546 1848 3588 esse
1879 3547 1910 3588 a
1939 3539 2207 3604 potestate
2234 3533 2314 3591 di-

719 3641 910 3683 versae
951 3622 1206 3694 rationis,
1235 3637 1359 3677 nam
1397 3623 1448 3676 in
1478 3619 1718 3691 principe
1765 3618 1850 3675 vel
1892 3620 2176 3692 republica
2206 3638 2313 3679 non

722 3715 904 3774 solum
942 3719 1028 3771 est
1069 3717 1312 3784 potestas
1354 3710 1576 3782 propria
1616 3707 2002 3766 iurisdictionis
2039 3710 2107 3767 ad
2141 3713 2314 3784 impe-

719 3802 986 3872 randum,
1014 3809 1069 3858 et
1104 3798 1470 3873 puniendum,
1513 3795 1610 3854 sed
1639 3796 1800 3854 etiam
1831 3804 1915 3854 est
1945 3805 2186 3871 potestas
2216 3819 2312 3858 su·

719 3895 891 3967 premi
928 3891 1321 3964 dispensatoris
1348 3894 1404 3945 et
1431 3887 1884 3944 administratoris
1911 3888 2184 3946 bonorum
2209 3895 2313 3949 rei-

717 3983 989 4058 publicae.
1023 3985 1130 4039 Lex
1157 3995 1289 4051 ergo
1319 3993 1448 4035 cum
1477 3977 1594 4032 suis
1615 3976 1851 4049 propriis
1875 3977 2160 4036 effectibus
2186 3998 2312 4053 pro-

717 4074 863 4131 cedit
887 4089 918 4130 a
948 4075 1212 4143 potestate
1239 4066 1652 4124 iurisdictionis:
1679 4069 1972 4125 transferre
2003 4075 2189 4126 autem
2212 4068 2312 4126 do-

717 4163 911 4233 minia,
944 4161 1025 4217 vel
1054 4157 1316 4230 impedire
1345 4156 1435 4212 illa
1463 4162 1520 4212 et
1559 4157 1752 4214 similia
1797 4159 2061 4230 pertinent
2100 4158 2172 4215 ad
2213 4158 2311 4214 bo-

718 4268 918 4310 norum
959 4248 1510 4317 administrationem,
1539 4252 1596 4302 et
1631 4245 1700 4303 ad
1728 4254 2056 4319 potestatem
2083 4247 2305 4305 dominii

719 4342 847 4414 alti,
890 4339 1038 4412 quod
1077 4336 1280 4393 dicitur
1317 4350 1438 4392 esse
1479 4335 1533 4391 in
1570 4335 1873 4408 republica.
1917 4338 1989 4394 Et
2016 4337 2118 4394 hac
2149 4344 2305 4410 pote-

719 4437 860 4488 state
889 4427 1185 4484 formaliter
1211 4425 1386 4482 utitur
1415 4423 1698 4496 princeps,
1729 4426 1951 4498 quando
1980 4429 2211 4500 statuit,
2244 4435 2309 4486 ut

718 4535 816 4594 per
847 4515 1332 4591 praescriptionem
1372 4515 1691 4586 acquiratur
1719 4513 2020 4574 dominium
2067 4518 2134 4574 ab
2170 4534 2301 4592 uno,

715 4619 773 4670 et
797 4610 1078 4666 amittatur
1119 4604 1185 4661 ab
1226 4603 1364 4673 ali03
1395 4604 1511 4674 ipse
1549 4604 1694 4659 enim
1724 4620 1824 4661 sua
1853 4606 2124 4677 superiori
2155 4613 2309 4679 pote-

717 4706 854 4757 state
881 4704 937 4753 et
974 4695 1252 4752 voluntate
1282 4692 1348 4750 de
1377 4693 1522 4749 facto
1551 4693 1769 4750 confert
1795 4693 2124 4770 dominium,
2155 4697 2308 4768 quod

715 4795 867 4846 certe
907 4784 1206 4843 formaliter
1244 4797 1352 4838 non
1391 4788 1476 4839 est
1513 4784 1862 4855 praecipere,
1901 4783 1997 4840 sed
2025 4798 2223 4858 agere,
2253 4793 2313 4844 et

715 4878 872 4953 quasi
911 4876 1131 4934 donare.
1173 4874 1370 4930 Tamen
1411 4885 1516 4927 non
1555 4873 1614 4928 fit
1651 4871 1766 4929 sine
1808 4881 2136 4946 praecepto,
2182 4878 2313 4948 quia

663 5026 676 5040 ,
717 4973 966 5044 oportet,
997 4972 1061 5023 ut
1085 4961 1285 5026 modus
1313 4961 1626 5038 acquirendi
1656 4961 1774 5038 lege
1800 4963 2233 5040 praescribatur,
2258 4971 2315 5025 et

2246 368 2447 416 LIBER
2476 368 2527 416 1.

2406 497 2469 546 ut
2498 491 2640 547 facta
2682 491 3037 564 acquisitione
3078 497 3265 563 postea
3294 492 3439 546 firma
3470 499 3526 549 et
3555 491 3741 550 illaesa
3769 507 3997 549 conser-

2402 587 2595 649 vetur,
2628 587 2685 636 et
2712 580 2833 636 ideo
2876 580 2961 635 hic
3004 579 3230 636 effectus
3272 581 3534 637 tribuitur
3566 580 3702 653 legi,
3736 580 3901 654 licet,
3936 589 4003 638 ut

2398 668 2541 741 dixi,
2574 668 2875 726 formaliter
2912 669 3165 726 diversus
3206 671 3308 740 sit,
3346 677 3404 726 et
3440 670 3558 726 ideo
3588 671 3817 727 fortasse
3843 674 3993 728 iuter

2396 759 2630 816 effectus
2660 760 2815 832 legis,
2848 765 2908 816 ut
2933 760 3053 816 talis
3080 765 3187 826 est,
3212 775 3319 816 non
3345 766 3687 817 numeratur.
3720 763 3870 828 Quae
3900 760 4004 817 do·

2397 849 2573 905 ctrina
2604 847 2670 905 ad
2711 849 2968 906 effectum
3010 849 3175 905 etiam
3218 848 3460 906 irritandi
3488 849 3751 921 applicari
3781 857 3985 921 potest.

2475 943 2529 994 9.
2560 938 2793 1005 Quintus
2820 937 3049 994 effectus
3076 944 3196 994 erat
3222 937 3289 994 de
3318 939 3665 994 revocatione
3696 937 3853 1010 legis,
3892 938 3991 994 sed

2398 1025 2485 1084 bic
2516 1041 2623 1083 non
2648 1011 2812 1083 habet
2833 1025 3245 1096 difficultatem,
3270 1028 3402 1099 quia
3426 1028 3700 1082 revocatio
3726 1026 3857 1098 legis
3883 1044 3995 1084 non

2394 1123 2481 1173 est
2522 1115 2819 1190 legislatio,
2862 1117 2960 1174 sed
3000 1118 3183 1188 potius
3225 1101 3453 1184 ablatio,
3488 1117 3634 1173 sicut
3662 1117 3995 1188 dispensatio

2396 1203 2529 1278 legis
2554 1246 2569 1277 ,
2601 1205 2684 1262 vel
2714 1206 3119 1276 interpretatio,
3150 1210 3249 1262 aut
3276 1204 3575 1262 moderatio
3616 1221 3727 1262 non
3758 1212 3888 1263 sunt
3914 1207 3996 1262 ef-

2396 1293 2576 1351 fectus
2620 1294 2790 1366 legis,
2834 1294 2929 1354 sed
2970 1294 3053 1351 alii
3097 1301 3253 1352 actus
3292 1295 3388 1366 qui
3430 1296 3580 1352 circa
3606 1294 3787 1368 legem
3818 1296 3995 1368 ipsam

2394 1382 2553 1439 fiunt.
2587 1382 2743 1450 Quod
2770 1383 2815 1438 si
2846 1384 3118 1440 interdum
3147 1383 3425 1456 abrogatio
3450 1386 3612 1440 unius
3643 1384 3778 1457 legis
3809 1385 3867 1442 fit
3896 1401 3997 1458 per

2394 1471 2587 1544 aliam,
2618 1477 2751 1530 tunc
2782 1471 2865 1530 lex
2896 1487 3037 1530 nova
3065 1472 3282 1531 habebit
3306 1489 3439 1530 suos
3464 1474 3715 1545 proprios
3737 1473 3993 1546 effectus,

2392 1576 2535 1632 quos
2564 1576 2662 1633 per
2702 1576 2761 1617 se
2803 1561 3081 1634 intendat,
3112 1569 3209 1619 aut
3239 1561 3435 1632 faciat3
3469 1563 3666 1620 ablatio
3696 1571 3880 1622 autem
3910 1565 3988 1621 al-

2392 1651 2567 1706 terius
2596 1655 2682 1706 est
2702 1651 2837 1722 quid
2860 1666 3228 1724 consequens,
3256 1652 3402 1708 sicut
3418 1654 3698 1725 generatio
3724 1656 3886 1710 unius
3909 1661 3999 1711 est

2392 1739 2679 1810 corruptio
2720 1740 2975 1812 alterius,
3012 1741 3093 1796 vel
3122 1747 3273 1798 certe
3304 1743 3349 1796 si
3374 1756 3515 1797 nova
3540 1740 3627 1798 lex
3654 1742 3861 1798 directe
3891 1743 3999 1800 im·

2392 1835 2582 1899 perat,
2628 1845 2697 1884 ne
2738 1831 2888 1898 prior
2926 1836 3208 1900 servetur,
3255 1845 3355 1886 nec
3396 1846 3495 1902 pro
3542 1829 3660 1903 lege
3700 1831 3992 1902 habeatur,

2393 1923 2526 1974 tunc
2548 1917 2642 1974 illa
2663 1917 2946 1992 abrogatio
2968 1919 3334 1992 pertinebitad
3358 1919 3775 1991 prohibitionem
3796 1936 3993 1994 quam-

2391 2004 2517 2062 dam
2535 2049 2549 2078 ,
2578 2013 2638 2064 et
2666 2007 2769 2064 sub
2798 2009 2888 2064 illo
2914 2009 3115 2074 effectu
3147 2009 3283 2083 legis
3312 2009 3701 2068 continebitur.

2476 2101 2564 2154 10.
2608 2098 2810 2154 Sextus
2844 2098 3074 2156 effectus
3123 2106 3243 2156 erat
3279 2098 3496 2156 favores
3536 2100 3843 2158 concedere
3868 2143 3883 2168 ,
3928 2109 3989 2159 et

2392 2187 2632 2257 praemia
2660 2186 2930 2243 conferre.
2958 2187 3065 2244 Sed
3094 2187 3161 2244 de
3192 2188 3469 2245 favoribus
3496 2189 3602 2244 iam
3632 2188 3891 2260 vidimus,
3922 2207 3993 2246 ex

2392 2282 2573 2332 mente
2616 2275 2807 2334 Isidori
2848 2277 2953 2333 sub
2994 2278 3349 2349 permissione
3390 2278 3799 2350 comprehendi.
3846 2281 3979 2337 Dico

2390 2365 2552 2420 etiarn
2579 2363 2722 2421 idem
2749 2380 2870 2422 esse
2916 2366 2983 2422 de
3024 2366 3339 2436 favoribus,
3371 2366 3521 2441 quod
3562 2366 3629 2423 de
3670 2369 3981 2440 privilegiis3

2390 2469 2517 2510 nam
2546 2456 2591 2511 si
2628 2454 3043 2512 considerentur
3084 2463 3341 2526 respectu
3377 2458 3531 2530 eius,
3560 2458 3652 2514 cui
3683 2457 3846 2528 fiunt,
3880 2473 3987 2513 non

2390 2551 2523 2600 sunt
2546 2544 2775 2600 effectus
2804 2544 2937 2618 legis
2955 2584 2970 2612 ,
3002 2546 3100 2612 sed
3128 2547 3351 2602 alterius
3378 2548 3661 2618 potestatis
3709 2546 3983 2617 donandi,

2386 2634 2471 2692 vel
2500 2623 2844 2706 dispensandi
2866 2636 2987 2690 iura
3009 2635 3366 2708 reipublicae3
3400 2639 3597 2692 sivero
3620 2635 3973 2693 consideren-

2389 2729 2481 2780 tur
2507 2739 2573 2780 ex
2602 2731 2757 2795 parte
2785 2724 3016 2780 aliorum
3038 2766 3052 2794 ,
3082 2725 3287 2806 quibus
3312 2725 3466 2781 favor
3495 2725 3583 2782 ille
3610 2715 3975 2797 praestandus

2386 2821 2501 2886 est,
2531 2813 2617 2870 vel
2663 2813 3000 2885 privilegium
3027 2814 3387 2886 servandum,
3420 2817 3497 2870 sic
3528 2815 3841 2872 continetur
3868 2817 3975 2872 suh

2387 2909 2682 2974 praecepto
2700 2945 2715 2974 ,
2742 2909 2838 2958 aut
2858 2901 3245 2976 prohibitione,
3270 2904 3419 2960 iuxta
3438 2905 3585 2961 dicta
3607 2905 3658 2960 in
3681 2920 3804 2977 cap.
3831 2907 3971 2962 xm.

2385 2993 2461 3048 De
2488 2993 2727 3064 praemio
2756 3007 2885 3049 vero
2906 2991 3041 3049 dixit
3058 2993 3249 3050 Castro
3271 3010 3468 3066 supra,
3502 2995 3606 3051 sub
3629 3010 3801 3065 poena
3828 3011 4015 3052 com·-

2386 3081 2681 3154 prehendi,
2726 3089 2783 3139 et
2822 3081 3174 3154 subintelligi.
3220 3084 3377 3139 quta
3405 3091 3641 3140 mentem
3668 3091 3851 3140 autem
3884 3085 3988 3140 lsi-

2383 3171 2502 3227 dori
2532 3170 2747 3228 videtur
2776 3170 2879 3227 sub
2900 3171 3259 3241 permissione
3282 3171 3706 3244 comprehendi,
3737 3175 3867 3246 quia
3890 3189 3983 3245 pe·

2384 3262 2623 3318 titionem
2653 3263 2881 3334 praemii
2901 3261 3052 3333 ponit
3076 3275 3336 3331 expresse
3358 3260 3461 3318 sub
3482 3263 3860 3334 permissione.
3885 3264 3974 3320 Di-

2383 3367 2486 3407 vus
2522 3350 2753 3407 Thomas
2794 3358 2981 3407 autem
3024 3366 3130 3406 non
3173 3356 3361 3423 putat,
3394 3350 3541 3408 hunc
3570 3367 3693 3408 esse
3723 3351 3983 3411 effectum

2383 3439 2515 3514 legis
2532 3481 2547 3506 ‚
2579 3441 2707 3514 quia
2738 3456 2842 3497 non
2867 3440 3101 3516 requirit
3125 3447 3451 3512 potestatem
3476 3443 3853 3516 superiorem,
3887 3442 3983 3499 sed

2382 3536 2567 3602 potest
2592 3547 2623 3586 a
2650 3529 2897 3603 quolibet
2926 3529 3039 3586 fieri
3066 3573 3079 3600 ,
3113 3529 3257 3586 unde
3296 3531 3615 3602 aequiparat
3640 3531 3773 3588 illud
3802 3533 3985 3588 consi·

2382 3619 2454 3678 lio
2472 3663 2487 3694 ,
2516 3619 2666 3692 quod
2694 3620 2854 3676 etiam
2882 3635 2995 3675 non
3023 3620 3252 3692 requirit
3294 3619 3427 3692 legis
3456 3621 3841 3677 auctoritatem
3872 3660 3889 3692 ,
3931 3627 3991 3678 et

2382 3708 2502 3766 ideo
2528 3711 2689 3766 etiam
2720 3724 2823 3766 non
2864 3716 2953 3766 est
2990 3709 3218 3766 effectus
3261 3709 3417 3781 legis.
3449 3711 3519 3767 Et
3545 3708 3683 3766 haec
3712 3711 3985 3768 sententia

2380 3798 2509 3854 mihi
2538 3798 2736 3870 placet.
2782 3796 2921 3855 Addi
2962 3813 3091 3854 vero
3131 3803 3341 3868 potest,
3374 3813 3579 3870 poenae
3610 3797 3973 3857 adiectionem

2378 3903 2498 3944 esse
2527 3887 2698 3945 multo
2734 3887 3163 3961 frequentiorem
3191 3889 3245 3944 in
3274 3888 3485 3960 legibus
3504 3930 3518 3958 ,
3550 3903 3715 3961 quam
3745 3892 3977 3961 promis-

2378 3979 2583 4034 sionem
2612 3977 2864 4048 praemii,
2896 3978 3028 4048 quia
3052 3983 3139 4034 est
3178 3977 3454 4034 moraliter
3496 3977 3770 4050 loquendo
3804 3982 3977 4052 magis

2380 4065 2719 4136 necessaria,
2751 4063 2999 4122 homines
3028 4066 3172 4122 enim
3201 4066 3385 4122 maiori
3406 4082 3472 4122 ex
3498 4073 3651 4137 parte
3680 4068 3831 4139 pravi
3854 4061 3989 4124 s'unt

2379 4153 2447 4210 ad
2484 4153 2721 4220 malum,
2758 4159 2814 4209 et
2853 4155 2967 4210 suis
2996 4153 3279 4210 ducuntur
3306 4153 3703 4226 cupiditatibus
3723 4197 3737 4226 ,
3767 4164 3825 4213 et
3852 4156 3977 4213 ideo

2376 4241 2717 4315 frequentius
2760 4243 2955 4299 timore
2998 4258 3201 4314 poenae
3252 4243 3497 4300 coerceri
3552 4243 3775 4302 debent.
3822 4245 3977 4303 Unde

2376 4331 2537 4390 etiam
2561 4331 2768 4389 iudices
2790 4337 2844 4388 et
2866 4332 3128 4390 custodes
3152 4330 3335 4405 legum
3358 4333 3625 4390 ordinarie
3652 4334 3825 4408 magis
3850 4335 3987 4392 obli-

2378 4428 2577 4494 gantur
2606 4421 2675 4478 ad
2704 4421 3008 4493 puniendos
3038 4423 3223 4495 legum
3254 4427 3709 4496 transgressores,
3727 4439 3894 4496 quam
3915 4424 3987 4482 ad

2378 4509 2773 4570 conferendum
2802 4503 3105 4583 praemium
3136 4511 3553 4569 observantibus
3582 4513 3723 4586 illas,
3770 4521 3828 4570 et
3851 4529 3984 4586 pro-

2375 4609 2560 4675 pterea
2588 4601 2782 4659 merito
2808 4601 2950 4658 inter
2971 4601 3101 4674 legis
3122 4601 3354 4659 effectus
3377 4602 3563 4674 potius
3584 4617 3781 4676 poena,
3806 4617 3977 4676 quam

2378 4692 2683 4766 praemium
2717 4690 3093 4750 constituitur.
