<?xml version="1.0" encoding="UTF-8"?>
<!DOCTYPE html PUBLIC "-//W3C//DTD XHTML 1.0 Transitional//EN"
    "http://www.w3.org/TR/xhtml1/DTD/xhtml1-transitional.dtd">
<html xmlns="http://www.w3.org/1999/xhtml" xml:lang="en" lang="en">
 <head>
  <title>
</title>
<meta http-equiv="Content-Type" content="text/html;charset=utf-8" />
  <meta name='ocr-system' content='tesseract 3.04.00' />
  <meta name='ocr-capabilities' content='ocr_page ocr_carea ocr_par ocr_line ocrx_word'/>
</head>
<body>
  <div class='ocr_page' id='page_1' title='image "./tractatusdelegi01sugoog_0370.png"; bbox 0 0 4325 6267; ppageno 0'>
   <div class='ocr_carea' id='block_1_1' title="bbox 847 356 974 422">
    <p class='ocr_par' dir='ltr' id='par_1_1' title="bbox 847 356 974 422">
     <span class='ocr_line' id='line_1_1' title="bbox 847 356 974 422; baseline 0.016 -2"><span class='ocrx_word' id='word_1_1' title='bbox 847 356 974 422; x_wconf 87' lang='grc'><strong>358</strong></span> 
     </span>
    </p>
   </div>
   <div class='ocr_carea' id='block_1_2' title="bbox 752 497 2364 5363">
    <p class='ocr_par' dir='ltr' id='par_1_2' title="bbox 762 497 2364 1114">
     <span class='ocr_line' id='line_1_2' title="bbox 763 497 2357 573; baseline -0.003 -15"><span class='ocrx_word' id='word_1_2' title='bbox 763 501 843 558; x_wconf 88' lang='lat' dir='ltr'><strong>eis</strong></span> <span class='ocrx_word' id='word_1_3' title='bbox 882 499 1050 573; x_wconf 82' lang='lat' dir='ltr'><strong>faeta,</strong></span> <span class='ocrx_word' id='word_1_4' title='bbox 1082 504 1145 557; x_wconf 88' lang='lat' dir='ltr'><strong>ut</strong></span> <span class='ocrx_word' id='word_1_5' title='bbox 1184 497 1677 561; x_wconf 82' lang='lat' dir='ltr'><strong>beneconsiderat</strong></span> <span class='ocrx_word' id='word_1_6' title='bbox 1714 500 1993 558; x_wconf 82' lang='lat' dir='ltr'><strong>Navarrus</strong></span> <span class='ocrx_word' id='word_1_7' title='bbox 2036 499 2127 557; x_wconf 90' lang='lat' dir='ltr'><strong>ubi</strong></span> <span class='ocrx_word' id='word_1_8' title='bbox 2167 512 2357 571; x_wconf 88' lang='lat' dir='ltr'><strong>supra.</strong></span> 
     </span>
     <span class='ocr_line' id='line_1_3' title="bbox 764 588 2363 665; baseline -0.002 -17"><span class='ocrx_word' id='word_1_9' title='bbox 764 592 1064 665; x_wconf 79' lang='lat' dir='ltr'><strong>Potestque</strong></span> <span class='ocrx_word' id='word_1_10' title='bbox 1102 589 1367 663; x_wconf 82' lang='lat' dir='ltr'><strong>explicari</strong></span> <span class='ocrx_word' id='word_1_11' title='bbox 1407 590 1657 663; x_wconf 81' lang='lat' dir='ltr'><strong>exemplo</strong></span> <span class='ocrx_word' id='word_1_12' title='bbox 1686 588 1927 650; x_wconf 88' lang='lat' dir='ltr'><strong>adducto</strong></span> <span class='ocrx_word' id='word_1_13' title='bbox 1955 607 1988 648; x_wconf 89' lang='lat' dir='ltr'><strong>a</strong></span> <span class='ocrx_word' id='word_1_14' title='bbox 2025 592 2227 649; x_wconf 88' lang='lat' dir='ltr'><strong>Ioanne</strong></span> <span class='ocrx_word' id='word_1_15' title='bbox 2252 590 2363 646; x_wconf 78' lang='lat' dir='ltr'><strong>An-</strong></span> 
     </span>
     <span class='ocr_line' id='line_1_4' title="bbox 763 679 2362 765; baseline -0.001 -27"><span class='ocrx_word' id='word_1_16' title='bbox 763 680 897 738; x_wconf 90' lang='lat' dir='ltr'><strong>drea</strong></span> <span class='ocrx_word' id='word_1_17' title='bbox 949 679 1017 739; x_wconf 91' lang='lat' dir='ltr'><strong>de</strong></span> <span class='ocrx_word' id='word_1_18' title='bbox 1060 680 1295 755; x_wconf 91' lang='lat' dir='ltr'><strong>quadam</strong></span> <span class='ocrx_word' id='word_1_19' title='bbox 1339 679 1606 739; x_wconf 89' lang='lat' dir='ltr'><strong>electione</strong></span> <span class='ocrx_word' id='word_1_20' title='bbox 1647 680 1793 765; x_wconf 78' lang='lat' dir='ltr'><strong>facta¹</strong></span> <span class='ocrx_word' id='word_1_21' title='bbox 1832 684 1885 739; x_wconf 90' lang='lat' dir='ltr'><strong>in</strong></span> <span class='ocrx_word' id='word_1_22' title='bbox 1935 697 2042 739; x_wconf 91' lang='lat' dir='ltr'><strong>una</strong></span> <span class='ocrx_word' id='word_1_23' title='bbox 2080 679 2362 753; x_wconf 88' lang='lat' dir='ltr'><strong>provincia</strong></span> 
     </span>
     <span class='ocr_line' id='line_1_5' title="bbox 762 769 2362 847; baseline -0.002 -19"><span class='ocrx_word' id='word_1_24' title='bbox 762 776 959 829; x_wconf 88' lang='lat' dir='ltr'><strong>contra</strong></span> <span class='ocrx_word' id='word_1_25' title='bbox 984 769 1431 829; x_wconf 89' lang='lat' dir='ltr'><strong>constitutionem</strong></span> <span class='ocrx_word' id='word_1_26' title='bbox 1459 770 1791 843; x_wconf 80' lang='lat' dir='ltr'><strong>pontificiam</strong></span> <span class='ocrx_word' id='word_1_27' title='bbox 1810 813 1825 843; x_wconf 89' lang='lat'><strong>,</strong></span> <span class='ocrx_word' id='word_1_28' title='bbox 1856 785 1997 846; x_wconf 90' lang='lat' dir='ltr'><strong>quae</strong></span> <span class='ocrx_word' id='word_1_29' title='bbox 2026 772 2232 847; x_wconf 70' lang='lat' dir='ltr'><strong>Romae</strong></span> <span class='ocrx_word' id='word_1_30' title='bbox 2255 811 2271 842; x_wconf 93' lang='lat'><strong>,</strong></span> <span class='ocrx_word' id='word_1_31' title='bbox 2303 774 2362 825; x_wconf 91' lang='lat' dir='ltr'><strong>et</strong></span> 
     </span>
     <span class='ocr_line' id='line_1_6' title="bbox 762 856 2364 935; baseline -0.001 -18"><span class='ocrx_word' id='word_1_32' title='bbox 762 876 873 918; x_wconf 88' lang='lat' dir='ltr'><strong>non</strong></span> <span class='ocrx_word' id='word_1_33' title='bbox 898 864 955 917; x_wconf 91' lang='lat' dir='ltr'><strong>in</strong></span> <span class='ocrx_word' id='word_1_34' title='bbox 994 858 1088 918; x_wconf 89' lang='lat' dir='ltr'><strong>tali</strong></span> <span class='ocrx_word' id='word_1_35' title='bbox 1116 859 1399 933; x_wconf 80' lang='lat' dir='ltr'><strong>provincia</strong></span> <span class='ocrx_word' id='word_1_36' title='bbox 1422 868 1543 919; x_wconf 89' lang='lat' dir='ltr'><strong>erat</strong></span> <span class='ocrx_word' id='word_1_37' title='bbox 1580 861 1927 935; x_wconf 83' lang='lat' dir='ltr'><strong>promulgata</strong></span> <span class='ocrx_word' id='word_1_38' title='bbox 1950 902 1964 931; x_wconf 87' lang='lat'><strong>,</strong></span> <span class='ocrx_word' id='word_1_39' title='bbox 1995 866 2052 918; x_wconf 92' lang='lat' dir='ltr'><strong>et</strong></span> <span class='ocrx_word' id='word_1_40' title='bbox 2088 856 2364 917; x_wconf 84' lang='lat' dir='ltr'><strong>nibilomi-</strong></span> 
     </span>
     <span class='ocr_line' id='line_1_7' title="bbox 763 949 2360 1025; baseline -0.001 -19"><span class='ocrx_word' id='word_1_41' title='bbox 763 966 870 1007; x_wconf 90' lang='lat' dir='ltr'><strong>nus</strong></span> <span class='ocrx_word' id='word_1_42' title='bbox 897 950 1053 1009; x_wconf 88' lang='lat' dir='ltr'><strong>irrita</strong></span> <span class='ocrx_word' id='word_1_43' title='bbox 1081 950 1226 1007; x_wconf 88' lang='lat' dir='ltr'><strong>facta</strong></span> <span class='ocrx_word' id='word_1_44' title='bbox 1253 956 1355 1009; x_wconf 90' lang='lat' dir='ltr'><strong>est.</strong></span> <span class='ocrx_word' id='word_1_45' title='bbox 1386 950 1643 1024; x_wconf 78' lang='lat' dir='ltr'>Idemque</span> <span class='ocrx_word' id='word_1_46' title='bbox 1674 951 1881 1009; x_wconf 84' lang='lat' dir='ltr'><strong>servari</strong></span> <span class='ocrx_word' id='word_1_47' title='bbox 1909 950 1961 1007; x_wconf 91' lang='lat' dir='ltr'><strong>in</strong></span> <span class='ocrx_word' id='word_1_48' title='bbox 1988 950 2194 1025; x_wconf 88' lang='lat' dir='ltr'><strong>regulis</strong></span> <span class='ocrx_word' id='word_1_49' title='bbox 2220 949 2360 1007; x_wconf 89' lang='lat' dir='ltr'><strong>Can-</strong></span> 
     </span>
     <span class='ocr_line' id='line_1_8' title="bbox 764 1040 1866 1114; baseline 0 -17"><span class='ocrx_word' id='word_1_50' title='bbox 764 1040 1018 1097; x_wconf 88' lang='lat' dir='ltr'><strong>cellariae</strong></span> <span class='ocrx_word' id='word_1_51' title='bbox 1045 1046 1199 1098; x_wconf 90' lang='lat' dir='ltr'><strong>notat</strong></span> <span class='ocrx_word' id='word_1_52' title='bbox 1222 1042 1421 1099; x_wconf 79' lang='lat' dir='ltr'><strong>Anton.</strong></span> <span class='ocrx_word' id='word_1_53' title='bbox 1451 1043 1651 1101; x_wconf 86' lang='lat' dir='ltr'><strong>Gomez</strong></span> <span class='ocrx_word' id='word_1_54' title='bbox 1677 1058 1866 1114; x_wconf 88' lang='lat' dir='ltr'><strong>supra.</strong></span> 
     </span>
    </p>

    <p class='ocr_par' dir='ltr' id='par_1_3' title="bbox 752 1130 2358 4724">
     <span class='ocr_line' id='line_1_9' title="bbox 836 1130 2352 1199; baseline -0.001 -10"><span class='ocrx_word' id='word_1_55' title='bbox 836 1132 1127 1189; x_wconf 87' lang='lat' dir='ltr'><strong>Praeterea</strong></span> <span class='ocrx_word' id='word_1_56' title='bbox 1166 1131 1337 1188; x_wconf 89' lang='lat' dir='ltr'><strong>multa</strong></span> <span class='ocrx_word' id='word_1_57' title='bbox 1372 1137 1503 1189; x_wconf 88' lang='lat' dir='ltr'><strong>sunt</strong></span> <span class='ocrx_word' id='word_1_58' title='bbox 1542 1130 1761 1190; x_wconf 89' lang='lat' dir='ltr'><strong>decreta</strong></span> <span class='ocrx_word' id='word_1_59' title='bbox 1805 1134 1859 1188; x_wconf 88' lang='lat' dir='ltr'><strong>in</strong></span> <span class='ocrx_word' id='word_1_60' title='bbox 1898 1132 2017 1190; x_wconf 90' lang='lat' dir='ltr'><strong>iure</strong></span> <span class='ocrx_word' id='word_1_61' title='bbox 2056 1132 2352 1199; x_wconf 90' lang='lat' dir='ltr'><strong>canonico,</strong></span> 
     </span>
     <span class='ocr_line' id='line_1_10' title="bbox 760 1220 2358 1296; baseline -0.002 -17"><span class='ocrx_word' id='word_1_62' title='bbox 760 1236 901 1296; x_wconf 89' lang='lat' dir='ltr'><strong>quae</strong></span> <span class='ocrx_word' id='word_1_63' title='bbox 930 1236 1212 1295; x_wconf 84' lang='lat' dir='ltr'><strong>nunquam</strong></span> <span class='ocrx_word' id='word_1_64' title='bbox 1248 1221 1473 1279; x_wconf 90' lang='lat' dir='ltr'><strong>fuerunt</strong></span> <span class='ocrx_word' id='word_1_65' title='bbox 1500 1222 1848 1295; x_wconf 86' lang='lat' dir='ltr'><strong>promulgata</strong></span> <span class='ocrx_word' id='word_1_66' title='bbox 1872 1222 1927 1278; x_wconf 91' lang='lat' dir='ltr'><strong>in</strong></span> <span class='ocrx_word' id='word_1_67' title='bbox 1972 1220 2202 1295; x_wconf 88' lang='lat' dir='ltr'><strong>singulis</strong></span> <span class='ocrx_word' id='word_1_68' title='bbox 2232 1235 2358 1293; x_wconf 83' lang='lat' dir='ltr'><strong>pro·</strong></span> 
     </span>
     <span class='ocr_line' id='line_1_11' title="bbox 762 1309 2356 1385; baseline 0.001 -20"><span class='ocrx_word' id='word_1_69' title='bbox 762 1309 982 1383; x_wconf 85' lang='lat' dir='ltr'><strong>vinciis,</strong></span> <span class='ocrx_word' id='word_1_70' title='bbox 1012 1311 1108 1369; x_wconf 87' lang='lat' dir='ltr'><strong>sed</strong></span> <span class='ocrx_word' id='word_1_71' title='bbox 1146 1316 1360 1369; x_wconf 88' lang='lat' dir='ltr'><strong>tantum</strong></span> <span class='ocrx_word' id='word_1_72' title='bbox 1399 1312 1624 1369; x_wconf 85' lang='lat' dir='ltr'><strong>Romae.</strong></span> <span class='ocrx_word' id='word_1_73' title='bbox 1655 1313 1726 1369; x_wconf 88' lang='lat' dir='ltr'><strong>Et</strong></span> <span class='ocrx_word' id='word_1_74' title='bbox 1762 1313 2014 1385; x_wconf 85' lang='lat' dir='ltr'><strong>quamvis</strong></span> <span class='ocrx_word' id='word_1_75' title='bbox 2052 1311 2196 1369; x_wconf 90' lang='lat' dir='ltr'><strong>enim</strong></span> <span class='ocrx_word' id='word_1_76' title='bbox 2236 1312 2356 1383; x_wconf 88' lang='lat' dir='ltr'><strong>ipsa</strong></span> 
     </span>
     <span class='ocr_line' id='line_1_12' title="bbox 760 1400 2354 1475; baseline -0.001 -16"><span class='ocrx_word' id='word_1_77' title='bbox 760 1400 924 1459; x_wconf 87' lang='lat' dir='ltr'><strong>editio</strong></span> <span class='ocrx_word' id='word_1_78' title='bbox 966 1400 1186 1475; x_wconf 89' lang='lat' dir='ltr'><strong>publica</strong></span> <span class='ocrx_word' id='word_1_79' title='bbox 1221 1402 1352 1459; x_wconf 90' lang='lat' dir='ltr'><strong>iuris</strong></span> <span class='ocrx_word' id='word_1_80' title='bbox 1396 1401 1641 1459; x_wconf 90' lang='lat' dir='ltr'><strong>canonici</strong></span> <span class='ocrx_word' id='word_1_81' title='bbox 1683 1401 1881 1459; x_wconf 88' lang='lat' dir='ltr'><strong>habeat</strong></span> <span class='ocrx_word' id='word_1_82' title='bbox 1908 1404 2019 1459; x_wconf 82' lang='lat' dir='ltr'><strong>vim</strong></span> <span class='ocrx_word' id='word_1_83' title='bbox 2057 1400 2354 1475; x_wconf 88' lang='lat' dir='ltr'><strong>quamdam</strong></span> 
     </span>
     <span class='ocr_line' id='line_1_13' title="bbox 760 1490 2357 1566; baseline 0.001 -19"><span class='ocrx_word' id='word_1_84' title='bbox 760 1490 1238 1565; x_wconf 87' lang='lat' dir='ltr'><strong>promulgationis,</strong></span> <span class='ocrx_word' id='word_1_85' title='bbox 1262 1492 1479 1565; x_wconf 88' lang='lat' dir='ltr'><strong>quaein</strong></span> <span class='ocrx_word' id='word_1_86' title='bbox 1508 1492 1738 1566; x_wconf 86' lang='lat' dir='ltr'><strong>singulis</strong></span> <span class='ocrx_word' id='word_1_87' title='bbox 1766 1492 2059 1566; x_wconf 82' lang='lat' dir='ltr'><strong>provinciis</strong></span> <span class='ocrx_word' id='word_1_88' title='bbox 2080 1492 2196 1549; x_wconf 85' lang='lat' dir='ltr'><strong>fleri</strong></span> <span class='ocrx_word' id='word_1_89' title='bbox 2225 1506 2357 1549; x_wconf 89' lang='lat' dir='ltr'><strong>cen-</strong></span> 
     </span>
     <span class='ocr_line' id='line_1_14' title="bbox 762 1581 2351 1655; baseline 0.001 -18"><span class='ocrx_word' id='word_1_90' title='bbox 762 1588 935 1654; x_wconf 88' lang='lat' dir='ltr'><strong>setur,</strong></span> <span class='ocrx_word' id='word_1_91' title='bbox 962 1581 1095 1655; x_wconf 90' lang='lat' dir='ltr'><strong>quia</strong></span> <span class='ocrx_word' id='word_1_92' title='bbox 1121 1582 1174 1638; x_wconf 90' lang='lat' dir='ltr'><strong>in</strong></span> <span class='ocrx_word' id='word_1_93' title='bbox 1202 1581 1427 1655; x_wconf 88' lang='lat' dir='ltr'><strong>singulis</strong></span> <span class='ocrx_word' id='word_1_94' title='bbox 1456 1581 1528 1639; x_wconf 90' lang='lat' dir='ltr'><strong>illi</strong></span> <span class='ocrx_word' id='word_1_95' title='bbox 1556 1582 1676 1639; x_wconf 81' lang='lat' dir='ltr'>libri</span> <span class='ocrx_word' id='word_1_96' title='bbox 1703 1582 1924 1655; x_wconf 89' lang='lat' dir='ltr'><strong>publice</strong></span> <span class='ocrx_word' id='word_1_97' title='bbox 1950 1582 2351 1639; x_wconf 89' lang='lat' dir='ltr'><strong>circumferun-</strong></span> 
     </span>
     <span class='ocr_line' id='line_1_15' title="bbox 761 1670 2358 1748; baseline 0.001 -20"><span class='ocrx_word' id='word_1_98' title='bbox 761 1677 885 1742; x_wconf 82' lang='lat' dir='ltr'><strong>tur3</strong></span> <span class='ocrx_word' id='word_1_99' title='bbox 918 1670 1265 1730; x_wconf 90' lang='lat' dir='ltr'><strong>nihilominus</strong></span> <span class='ocrx_word' id='word_1_100' title='bbox 1293 1673 1347 1729; x_wconf 91' lang='lat' dir='ltr'><strong>in</strong></span> <span class='ocrx_word' id='word_1_101' title='bbox 1373 1672 1556 1747; x_wconf 85' lang='lat' dir='ltr'><strong>rigore</strong></span> <span class='ocrx_word' id='word_1_102' title='bbox 1582 1672 1835 1748; x_wconf 78' lang='lat' dir='ltr'><strong>obligatio</strong></span> <span class='ocrx_word' id='word_1_103' title='bbox 1866 1672 2056 1731; x_wconf 88' lang='lat' dir='ltr'><strong>talium</strong></span> <span class='ocrx_word' id='word_1_104' title='bbox 2093 1672 2358 1731; x_wconf 89' lang='lat' dir='ltr'><strong>decreto-</strong></span> 
     </span>
     <span class='ocr_line' id='line_1_16' title="bbox 759 1762 2356 1838; baseline 0.002 -19"><span class='ocrx_word' id='word_1_105' title='bbox 759 1778 885 1820; x_wconf 86' lang='lat' dir='ltr'><strong>rum</strong></span> <span class='ocrx_word' id='word_1_106' title='bbox 910 1762 1071 1820; x_wconf 87' lang='lat' dir='ltr'><strong>latius</strong></span> <span class='ocrx_word' id='word_1_107' title='bbox 1096 1762 1425 1833; x_wconf 77' lang='lat' dir='ltr'>extenditur,</span> <span class='ocrx_word' id='word_1_108' title='bbox 1450 1778 1615 1837; x_wconf 89' lang='lat' dir='ltr'><strong>quam</strong></span> <span class='ocrx_word' id='word_1_109' title='bbox 1636 1763 1725 1821; x_wconf 88' lang='lat' dir='ltr'><strong>illa</strong></span> <span class='ocrx_word' id='word_1_110' title='bbox 1746 1764 2134 1838; x_wconf 79' lang='lat' dir='ltr'><strong>promulgatio.</strong></span> <span class='ocrx_word' id='word_1_111' title='bbox 2152 1762 2356 1822; x_wconf 80' lang='lat' dir='ltr'>Deinde</span> 
     </span>
     <span class='ocr_line' id='line_1_17' title="bbox 760 1852 2357 1927; baseline 0.001 -16"><span class='ocrx_word' id='word_1_112' title='bbox 760 1852 933 1911; x_wconf 83' lang='lat' dir='ltr'><strong>multa</strong></span> <span class='ocrx_word' id='word_1_113' title='bbox 953 1861 1083 1911; x_wconf 87' lang='lat' dir='ltr'><strong>sunt</strong></span> <span class='ocrx_word' id='word_1_114' title='bbox 1110 1854 1381 1925; x_wconf 88' lang='lat' dir='ltr'><strong>rescripta</strong></span> <span class='ocrx_word' id='word_1_115' title='bbox 1400 1854 1744 1927; x_wconf 79' lang='lat' dir='ltr'><strong>Pontificum,</strong></span> <span class='ocrx_word' id='word_1_116' title='bbox 1768 1856 1853 1913; x_wconf 85' lang='lat' dir='ltr'><strong>vel</strong></span> <span class='ocrx_word' id='word_1_117' title='bbox 1884 1854 2086 1926; x_wconf 88' lang='lat' dir='ltr'><strong>bullae,</strong></span> <span class='ocrx_word' id='word_1_118' title='bbox 2110 1862 2211 1913; x_wconf 91' lang='lat' dir='ltr'><strong>aut</strong></span> <span class='ocrx_word' id='word_1_119' title='bbox 2237 1860 2357 1913; x_wconf 85' lang='lat' dir='ltr'><strong>mo·</strong></span> 
     </span>
     <span class='ocr_line' id='line_1_18' title="bbox 760 1926 2356 2017; baseline 0.001 -16"><span class='ocrx_word' id='word_1_120' title='bbox 760 1926 854 2001; x_wconf 72' lang='lat' dir='ltr'><strong>t&#39;us</strong></span> <span class='ocrx_word' id='word_1_121' title='bbox 892 1939 1129 2016; x_wconf 84' lang='lat' dir='ltr'><strong>proprii,</strong></span> <span class='ocrx_word' id='word_1_122' title='bbox 1159 1946 1255 2017; x_wconf 90' lang='lat' dir='ltr'><strong>qui</strong></span> <span class='ocrx_word' id='word_1_123' title='bbox 1296 1960 1401 2000; x_wconf 91' lang='lat' dir='ltr'><strong>non</strong></span> <span class='ocrx_word' id='word_1_124' title='bbox 1440 1952 1571 2002; x_wconf 89' lang='lat' dir='ltr'><strong>sunt</strong></span> <span class='ocrx_word' id='word_1_125' title='bbox 1608 1944 1797 2002; x_wconf 88' lang='lat' dir='ltr'><strong>inserti</strong></span> <span class='ocrx_word' id='word_1_126' title='bbox 1824 1945 1875 2001; x_wconf 92' lang='lat' dir='ltr'><strong>in</strong></span> <span class='ocrx_word' id='word_1_127' title='bbox 1916 1947 2198 2003; x_wconf 91' lang='lat' dir='ltr'><strong>communi</strong></span> <span class='ocrx_word' id='word_1_128' title='bbox 2239 1946 2356 2002; x_wconf 87' lang='lat' dir='ltr'><strong>iure</strong></span> 
     </span>
     <span class='ocr_line' id='line_1_19' title="bbox 759 2032 2354 2109; baseline 0.001 -17"><span class='ocrx_word' id='word_1_129' title='bbox 759 2034 1049 2097; x_wconf 81' lang='lat' dir='ltr'><strong>canonico,</strong></span> <span class='ocrx_word' id='word_1_130' title='bbox 1079 2040 1139 2091; x_wconf 91' lang='lat' dir='ltr'><strong>et</strong></span> <span class='ocrx_word' id='word_1_131' title='bbox 1165 2032 1517 2091; x_wconf 87' lang='lat' dir='ltr'><strong>nihilominus</strong></span> <span class='ocrx_word' id='word_1_132' title='bbox 1543 2040 1840 2093; x_wconf 79' lang='lat' dir='ltr'><strong>censentur</strong></span> <span class='ocrx_word' id='word_1_133' title='bbox 1868 2035 2107 2109; x_wconf 87' lang='lat' dir='ltr'><strong>obligare</strong></span> <span class='ocrx_word' id='word_1_134' title='bbox 2134 2051 2232 2108; x_wconf 87' lang='lat' dir='ltr'><strong>per</strong></span> <span class='ocrx_word' id='word_1_135' title='bbox 2257 2052 2354 2093; x_wconf 90' lang='lat' dir='ltr'><strong>so-</strong></span> 
     </span>
     <span class='ocr_line' id='line_1_20' title="bbox 758 2122 2354 2195; baseline 0 -14"><span class='ocrx_word' id='word_1_136' title='bbox 758 2124 865 2181; x_wconf 89' lang='lat' dir='ltr'><strong>lam</strong></span> <span class='ocrx_word' id='word_1_137' title='bbox 909 2122 1331 2195; x_wconf 81' lang='lat' dir='ltr'><strong>publicationem</strong></span> <span class='ocrx_word' id='word_1_138' title='bbox 1370 2125 1575 2182; x_wconf 88' lang='lat' dir='ltr'><strong>Romae</strong></span> <span class='ocrx_word' id='word_1_139' title='bbox 1623 2124 1843 2183; x_wconf 87' lang='lat' dir='ltr'><strong>factam.</strong></span> <span class='ocrx_word' id='word_1_140' title='bbox 1888 2124 2047 2194; x_wconf 81' lang='lat' dir='ltr'><strong>Quod</strong></span> <span class='ocrx_word' id='word_1_141' title='bbox 2084 2126 2246 2184; x_wconf 87' lang='lat' dir='ltr'><strong>etiam</strong></span> <span class='ocrx_word' id='word_1_142' title='bbox 2302 2126 2354 2181; x_wconf 91' lang='lat' dir='ltr'><strong>in</strong></span> 
     </span>
     <span class='ocr_line' id='line_1_21' title="bbox 757 2212 2353 2292; baseline 0.004 -23"><span class='ocrx_word' id='word_1_143' title='bbox 757 2212 914 2269; x_wconf 89' lang='lat' dir='ltr'><strong>Bulla</strong></span> <span class='ocrx_word' id='word_1_144' title='bbox 933 2214 1145 2271; x_wconf 90' lang='lat' dir='ltr'><strong>Coenae</strong></span> <span class='ocrx_word' id='word_1_145' title='bbox 1170 2212 1353 2271; x_wconf 81' lang='lat' dir='ltr'><strong>videre</strong></span> <span class='ocrx_word' id='word_1_146' title='bbox 1380 2214 1529 2287; x_wconf 78' lang='lat' dir='ltr'><strong>licet3</strong></span> <span class='ocrx_word' id='word_1_147' title='bbox 1564 2216 1945 2274; x_wconf 82' lang='lat' dir='ltr'><strong>universaliter</strong></span> <span class='ocrx_word' id='word_1_148' title='bbox 1962 2218 2107 2274; x_wconf 90' lang='lat' dir='ltr'><strong>enim</strong></span> <span class='ocrx_word' id='word_1_149' title='bbox 2126 2216 2353 2292; x_wconf 87' lang='lat' dir='ltr'><strong>obligat,</strong></span> 
     </span>
     <span class='ocr_line' id='line_1_22' title="bbox 758 2304 2348 2380; baseline 0.001 -21"><span class='ocrx_word' id='word_1_150' title='bbox 758 2320 888 2361; x_wconf 91' lang='lat' dir='ltr'><strong>cum</strong></span> <span class='ocrx_word' id='word_1_151' title='bbox 912 2311 1091 2362; x_wconf 67' lang='lat' dir='ltr'><strong>nmen</strong></span> <span class='ocrx_word' id='word_1_152' title='bbox 1113 2319 1238 2362; x_wconf 90' lang='lat' dir='ltr'><strong>raro</strong></span> <span class='ocrx_word' id='word_1_153' title='bbox 1260 2304 1313 2361; x_wconf 92' lang='lat' dir='ltr'><strong>in</strong></span> <span class='ocrx_word' id='word_1_154' title='bbox 1338 2304 1565 2379; x_wconf 86' lang='lat' dir='ltr'><strong>singulis</strong></span> <span class='ocrx_word' id='word_1_155' title='bbox 1592 2306 1994 2379; x_wconf 77' lang='lat' dir='ltr'><strong>episcopatibus</strong></span> <span class='ocrx_word' id='word_1_156' title='bbox 2014 2306 2348 2380; x_wconf 82' lang='lat' dir='ltr'><strong>publicetur.</strong></span> 
     </span>
     <span class='ocr_line' id='line_1_23' title="bbox 758 2393 2352 2471; baseline 0.002 -20"><span class='ocrx_word' id='word_1_157' title='bbox 758 2393 996 2451; x_wconf 82' lang='lat' dir='ltr'><strong>Tandem</strong></span> <span class='ocrx_word' id='word_1_158' title='bbox 1048 2409 1308 2467; x_wconf 89' lang='lat' dir='ltr'><strong>magnum</strong></span> <span class='ocrx_word' id='word_1_159' title='bbox 1361 2403 1749 2470; x_wconf 77' lang='lat' dir='ltr'><strong>argumentum</strong></span> <span class='ocrx_word' id='word_1_160' title='bbox 1787 2405 1906 2469; x_wconf 89' lang='lat' dir='ltr'><strong>est,</strong></span> <span class='ocrx_word' id='word_1_161' title='bbox 1949 2396 2077 2470; x_wconf 86' lang='lat' dir='ltr'><strong>quia</strong></span> <span class='ocrx_word' id='word_1_162' title='bbox 2132 2396 2352 2471; x_wconf 90' lang='lat' dir='ltr'><strong>quando</strong></span> 
     </span>
     <span class='ocr_line' id='line_1_24' title="bbox 758 2483 2352 2561; baseline 0.003 -20"><span class='ocrx_word' id='word_1_163' title='bbox 758 2486 1044 2542; x_wconf 77' lang='lat' dir='ltr'><strong>Pontifices</strong></span> <span class='ocrx_word' id='word_1_164' title='bbox 1067 2483 1285 2557; x_wconf 57' lang='lat' dir='ltr'><strong>volunt,</strong></span> <span class='ocrx_word' id='word_1_165' title='bbox 1315 2487 1680 2545; x_wconf 87' lang='lat' dir='ltr'><strong>necessariam</strong></span> <span class='ocrx_word' id='word_1_166' title='bbox 1706 2503 1827 2545; x_wconf 86' lang='lat' dir='ltr'><strong>esse</strong></span> <span class='ocrx_word' id='word_1_167' title='bbox 1854 2486 2352 2561; x_wconf 77' lang='lat' dir='ltr'><strong>promulgationem</strong></span> 
     </span>
     <span class='ocr_line' id='line_1_25' title="bbox 760 2574 2351 2655; baseline 0.003 -25"><span class='ocrx_word' id='word_1_168' title='bbox 760 2590 893 2655; x_wconf 77' lang='lat' dir='ltr'><strong>suae</strong></span> <span class='ocrx_word' id='word_1_169' title='bbox 919 2574 1049 2649; x_wconf 87' lang='lat' dir='ltr'><strong>legis</strong></span> <span class='ocrx_word' id='word_1_170' title='bbox 1080 2574 1133 2631; x_wconf 89' lang='lat' dir='ltr'><strong>in</strong></span> <span class='ocrx_word' id='word_1_171' title='bbox 1172 2576 1400 2649; x_wconf 85' lang='lat' dir='ltr'><strong>singulis</strong></span> <span class='ocrx_word' id='word_1_172' title='bbox 1427 2578 1856 2650; x_wconf 88' lang='lat' dir='ltr'><strong>episcopatibus,</strong></span> <span class='ocrx_word' id='word_1_173' title='bbox 1903 2593 2003 2637; x_wconf 88' lang='lat' dir='ltr'><strong>seu</strong></span> <span class='ocrx_word' id='word_1_174' title='bbox 2031 2578 2351 2653; x_wconf 79' lang='lat' dir='ltr'><strong>provinciis,</strong></span> 
     </span>
     <span class='ocr_line' id='line_1_26' title="bbox 758 2662 2356 2739; baseline 0.004 -20"><span class='ocrx_word' id='word_1_175' title='bbox 758 2662 863 2720; x_wconf 89' lang='lat' dir='ltr'><strong>hoc</strong></span> <span class='ocrx_word' id='word_1_176' title='bbox 892 2662 1199 2735; x_wconf 87' lang='lat' dir='ltr'><strong>specialiter</strong></span> <span class='ocrx_word' id='word_1_177' title='bbox 1224 2664 1535 2737; x_wconf 83' lang='lat' dir='ltr'><strong>declarant&#39;3</strong></span> <span class='ocrx_word' id='word_1_178' title='bbox 1567 2682 1691 2725; x_wconf 90' lang='lat' dir='ltr'><strong>raro</strong></span> <span class='ocrx_word' id='word_1_179' title='bbox 1720 2676 1905 2726; x_wconf 88' lang='lat' dir='ltr'><strong>autem</strong></span> <span class='ocrx_word' id='word_1_180' title='bbox 1932 2667 1986 2726; x_wconf 90' lang='lat' dir='ltr'><strong>id</strong></span> <span class='ocrx_word' id='word_1_181' title='bbox 2026 2669 2266 2739; x_wconf 88' lang='lat' dir='ltr'><strong>faciunt,</strong></span> <span class='ocrx_word' id='word_1_182' title='bbox 2297 2675 2356 2727; x_wconf 91' lang='lat' dir='ltr'><strong>et</strong></span> 
     </span>
     <span class='ocr_line' id='line_1_27' title="bbox 758 2754 2352 2833; baseline 0.005 -24"><span class='ocrx_word' id='word_1_183' title='bbox 758 2754 811 2810; x_wconf 89' lang='lat' dir='ltr'><strong>in</strong></span> <span class='ocrx_word' id='word_1_184' title='bbox 840 2754 1005 2811; x_wconf 87' lang='lat' dir='ltr'><strong>rebus</strong></span> <span class='ocrx_word' id='word_1_185' title='bbox 1034 2755 1252 2812; x_wconf 84' lang='lat' dir='ltr'><strong>maioris</strong></span> <span class='ocrx_word' id='word_1_186' title='bbox 1282 2756 1537 2813; x_wconf 88' lang='lat' dir='ltr'><strong>momenti</strong></span> <span class='ocrx_word' id='word_1_187' title='bbox 1564 2764 1661 2815; x_wconf 89' lang='lat' dir='ltr'><strong>aut</strong></span> <span class='ocrx_word' id='word_1_188' title='bbox 1688 2758 1940 2831; x_wconf 86' lang='lat' dir='ltr'><strong>periculi3</strong></span> <span class='ocrx_word' id='word_1_189' title='bbox 1973 2774 2106 2833; x_wconf 90' lang='lat' dir='ltr'><strong>ergo</strong></span> <span class='ocrx_word' id='word_1_190' title='bbox 2134 2759 2352 2833; x_wconf 78' lang='lat' dir='ltr'><strong>signum</strong></span> 
     </span>
     <span class='ocr_line' id='line_1_28' title="bbox 758 2844 2354 2921; baseline 0.001 -18"><span class='ocrx_word' id='word_1_191' title='bbox 758 2850 865 2917; x_wconf 89' lang='lat' dir='ltr'><strong>est,</strong></span> <span class='ocrx_word' id='word_1_192' title='bbox 882 2850 1034 2902; x_wconf 85' lang='lat' dir='ltr'><strong>extra</strong></span> <span class='ocrx_word' id='word_1_193' title='bbox 1059 2844 1163 2902; x_wconf 89' lang='lat' dir='ltr'><strong>hos</strong></span> <span class='ocrx_word' id='word_1_194' title='bbox 1188 2861 1355 2903; x_wconf 87' lang='lat' dir='ltr'><strong>casus</strong></span> <span class='ocrx_word' id='word_1_195' title='bbox 1380 2847 1647 2920; x_wconf 86' lang='lat' dir='ltr'><strong>speciales</strong></span> <span class='ocrx_word' id='word_1_196' title='bbox 1673 2850 1727 2905; x_wconf 90' lang='lat' dir='ltr'><strong>in</strong></span> <span class='ocrx_word' id='word_1_197' title='bbox 1755 2848 1967 2921; x_wconf 89' lang='lat' dir='ltr'><strong>legibus</strong></span> <span class='ocrx_word' id='word_1_198' title='bbox 1995 2849 2250 2907; x_wconf 89' lang='lat' dir='ltr'><strong>absolute</strong></span> <span class='ocrx_word' id='word_1_199' title='bbox 2277 2849 2354 2906; x_wconf 92' lang='lat' dir='ltr'><strong>la-</strong></span> 
     </span>
     <span class='ocr_line' id='line_1_29' title="bbox 760 2936 2354 3015; baseline 0.003 -22"><span class='ocrx_word' id='word_1_200' title='bbox 760 2938 854 3007; x_wconf 83' lang='lat' dir='ltr'><strong>tis,</strong></span> <span class='ocrx_word' id='word_1_201' title='bbox 882 2943 940 2992; x_wconf 91' lang='lat' dir='ltr'><strong>et</strong></span> <span class='ocrx_word' id='word_1_202' title='bbox 966 2938 1172 2994; x_wconf 86' lang='lat' dir='ltr'><strong>Romae</strong></span> <span class='ocrx_word' id='word_1_203' title='bbox 1198 2936 1579 3012; x_wconf 87' lang='lat' dir='ltr'><strong>promulgatis,</strong></span> <span class='ocrx_word' id='word_1_204' title='bbox 1601 2938 1723 2995; x_wconf 88' lang='lat' dir='ltr'><strong>illas</strong></span> <span class='ocrx_word' id='word_1_205' title='bbox 1748 2939 2013 3011; x_wconf 80' lang='lat' dir='ltr'><strong>speciales</strong></span> <span class='ocrx_word' id='word_1_206' title='bbox 2039 2940 2354 3015; x_wconf 85' lang='lat' dir='ltr'><strong>promulga-</strong></span> 
     </span>
     <span class='ocr_line' id='line_1_30' title="bbox 762 3025 2351 3101; baseline 0.002 -17"><span class='ocrx_word' id='word_1_207' title='bbox 762 3027 937 3084; x_wconf 84' lang='lat' dir='ltr'><strong>tiones</strong></span> <span class='ocrx_word' id='word_1_208' title='bbox 964 3042 1073 3084; x_wconf 92' lang='lat' dir='ltr'><strong>non</strong></span> <span class='ocrx_word' id='word_1_209' title='bbox 1102 3025 1325 3101; x_wconf 88' lang='lat' dir='ltr'><strong>requiri.</strong></span> <span class='ocrx_word' id='word_1_210' title='bbox 1349 3028 1481 3085; x_wconf 87' lang='lat' dir='ltr'><strong>Item</strong></span> <span class='ocrx_word' id='word_1_211' title='bbox 1503 3044 1534 3084; x_wconf 91' lang='lat' dir='ltr'><strong>e</strong></span> <span class='ocrx_word' id='word_1_212' title='bbox 1562 3029 1839 3087; x_wconf 88' lang='lat' dir='ltr'><strong>contrario</strong></span> <span class='ocrx_word' id='word_1_213' title='bbox 1868 3029 2141 3087; x_wconf 89' lang='lat' dir='ltr'><strong>interdum</strong></span> <span class='ocrx_word' id='word_1_214' title='bbox 2167 3037 2351 3087; x_wconf 84' lang='lat' dir='ltr'><strong>exten-</strong></span> 
     </span>
     <span class='ocr_line' id='line_1_31' title="bbox 758 3116 2352 3194; baseline 0.003 -20"><span class='ocrx_word' id='word_1_215' title='bbox 758 3116 897 3174; x_wconf 85' lang='lat' dir='ltr'><strong>dunt</strong></span> <span class='ocrx_word' id='word_1_216' title='bbox 938 3122 1186 3190; x_wconf 87' lang='lat' dir='ltr'><strong>tempus,</strong></span> <span class='ocrx_word' id='word_1_217' title='bbox 1218 3132 1321 3189; x_wconf 89' lang='lat' dir='ltr'><strong>pro</strong></span> <span class='ocrx_word' id='word_1_218' title='bbox 1346 3134 1457 3191; x_wconf 91' lang='lat' dir='ltr'><strong>quo</strong></span> <span class='ocrx_word' id='word_1_219' title='bbox 1486 3117 1696 3191; x_wconf 81' lang='lat' dir='ltr'><strong>volunt,</strong></span> <span class='ocrx_word' id='word_1_220' title='bbox 1725 3118 1927 3177; x_wconf 82' lang='lat' dir='ltr'><strong>differri</strong></span> <span class='ocrx_word' id='word_1_221' title='bbox 1965 3119 2352 3194; x_wconf 80' lang='lat' dir='ltr'><strong>obligationem</strong></span> 
     </span>
     <span class='ocr_line' id='line_1_32' title="bbox 758 3206 2350 3283; baseline 0.003 -19"><span class='ocrx_word' id='word_1_222' title='bbox 758 3206 895 3281; x_wconf 78' lang='lat' dir='ltr'><strong>legis</strong></span> <span class='ocrx_word' id='word_1_223' title='bbox 926 3207 1090 3263; x_wconf 89' lang='lat' dir='ltr'><strong>etiam</strong></span> <span class='ocrx_word' id='word_1_224' title='bbox 1117 3216 1245 3279; x_wconf 88' lang='lat' dir='ltr'><strong>post</strong></span> <span class='ocrx_word' id='word_1_225' title='bbox 1270 3207 1779 3281; x_wconf 79' lang='lat' dir='ltr'><strong>promulgationem,</strong></span> <span class='ocrx_word' id='word_1_226' title='bbox 1806 3216 1869 3266; x_wconf 92' lang='lat' dir='ltr'><strong>ut</strong></span> <span class='ocrx_word' id='word_1_227' title='bbox 1895 3209 2023 3266; x_wconf 87' lang='lat' dir='ltr'><strong>Pius</strong></span> <span class='ocrx_word' id='word_1_228' title='bbox 2042 3210 2133 3267; x_wconf 88' lang='lat' dir='ltr'><strong>lV.</strong></span> <span class='ocrx_word' id='word_1_229' title='bbox 2154 3210 2350 3283; x_wconf 83' lang='lat' dir='ltr'><strong>voluit,</strong></span> 
     </span>
     <span class='ocr_line' id='line_1_33' title="bbox 760 3295 2358 3373; baseline 0.001 -19"><span class='ocrx_word' id='word_1_230' title='bbox 760 3302 821 3354; x_wconf 92' lang='lat' dir='ltr'><strong>ut</strong></span> <span class='ocrx_word' id='word_1_231' title='bbox 847 3295 1074 3353; x_wconf 84' lang='lat' dir='ltr'><strong>decreta</strong></span> <span class='ocrx_word' id='word_1_232' title='bbox 1092 3296 1306 3354; x_wconf 90' lang='lat' dir='ltr'><strong>concilii</strong></span> <span class='ocrx_word' id='word_1_233' title='bbox 1329 3295 1600 3355; x_wconf 86' lang='lat' dir='ltr'><strong>tridentini</strong></span> <span class='ocrx_word' id='word_1_234' title='bbox 1626 3315 1735 3356; x_wconf 90' lang='lat' dir='ltr'><strong>non</strong></span> <span class='ocrx_word' id='word_1_235' title='bbox 1762 3297 2087 3372; x_wconf 76' lang='lat' dir='ltr'><strong>obligarent,</strong></span> <span class='ocrx_word' id='word_1_236' title='bbox 2104 3300 2208 3356; x_wconf 88' lang='lat' dir='ltr'><strong>nisi</strong></span> <span class='ocrx_word' id='word_1_237' title='bbox 2227 3306 2358 3373; x_wconf 79' lang='lat' dir='ltr'><strong>post·</strong></span> 
     </span>
     <span class='ocr_line' id='line_1_34' title="bbox 760 3386 2354 3465; baseline 0.004 -22"><span class='ocrx_word' id='word_1_238' title='bbox 760 3394 875 3443; x_wconf 86' lang='lat' dir='ltr'><strong>tres</strong></span> <span class='ocrx_word' id='word_1_239' title='bbox 904 3402 1117 3443; x_wconf 87' lang='lat' dir='ltr'><strong>menses</strong></span> <span class='ocrx_word' id='word_1_240' title='bbox 1138 3402 1171 3443; x_wconf 91' lang='lat' dir='ltr'><strong>a</strong></span> <span class='ocrx_word' id='word_1_241' title='bbox 1198 3386 1652 3462; x_wconf 86' lang='lat' dir='ltr'><strong>promulgatione3</strong></span> <span class='ocrx_word' id='word_1_242' title='bbox 1680 3390 1730 3446; x_wconf 85' lang='lat' dir='ltr'><strong>in</strong></span> <span class='ocrx_word' id='word_1_243' title='bbox 1760 3390 1963 3462; x_wconf 91' lang='lat' dir='ltr'><strong>quibus</strong></span> <span class='ocrx_word' id='word_1_244' title='bbox 1984 3390 2192 3465; x_wconf 87' lang='lat' dir='ltr'><strong>legibus</strong></span> <span class='ocrx_word' id='word_1_245' title='bbox 2221 3407 2354 3464; x_wconf 90' lang='lat' dir='ltr'><strong>sup-</strong></span> 
     </span>
     <span class='ocr_line' id='line_1_35' title="bbox 759 3477 2347 3556; baseline 0.003 -21"><span class='ocrx_word' id='word_1_246' title='bbox 759 3478 1001 3551; x_wconf 85' lang='lat' dir='ltr'><strong>ponunt,</strong></span> <span class='ocrx_word' id='word_1_247' title='bbox 1046 3477 1540 3552; x_wconf 82' lang='lat' dir='ltr'><strong>promulgationem</strong></span> <span class='ocrx_word' id='word_1_248' title='bbox 1568 3481 1620 3536; x_wconf 90' lang='lat' dir='ltr'><strong>in</strong></span> <span class='ocrx_word' id='word_1_249' title='bbox 1648 3480 1793 3539; x_wconf 88' lang='lat' dir='ltr'><strong>Urbe</strong></span> <span class='ocrx_word' id='word_1_250' title='bbox 1821 3480 2023 3539; x_wconf 89' lang='lat' dir='ltr'><strong>factam</strong></span> <span class='ocrx_word' id='word_1_251' title='bbox 2063 3481 2347 3556; x_wconf 83' lang='lat' dir='ltr'><strong>sufficere,</strong></span> 
     </span>
     <span class='ocr_line' id='line_1_36' title="bbox 757 3567 2352 3644; baseline 0.005 -20"><span class='ocrx_word' id='word_1_252' title='bbox 757 3568 883 3641; x_wconf 90' lang='lat' dir='ltr'><strong>quia</strong></span> <span class='ocrx_word' id='word_1_253' title='bbox 905 3569 949 3624; x_wconf 89' lang='lat' dir='ltr'><strong>si</strong></span> <span class='ocrx_word' id='word_1_254' title='bbox 976 3567 1111 3625; x_wconf 88' lang='lat' dir='ltr'><strong>aliae</strong></span> <span class='ocrx_word' id='word_1_255' title='bbox 1134 3569 1495 3642; x_wconf 74' lang='lat' dir='ltr'><strong>particulares</strong></span> <span class='ocrx_word' id='word_1_256' title='bbox 1516 3570 1849 3644; x_wconf 77' lang='lat' dir='ltr'><strong>spectandae</strong></span> <span class='ocrx_word' id='word_1_257' title='bbox 1867 3578 2073 3644; x_wconf 87' lang='lat' dir='ltr'><strong>essent,</strong></span> <span class='ocrx_word' id='word_1_258' title='bbox 2099 3574 2190 3631; x_wconf 86' lang='lat' dir='ltr'><strong>illa</strong></span> <span class='ocrx_word' id='word_1_259' title='bbox 2213 3582 2352 3632; x_wconf 89' lang='lat' dir='ltr'><strong>tem-</strong></span> 
     </span>
     <span class='ocr_line' id='line_1_37' title="bbox 756 3659 2349 3737; baseline 0.004 -22"><span class='ocrx_word' id='word_1_260' title='bbox 756 3660 906 3730; x_wconf 90' lang='lat' dir='ltr'><strong>poris</strong></span> <span class='ocrx_word' id='word_1_261' title='bbox 928 3659 1116 3716; x_wconf 85' lang='lat' dir='ltr'><strong>dilatio</strong></span> <span class='ocrx_word' id='word_1_262' title='bbox 1138 3662 1447 3718; x_wconf 87' lang='lat' dir='ltr'><strong>necessaria</strong></span> <span class='ocrx_word' id='word_1_263' title='bbox 1466 3677 1574 3719; x_wconf 89' lang='lat' dir='ltr'><strong>non</strong></span> <span class='ocrx_word' id='word_1_264' title='bbox 1596 3669 1763 3719; x_wconf 88' lang='lat' dir='ltr'><strong>esset.</strong></span> <span class='ocrx_word' id='word_1_265' title='bbox 1780 3662 2021 3737; x_wconf 87' lang='lat' dir='ltr'><strong>Denique</strong></span> <span class='ocrx_word' id='word_1_266' title='bbox 2042 3670 2128 3721; x_wconf 86' lang='lat' dir='ltr'><strong>est</strong></span> <span class='ocrx_word' id='word_1_267' title='bbox 2146 3666 2349 3737; x_wconf 86' lang='lat' dir='ltr'><strong>optima</strong></span> 
     </span>
     <span class='ocr_line' id='line_1_38' title="bbox 754 3750 2350 3828; baseline 0.006 -23"><span class='ocrx_word' id='word_1_268' title='bbox 754 3750 1143 3823; x_wconf 81' lang='lat' dir='ltr'><strong>congruentia3</strong></span> <span class='ocrx_word' id='word_1_269' title='bbox 1177 3750 1304 3823; x_wconf 89' lang='lat' dir='ltr'><strong>quia</strong></span> <span class='ocrx_word' id='word_1_270' title='bbox 1332 3756 1447 3808; x_wconf 86' lang='lat' dir='ltr'><strong>tota</strong></span> <span class='ocrx_word' id='word_1_271' title='bbox 1471 3751 1739 3825; x_wconf 78' lang='lat' dir='ltr'><strong>Ecclesia,</strong></span> <span class='ocrx_word' id='word_1_272' title='bbox 1768 3760 1833 3809; x_wconf 89' lang='lat' dir='ltr'><strong>ut</strong></span> <span class='ocrx_word' id='word_1_273' title='bbox 1856 3761 1945 3811; x_wconf 89' lang='lat' dir='ltr'><strong>est</strong></span> <span class='ocrx_word' id='word_1_274' title='bbox 1971 3754 2074 3811; x_wconf 88' lang='lat' dir='ltr'><strong>sub</strong></span> <span class='ocrx_word' id='word_1_275' title='bbox 2101 3771 2212 3813; x_wconf 90' lang='lat' dir='ltr'><strong>uno</strong></span> <span class='ocrx_word' id='word_1_276' title='bbox 2253 3771 2350 3828; x_wconf 91' lang='lat' dir='ltr'><strong>pa·</strong></span> 
     </span>
     <span class='ocr_line' id='line_1_39' title="bbox 755 3840 2348 3920; baseline 0.005 -25"><span class='ocrx_word' id='word_1_277' title='bbox 755 3846 937 3909; x_wconf 83' lang='lat' dir='ltr'><strong>storo,</strong></span> <span class='ocrx_word' id='word_1_278' title='bbox 979 3846 1065 3896; x_wconf 89' lang='lat' dir='ltr'><strong>est</strong></span> <span class='ocrx_word' id='word_1_279' title='bbox 1100 3840 1312 3912; x_wconf 88' lang='lat' dir='ltr'><strong>proprie</strong></span> <span class='ocrx_word' id='word_1_280' title='bbox 1350 3846 1405 3897; x_wconf 90' lang='lat' dir='ltr'><strong>et</strong></span> <span class='ocrx_word' id='word_1_281' title='bbox 1443 3842 1681 3913; x_wconf 79' lang='lat' dir='ltr'><strong>perfecte</strong></span> <span class='ocrx_word' id='word_1_282' title='bbox 1714 3859 1884 3901; x_wconf 88' lang='lat' dir='ltr'><strong>unum</strong></span> <span class='ocrx_word' id='word_1_283' title='bbox 1922 3858 2129 3919; x_wconf 88' lang='lat' dir='ltr'><strong>corpus</strong></span> <span class='ocrx_word' id='word_1_284' title='bbox 2156 3847 2348 3920; x_wconf 78' lang='lat' dir='ltr'><strong>mysti-</strong></span> 
     </span>
     <span class='ocr_line' id='line_1_40' title="bbox 752 3928 2346 4006; baseline 0.004 -21"><span class='ocrx_word' id='word_1_285' title='bbox 752 3945 883 3986; x_wconf 89' lang='lat' dir='ltr'><strong>cum</strong></span> <span class='ocrx_word' id='word_1_286' title='bbox 903 3973 917 4001; x_wconf 90' lang='lat'><strong>,</strong></span> <span class='ocrx_word' id='word_1_287' title='bbox 945 3936 1001 3987; x_wconf 90' lang='lat' dir='ltr'><strong>et</strong></span> <span class='ocrx_word' id='word_1_288' title='bbox 1027 3946 1137 3987; x_wconf 89' lang='lat' dir='ltr'><strong>una</strong></span> <span class='ocrx_word' id='word_1_289' title='bbox 1162 3928 1503 4002; x_wconf 85' lang='lat' dir='ltr'><strong>respublica,</strong></span> <span class='ocrx_word' id='word_1_290' title='bbox 1532 3938 1587 3989; x_wconf 90' lang='lat' dir='ltr'><strong>et</strong></span> <span class='ocrx_word' id='word_1_291' title='bbox 1624 3932 1745 3991; x_wconf 90' lang='lat' dir='ltr'><strong>ideo</strong></span> <span class='ocrx_word' id='word_1_292' title='bbox 1784 3948 1884 4006; x_wconf 90' lang='lat' dir='ltr'><strong>pro</strong></span> <span class='ocrx_word' id='word_1_293' title='bbox 1928 3940 2045 3991; x_wconf 90' lang='lat' dir='ltr'><strong>toto</strong></span> <span class='ocrx_word' id='word_1_294' title='bbox 2074 3932 2180 3991; x_wconf 87' lang='lat' dir='ltr'><strong>hoc</strong></span> <span class='ocrx_word' id='word_1_295' title='bbox 2222 3950 2346 3992; x_wconf 90' lang='lat' dir='ltr'><strong>cor-</strong></span> 
     </span>
     <span class='ocr_line' id='line_1_41' title="bbox 754 4019 2346 4098; baseline 0.007 -24"><span class='ocrx_word' id='word_1_296' title='bbox 754 4033 889 4090; x_wconf 90' lang='lat' dir='ltr'><strong>pore</strong></span> <span class='ocrx_word' id='word_1_297' title='bbox 934 4019 1066 4076; x_wconf 88' lang='lat' dir='ltr'><strong>satis</strong></span> <span class='ocrx_word' id='word_1_298' title='bbox 1108 4025 1196 4077; x_wconf 90' lang='lat' dir='ltr'><strong>est</strong></span> <span class='ocrx_word' id='word_1_299' title='bbox 1237 4036 1345 4077; x_wconf 89' lang='lat' dir='ltr'><strong>una</strong></span> <span class='ocrx_word' id='word_1_300' title='bbox 1386 4019 1747 4096; x_wconf 84' lang='lat' dir='ltr'><strong>promulgatio</strong></span> <span class='ocrx_word' id='word_1_301' title='bbox 1788 4022 1933 4079; x_wconf 88' lang='lat' dir='ltr'><strong>facta</strong></span> <span class='ocrx_word' id='word_1_302' title='bbox 1977 4022 2027 4080; x_wconf 89' lang='lat' dir='ltr'><strong>in</strong></span> <span class='ocrx_word' id='word_1_303' title='bbox 2068 4025 2346 4098; x_wconf 72' lang='lat' dir='ltr'><strong>Metropoli</strong></span> 
     </span>
     <span class='ocr_line' id='line_1_42' title="bbox 754 4109 2341 4190; baseline 0.004 -25"><span class='ocrx_word' id='word_1_304' title='bbox 754 4109 918 4166; x_wconf 87' lang='lat' dir='ltr'><strong>huius</strong></span> <span class='ocrx_word' id='word_1_305' title='bbox 961 4109 1312 4182; x_wconf 87' lang='lat' dir='ltr'><strong>reipublicae.</strong></span> <span class='ocrx_word' id='word_1_306' title='bbox 1338 4110 1411 4167; x_wconf 89' lang='lat' dir='ltr'><strong>Et</strong></span> <span class='ocrx_word' id='word_1_307' title='bbox 1449 4111 1677 4169; x_wconf 87' lang='lat' dir='ltr'><strong>ulterius</strong></span> <span class='ocrx_word' id='word_1_308' title='bbox 1704 4112 2057 4170; x_wconf 82' lang='lat' dir='ltr'><strong>considerant</strong></span> <span class='ocrx_word' id='word_1_309' title='bbox 2094 4114 2341 4190; x_wconf 87' lang='lat' dir='ltr'><strong>iuristae,</strong></span> 
     </span>
     <span class='ocr_line' id='line_1_43' title="bbox 753 4198 2338 4276; baseline 0.004 -20"><span class='ocrx_word' id='word_1_310' title='bbox 753 4198 943 4258; x_wconf 87' lang='lat' dir='ltr'><strong>Sedem</strong></span> <span class='ocrx_word' id='word_1_311' title='bbox 974 4200 1297 4273; x_wconf 81' lang='lat' dir='ltr'><strong>pontificiam</strong></span> <span class='ocrx_word' id='word_1_312' title='bbox 1326 4216 1447 4258; x_wconf 91' lang='lat' dir='ltr'><strong>esse</strong></span> <span class='ocrx_word' id='word_1_313' title='bbox 1486 4202 1644 4261; x_wconf 86' lang='lat' dir='ltr'><strong>lixam</strong></span> <span class='ocrx_word' id='word_1_314' title='bbox 1672 4204 1899 4276; x_wconf 87' lang='lat' dir='ltr'><strong>Romae,</strong></span> <span class='ocrx_word' id='word_1_315' title='bbox 1928 4208 1983 4259; x_wconf 89' lang='lat' dir='ltr'><strong>et</strong></span> <span class='ocrx_word' id='word_1_316' title='bbox 2021 4203 2338 4262; x_wconf 84' lang='lat' dir='ltr'><strong>Pontificem</strong></span> 
     </span>
     <span class='ocr_line' id='line_1_44' title="bbox 754 4290 2344 4367; baseline 0.006 -23"><span class='ocrx_word' id='word_1_317' title='bbox 754 4305 863 4345; x_wconf 91' lang='lat' dir='ltr'><strong>non</strong></span> <span class='ocrx_word' id='word_1_318' title='bbox 889 4290 1077 4363; x_wconf 76' lang='lat' dir='ltr'><strong>vagari</strong></span> <span class='ocrx_word' id='word_1_319' title='bbox 1107 4304 1203 4361; x_wconf 91' lang='lat' dir='ltr'><strong>per</strong></span> <span class='ocrx_word' id='word_1_320' title='bbox 1229 4290 1558 4361; x_wconf 82' lang='lat' dir='ltr'><strong>provincias,</strong></span> <span class='ocrx_word' id='word_1_321' title='bbox 1590 4291 1735 4349; x_wconf 88' lang='lat' dir='ltr'><strong>sicut</strong></span> <span class='ocrx_word' id='word_1_322' title='bbox 1762 4290 1941 4350; x_wconf 85' lang='lat' dir='ltr'><strong>solent</strong></span> <span class='ocrx_word' id='word_1_323' title='bbox 1966 4308 2149 4367; x_wconf 80' lang='lat' dir='ltr'><strong>reges3</strong></span> <span class='ocrx_word' id='word_1_324' title='bbox 2179 4302 2236 4351; x_wconf 92' lang='lat' dir='ltr'><strong>et</strong></span> <span class='ocrx_word' id='word_1_325' title='bbox 2262 4295 2344 4353; x_wconf 89' lang='lat' dir='ltr'><strong>id-</strong></span> 
     </span>
     <span class='ocr_line' id='line_1_45' title="bbox 754 4378 2339 4444; baseline 0.006 -10"><span class='ocrx_word' id='word_1_326' title='bbox 754 4380 908 4435; x_wconf 89' lang='lat' dir='ltr'><strong>circo</strong></span> <span class='ocrx_word' id='word_1_327' title='bbox 934 4378 1059 4437; x_wconf 92' lang='lat' dir='ltr'><strong>inde</strong></span> <span class='ocrx_word' id='word_1_328' title='bbox 1086 4378 1648 4438; x_wconf 80' lang='lat' dir='ltr'><strong>accommodatissime</strong></span> <span class='ocrx_word' id='word_1_329' title='bbox 1674 4381 1903 4439; x_wconf 84' lang='lat' dir='ltr'><strong>influere</strong></span> <span class='ocrx_word' id='word_1_330' title='bbox 1929 4382 1982 4441; x_wconf 91' lang='lat' dir='ltr'><strong>in</strong></span> <span class='ocrx_word' id='word_1_331' title='bbox 2024 4386 2339 4444; x_wconf 85' lang='lat' dir='ltr'><strong>universam</strong></span> 
     </span>
     <span class='ocr_line' id='line_1_46' title="bbox 752 4469 2340 4544; baseline 0.004 -17"><span class='ocrx_word' id='word_1_332' title='bbox 752 4470 1078 4544; x_wconf 85' lang='lat' dir='ltr'><strong>Ecclesiam,</strong></span> <span class='ocrx_word' id='word_1_333' title='bbox 1107 4477 1165 4527; x_wconf 90' lang='lat' dir='ltr'><strong>et</strong></span> <span class='ocrx_word' id='word_1_334' title='bbox 1188 4469 1260 4528; x_wconf 90' lang='lat' dir='ltr'><strong>ob</strong></span> <span class='ocrx_word' id='word_1_335' title='bbox 1286 4470 1529 4530; x_wconf 89' lang='lat' dir='ltr'><strong>eamdem</strong></span> <span class='ocrx_word' id='word_1_336' title='bbox 1556 4486 1784 4529; x_wconf 89' lang='lat' dir='ltr'><strong>causam</strong></span> <span class='ocrx_word' id='word_1_337' title='bbox 1812 4488 2093 4531; x_wconf 86' lang='lat' dir='ltr'><strong>romanam</strong></span> <span class='ocrx_word' id='word_1_338' title='bbox 2120 4477 2340 4533; x_wconf 88' lang='lat' dir='ltr'><strong>curiam</strong></span> 
     </span>
     <span class='ocr_line' id='line_1_47' title="bbox 754 4560 2343 4639; baseline 0.004 -22"><span class='ocrx_word' id='word_1_339' title='bbox 754 4576 873 4618; x_wconf 88' lang='lat' dir='ltr'><strong>esse</strong></span> <span class='ocrx_word' id='word_1_340' title='bbox 902 4567 1089 4634; x_wconf 91' lang='lat' dir='ltr'><strong>aptum</strong></span> <span class='ocrx_word' id='word_1_341' title='bbox 1110 4567 1167 4618; x_wconf 90' lang='lat' dir='ltr'><strong>et</strong></span> <span class='ocrx_word' id='word_1_342' title='bbox 1190 4560 1555 4620; x_wconf 85' lang='lat' dir='ltr'><strong>sufficientem</strong></span> <span class='ocrx_word' id='word_1_343' title='bbox 1582 4560 1768 4621; x_wconf 89' lang='lat' dir='ltr'><strong>locum</strong></span> <span class='ocrx_word' id='word_1_344' title='bbox 1790 4562 1856 4621; x_wconf 88' lang='lat' dir='ltr'><strong>ad</strong></span> <span class='ocrx_word' id='word_1_345' title='bbox 1882 4563 2194 4623; x_wconf 85' lang='lat' dir='ltr'><strong>huiusmodi</strong></span> <span class='ocrx_word' id='word_1_346' title='bbox 2215 4581 2343 4639; x_wconf 91' lang='lat' dir='ltr'><strong>pro-</strong></span> 
     </span>
     <span class='ocr_line' id='line_1_48' title="bbox 754 4650 1165 4724; baseline 0 -18"><span class='ocrx_word' id='word_1_347' title='bbox 754 4650 1165 4724; x_wconf 81' lang='lat' dir='ltr'><strong>mulgationem.</strong></span> 
     </span>
    </p>

    <p class='ocr_par' dir='ltr' id='par_1_4' title="bbox 755 4739 2345 5363">
     <span class='ocr_line' id='line_1_49' title="bbox 833 4739 2345 4804; baseline 0.005 -7"><span class='ocrx_word' id='word_1_348' title='bbox 833 4741 905 4797; x_wconf 89' lang='lat' dir='ltr'><strong>Et</strong></span> <span class='ocrx_word' id='word_1_349' title='bbox 930 4742 1009 4797; x_wconf 91' lang='lat' dir='ltr'><strong>ita</strong></span> <span class='ocrx_word' id='word_1_350' title='bbox 1035 4740 1281 4798; x_wconf 90' lang='lat' dir='ltr'><strong>solutum</strong></span> <span class='ocrx_word' id='word_1_351' title='bbox 1309 4745 1395 4798; x_wconf 87' lang='lat' dir='ltr'><strong>est</strong></span> <span class='ocrx_word' id='word_1_352' title='bbox 1432 4739 1843 4800; x_wconf 89' lang='lat' dir='ltr'><strong>fundamentum</strong></span> <span class='ocrx_word' id='word_1_353' title='bbox 1870 4746 2182 4804; x_wconf 89' lang='lat' dir='ltr'><strong>contrariae</strong></span> <span class='ocrx_word' id='word_1_354' title='bbox 2221 4762 2345 4804; x_wconf 87' lang='lat' dir='ltr'><strong>sen-</strong></span> 
     </span>
     <span class='ocr_line' id='line_1_50' title="bbox 756 4828 2342 4909; baseline 0.003 -22"><span class='ocrx_word' id='word_1_355' title='bbox 756 4830 980 4903; x_wconf 87' lang='lat' dir='ltr'><strong>tentiae,</strong></span> <span class='ocrx_word' id='word_1_356' title='bbox 1012 4836 1068 4887; x_wconf 90' lang='lat' dir='ltr'><strong>et</strong></span> <span class='ocrx_word' id='word_1_357' title='bbox 1105 4829 1276 4887; x_wconf 90' lang='lat' dir='ltr'><strong>obiter</strong></span> <span class='ocrx_word' id='word_1_358' title='bbox 1314 4828 1525 4887; x_wconf 89' lang='lat' dir='ltr'><strong>reddita</strong></span> <span class='ocrx_word' id='word_1_359' title='bbox 1552 4838 1637 4889; x_wconf 89' lang='lat' dir='ltr'><strong>est</strong></span> <span class='ocrx_word' id='word_1_360' title='bbox 1673 4830 1973 4890; x_wconf 80' lang='lat' dir='ltr'><strong>differentia</strong></span> <span class='ocrx_word' id='word_1_361' title='bbox 2010 4835 2158 4892; x_wconf 89' lang='lat' dir='ltr'><strong>inter</strong></span> <span class='ocrx_word' id='word_1_362' title='bbox 2192 4834 2342 4909; x_wconf 88' lang='lat' dir='ltr'><strong>leges</strong></span> 
     </span>
     <span class='ocr_line' id='line_1_51' title="bbox 755 4919 2343 4996; baseline 0.003 -18"><span class='ocrx_word' id='word_1_363' title='bbox 755 4920 1049 4979; x_wconf 88' lang='lat' dir='ltr'><strong>canonicas</strong></span> <span class='ocrx_word' id='word_1_364' title='bbox 1075 4925 1133 4977; x_wconf 90' lang='lat' dir='ltr'><strong>et</strong></span> <span class='ocrx_word' id='word_1_365' title='bbox 1170 4919 1395 4994; x_wconf 87' lang='lat' dir='ltr'><strong>civiles,</strong></span> <span class='ocrx_word' id='word_1_366' title='bbox 1425 4927 1541 4977; x_wconf 90' lang='lat' dir='ltr'><strong>tum</strong></span> <span class='ocrx_word' id='word_1_367' title='bbox 1582 4920 1766 4995; x_wconf 90' lang='lat' dir='ltr'><strong>quoad</strong></span> <span class='ocrx_word' id='word_1_368' title='bbox 1806 4922 2214 4996; x_wconf 87' lang='lat' dir='ltr'><strong>dispositionem</strong></span> <span class='ocrx_word' id='word_1_369' title='bbox 2252 4942 2343 4983; x_wconf 91' lang='lat' dir='ltr'><strong>ea-</strong></span> 
     </span>
     <span class='ocr_line' id='line_1_52' title="bbox 758 5009 2343 5089; baseline 0.004 -21"><span class='ocrx_word' id='word_1_370' title='bbox 758 5026 883 5068; x_wconf 90' lang='lat' dir='ltr'><strong>rum</strong></span> <span class='ocrx_word' id='word_1_371' title='bbox 900 5052 915 5083; x_wconf 93' lang='lat'><strong>,</strong></span> <span class='ocrx_word' id='word_1_372' title='bbox 943 5016 1064 5069; x_wconf 89' lang='lat' dir='ltr'><strong>tum</strong></span> <span class='ocrx_word' id='word_1_373' title='bbox 1094 5009 1279 5085; x_wconf 86' lang='lat' dir='ltr'><strong>quoad</strong></span> <span class='ocrx_word' id='word_1_374' title='bbox 1308 5010 1794 5082; x_wconf 87' lang='lat' dir='ltr'><strong>consuetudinem,</strong></span> <span class='ocrx_word' id='word_1_375' title='bbox 1824 5020 1941 5071; x_wconf 92' lang='lat' dir='ltr'><strong>tum</strong></span> <span class='ocrx_word' id='word_1_376' title='bbox 1964 5015 2129 5073; x_wconf 90' lang='lat' dir='ltr'><strong>etiam</strong></span> <span class='ocrx_word' id='word_1_377' title='bbox 2156 5016 2343 5089; x_wconf 90' lang='lat' dir='ltr'><strong>quoad</strong></span> 
     </span>
     <span class='ocr_line' id='line_1_53' title="bbox 755 5101 2342 5175; baseline 0.004 -16"><span class='ocrx_word' id='word_1_378' title='bbox 755 5102 1169 5175; x_wconf 87' lang='lat' dir='ltr'><strong>congruentiam</strong></span> <span class='ocrx_word' id='word_1_379' title='bbox 1186 5144 1200 5172; x_wconf 93' lang='lat'><strong>,</strong></span> <span class='ocrx_word' id='word_1_380' title='bbox 1223 5101 1351 5175; x_wconf 89' lang='lat' dir='ltr'><strong>quia</strong></span> <span class='ocrx_word' id='word_1_381' title='bbox 1376 5101 1427 5158; x_wconf 89' lang='lat' dir='ltr'><strong>in</strong></span> <span class='ocrx_word' id='word_1_382' title='bbox 1454 5101 1703 5159; x_wconf 85' lang='lat' dir='ltr'><strong>Ecclesia</strong></span> <span class='ocrx_word' id='word_1_383' title='bbox 1721 5110 1807 5160; x_wconf 91' lang='lat' dir='ltr'><strong>est</strong></span> <span class='ocrx_word' id='word_1_384' title='bbox 1833 5104 2005 5161; x_wconf 89' lang='lat' dir='ltr'><strong>maior</strong></span> <span class='ocrx_word' id='word_1_385' title='bbox 2030 5106 2215 5163; x_wconf 88' lang='lat' dir='ltr'><strong>unitas</strong></span> <span class='ocrx_word' id='word_1_386' title='bbox 2236 5106 2342 5165; x_wconf 89' lang='lat' dir='ltr'><strong>sub</strong></span> 
     </span>
     <span class='ocr_line' id='line_1_54' title="bbox 758 5190 2343 5270; baseline 0.003 -22"><span class='ocrx_word' id='word_1_387' title='bbox 758 5208 865 5249; x_wconf 90' lang='lat' dir='ltr'><strong>uno</strong></span> <span class='ocrx_word' id='word_1_388' title='bbox 887 5191 1087 5249; x_wconf 87' lang='lat' dir='ltr'><strong>Christi</strong></span> <span class='ocrx_word' id='word_1_389' title='bbox 1116 5190 1351 5263; x_wconf 74' lang='lat' dir='ltr'><strong>vicario,</strong></span> <span class='ocrx_word' id='word_1_390' title='bbox 1373 5206 1539 5265; x_wconf 88' lang='lat' dir='ltr'><strong>quam</strong></span> <span class='ocrx_word' id='word_1_391' title='bbox 1568 5192 1639 5249; x_wconf 88' lang='lat' dir='ltr'><strong>sit</strong></span> <span class='ocrx_word' id='word_1_392' title='bbox 1657 5194 1711 5249; x_wconf 90' lang='lat' dir='ltr'><strong>in</strong></span> <span class='ocrx_word' id='word_1_393' title='bbox 1739 5208 1907 5267; x_wconf 84' lang='lat' dir='ltr'><strong>regno</strong></span> <span class='ocrx_word' id='word_1_394' title='bbox 1930 5196 2034 5252; x_wconf 88' lang='lat' dir='ltr'><strong>sub</strong></span> <span class='ocrx_word' id='word_1_395' title='bbox 2055 5196 2343 5270; x_wconf 88' lang='lat' dir='ltr'><strong>temporali</strong></span> 
     </span>
     <span class='ocr_line' id='line_1_55' title="bbox 755 5280 2339 5363; baseline 0.004 -23"><span class='ocrx_word' id='word_1_396' title='bbox 755 5294 899 5357; x_wconf 81' lang='lat' dir='ltr'><strong>rege.</strong></span> <span class='ocrx_word' id='word_1_397' title='bbox 930 5280 1113 5357; x_wconf 88' lang='lat' dir='ltr'><strong>Unde,</strong></span> <span class='ocrx_word' id='word_1_398' title='bbox 1144 5280 1279 5340; x_wconf 88' lang='lat' dir='ltr'><strong>licet</strong></span> <span class='ocrx_word' id='word_1_399' title='bbox 1304 5280 1373 5339; x_wconf 88' lang='lat' dir='ltr'><strong>ad</strong></span> <span class='ocrx_word' id='word_1_400' title='bbox 1400 5280 1693 5341; x_wconf 79' lang='lat' dir='ltr'><strong>faciliorem</strong></span> <span class='ocrx_word' id='word_1_401' title='bbox 1722 5284 1965 5345; x_wconf 86' lang='lat' dir='ltr'><strong>notitiam</strong></span> <span class='ocrx_word' id='word_1_402' title='bbox 1992 5284 2127 5363; x_wconf 86' lang='lat' dir='ltr'><strong>legis</strong></span> <span class='ocrx_word' id='word_1_403' title='bbox 2145 5330 2161 5360; x_wconf 92' lang='lat'><strong>,</strong></span> <span class='ocrx_word' id='word_1_404' title='bbox 2190 5287 2339 5347; x_wconf 88' lang='lat' dir='ltr'><strong>etad</strong></span> 
     </span>
    </p>
   </div>
   <div class='ocr_carea' id='block_1_3' title="bbox 2223 368 2545 423">
    <p class='ocr_par' dir='ltr' id='par_1_5' title="bbox 2223 368 2545 423">
     <span class='ocr_line' id='line_1_56' title="bbox 2223 368 2545 423; baseline -0.019 0"><span class='ocrx_word' id='word_1_405' title='bbox 2223 370 2422 423; x_wconf 70' lang='lat' dir='ltr'>LIBER</span> <span class='ocrx_word' id='word_1_406' title='bbox 2451 368 2545 419; x_wconf 81' lang='lat' dir='ltr'><strong>IV·</strong></span> 
     </span>
    </p>
   </div>
   <div class='ocr_carea' id='block_1_4' title="bbox 2409 493 4078 5363">
    <p class='ocr_par' dir='ltr' id='par_1_6' title="bbox 2425 493 4078 1384">
     <span class='ocr_line' id='line_1_57' title="bbox 2435 493 4024 571; baseline -0.001 -18"><span class='ocrx_word' id='word_1_407' title='bbox 2435 493 2651 555; x_wconf 81' lang='lat' dir='ltr'><strong>vitanda</strong></span> <span class='ocrx_word' id='word_1_408' title='bbox 2704 494 2884 570; x_wconf 91' lang='lat' dir='ltr'><strong>aliqua</strong></span> <span class='ocrx_word' id='word_1_409' title='bbox 2933 496 3312 563; x_wconf 86' lang='lat' dir='ltr'><strong>incommoda,</strong></span> <span class='ocrx_word' id='word_1_410' title='bbox 3355 494 3525 555; x_wconf 82' lang='lat' dir='ltr'><strong>videri</strong></span> <span class='ocrx_word' id='word_1_411' title='bbox 3564 495 3803 571; x_wconf 87' lang='lat' dir='ltr'><strong>potuerit</strong></span> <span class='ocrx_word' id='word_1_412' title='bbox 3841 497 4024 570; x_wconf 87' lang='lat' dir='ltr'><strong>magis</strong></span> 
     </span>
     <span class='ocr_line' id='line_1_58' title="bbox 2431 583 4078 662; baseline 0 -19"><span class='ocrx_word' id='word_1_413' title='bbox 2431 583 2931 659; x_wconf 89' lang='lat' dir='ltr'><strong>accommodatum,</strong></span> <span class='ocrx_word' id='word_1_414' title='bbox 2940 592 3001 644; x_wconf 91' lang='lat' dir='ltr'><strong>ut</strong></span> <span class='ocrx_word' id='word_1_415' title='bbox 3022 586 3281 660; x_wconf 86' lang='lat' dir='ltr'><strong>speciales</strong></span> <span class='ocrx_word' id='word_1_416' title='bbox 3301 586 3757 662; x_wconf 87' lang='lat' dir='ltr'><strong>promulgationes</strong></span> <span class='ocrx_word' id='word_1_417' title='bbox 3777 589 3941 646; x_wconf 89' lang='lat' dir='ltr'><strong>etiam</strong></span> <span class='ocrx_word' id='word_1_418' title='bbox 3964 588 4021 643; x_wconf 90' lang='lat' dir='ltr'><strong>in</strong></span> <span class='ocrx_word' id='word_1_419' title='bbox 4071 620 4078 625; x_wconf 89' lang='lat'><strong>·</strong></span> 
     </span>
     <span class='ocr_line' id='line_1_59' title="bbox 2431 674 4020 751; baseline -0.001 -18"><span class='ocrx_word' id='word_1_420' title='bbox 2431 674 2643 750; x_wconf 87' lang='lat' dir='ltr'><strong>legibus</strong></span> <span class='ocrx_word' id='word_1_421' title='bbox 2679 675 3067 734; x_wconf 86' lang='lat' dir='ltr'><strong>ecclesiasticis</strong></span> <span class='ocrx_word' id='word_1_422' title='bbox 3092 678 3524 751; x_wconf 88' lang='lat' dir='ltr'><strong>requirerentur.</strong></span> <span class='ocrx_word' id='word_1_423' title='bbox 3556 677 3918 737; x_wconf 82' lang='lat' dir='ltr'><strong>Nihilominus</strong></span> <span class='ocrx_word' id='word_1_424' title='bbox 3944 676 4020 733; x_wconf 91' lang='lat' dir='ltr'><strong>ob</strong></span> 
     </span>
     <span class='ocr_line' id='line_1_60' title="bbox 2431 765 4012 841; baseline -0.001 -18"><span class='ocrx_word' id='word_1_425' title='bbox 2431 765 2562 824; x_wconf 89' lang='lat' dir='ltr'><strong>alias</strong></span> <span class='ocrx_word' id='word_1_426' title='bbox 2603 780 2802 825; x_wconf 83' lang='lat' dir='ltr'><strong>causas</strong></span> <span class='ocrx_word' id='word_1_427' title='bbox 2855 766 3032 841; x_wconf 89' lang='lat' dir='ltr'><strong>potuit</strong></span> <span class='ocrx_word' id='word_1_428' title='bbox 3081 768 3392 841; x_wconf 88' lang='lat' dir='ltr'><strong>oppositum</strong></span> <span class='ocrx_word' id='word_1_429' title='bbox 3429 783 3552 826; x_wconf 88' lang='lat' dir='ltr'><strong>esse</strong></span> <span class='ocrx_word' id='word_1_430' title='bbox 3603 768 4012 841; x_wconf 86' lang='lat' dir='ltr'><strong>congruentius</strong></span> 
     </span>
     <span class='ocr_line' id='line_1_61' title="bbox 2431 855 4022 917; baseline 0 -4"><span class='ocrx_word' id='word_1_431' title='bbox 2431 862 2550 913; x_wconf 90' lang='lat' dir='ltr'><strong>tum</strong></span> <span class='ocrx_word' id='word_1_432' title='bbox 2592 855 2660 914; x_wconf 90' lang='lat' dir='ltr'><strong>ad</strong></span> <span class='ocrx_word' id='word_1_433' title='bbox 2701 856 3187 915; x_wconf 87' lang='lat' dir='ltr'><strong>commendandam</strong></span> <span class='ocrx_word' id='word_1_434' title='bbox 3227 858 3484 917; x_wconf 90' lang='lat' dir='ltr'><strong>maiorem</strong></span> <span class='ocrx_word' id='word_1_435' title='bbox 3517 857 3797 917; x_wconf 86' lang='lat' dir='ltr'><strong>Ecclesiae</strong></span> <span class='ocrx_word' id='word_1_436' title='bbox 3841 858 4022 915; x_wconf 88' lang='lat' dir='ltr'><strong>unita-</strong></span> 
     </span>
     <span class='ocr_line' id='line_1_62' title="bbox 2435 948 4020 1024; baseline -0.001 -19"><span class='ocrx_word' id='word_1_437' title='bbox 2435 952 2569 1019; x_wconf 89' lang='lat' dir='ltr'><strong>tem,</strong></span> <span class='ocrx_word' id='word_1_438' title='bbox 2595 948 2973 1023; x_wconf 78' lang='lat' dir='ltr'><strong>maioremque,</strong></span> <span class='ocrx_word' id='word_1_439' title='bbox 2985 948 3340 1007; x_wconf 90' lang='lat' dir='ltr'><strong>obedientiam</strong></span> <span class='ocrx_word' id='word_1_440' title='bbox 3359 950 3599 1007; x_wconf 82' lang='lat' dir='ltr'><strong>Pontifici</strong></span> <span class='ocrx_word' id='word_1_441' title='bbox 3619 948 3874 1024; x_wconf 73' lang='lat' dir='ltr'><strong>debitam,</strong></span> <span class='ocrx_word' id='word_1_442' title='bbox 3895 954 4020 1006; x_wconf 87' lang='lat' dir='ltr'><strong>tum</strong></span> 
     </span>
     <span class='ocr_line' id='line_1_63' title="bbox 2429 1037 4021 1114; baseline 0.001 -20"><span class='ocrx_word' id='word_1_443' title='bbox 2429 1037 2596 1095; x_wconf 90' lang='lat' dir='ltr'><strong>etiam</strong></span> <span class='ocrx_word' id='word_1_444' title='bbox 2625 1054 2691 1095; x_wconf 88' lang='lat' dir='ltr'><strong>ne</strong></span> <span class='ocrx_word' id='word_1_445' title='bbox 2731 1037 2878 1113; x_wconf 89' lang='lat' dir='ltr'><strong>leges</strong></span> <span class='ocrx_word' id='word_1_446' title='bbox 2906 1040 3210 1113; x_wconf 83' lang='lat' dir='ltr'><strong>pontificiae</strong></span> <span class='ocrx_word' id='word_1_447' title='bbox 3249 1038 3318 1098; x_wconf 89' lang='lat' dir='ltr'><strong>ab</strong></span> <span class='ocrx_word' id='word_1_448' title='bbox 3355 1041 3623 1114; x_wconf 88' lang='lat' dir='ltr'><strong>episcopis</strong></span> <span class='ocrx_word' id='word_1_449' title='bbox 3662 1037 3898 1113; x_wconf 87' lang='lat' dir='ltr'><strong>pendere</strong></span> <span class='ocrx_word' id='word_1_450' title='bbox 3935 1039 4021 1095; x_wconf 82' lang='lat' dir='ltr'><strong>vi-</strong></span> 
     </span>
     <span class='ocr_line' id='line_1_64' title="bbox 2427 1125 4018 1204; baseline 0.002 -20"><span class='ocrx_word' id='word_1_451' title='bbox 2427 1125 2677 1185; x_wconf 90' lang='lat' dir='ltr'><strong>deantur.</strong></span> <span class='ocrx_word' id='word_1_452' title='bbox 2709 1129 2982 1203; x_wconf 84' lang='lat' dir='ltr'><strong>Denique,</strong></span> <span class='ocrx_word' id='word_1_453' title='bbox 3025 1130 3153 1204; x_wconf 91' lang='lat' dir='ltr'><strong>quia</strong></span> <span class='ocrx_word' id='word_1_454' title='bbox 3180 1129 3268 1187; x_wconf 90' lang='lat' dir='ltr'><strong>ubi</strong></span> <span class='ocrx_word' id='word_1_455' title='bbox 3308 1129 3456 1189; x_wconf 90' lang='lat' dir='ltr'><strong>aliud</strong></span> <span class='ocrx_word' id='word_1_456' title='bbox 3484 1131 3858 1189; x_wconf 88' lang='lat' dir='ltr'><strong>necessarium</strong></span> <span class='ocrx_word' id='word_1_457' title='bbox 3897 1129 4018 1187; x_wconf 89' lang='lat' dir='ltr'><strong>fue-</strong></span> 
     </span>
     <span class='ocr_line' id='line_1_65' title="bbox 2425 1218 4020 1293; baseline 0.001 -18"><span class='ocrx_word' id='word_1_458' title='bbox 2425 1219 2498 1275; x_wconf 85' lang='lat' dir='ltr'><strong>rit</strong></span> <span class='ocrx_word' id='word_1_459' title='bbox 2523 1218 2577 1275; x_wconf 92' lang='lat' dir='ltr'><strong>in</strong></span> <span class='ocrx_word' id='word_1_460' title='bbox 2617 1218 2946 1290; x_wconf 85' lang='lat' dir='ltr'><strong>specialibus</strong></span> <span class='ocrx_word' id='word_1_461' title='bbox 2985 1219 3229 1293; x_wconf 86' lang='lat' dir='ltr'><strong>casibus,</strong></span> <span class='ocrx_word' id='word_1_462' title='bbox 3271 1220 3338 1278; x_wconf 90' lang='lat' dir='ltr'><strong>ab</strong></span> <span class='ocrx_word' id='word_1_463' title='bbox 3379 1220 3624 1293; x_wconf 86' lang='lat' dir='ltr'><strong>ipsismet</strong></span> <span class='ocrx_word' id='word_1_464' title='bbox 3661 1220 4020 1279; x_wconf 82' lang='lat' dir='ltr'><strong>Pontificibus</strong></span> 
     </span>
     <span class='ocr_line' id='line_1_66' title="bbox 2431 1309 3731 1384; baseline 0.005 -21"><span class='ocrx_word' id='word_1_465' title='bbox 2431 1309 2600 1367; x_wconf 90' lang='lat' dir='ltr'><strong>statui</strong></span> <span class='ocrx_word' id='word_1_466' title='bbox 2631 1315 2834 1384; x_wconf 88' lang='lat' dir='ltr'><strong>potest,</strong></span> <span class='ocrx_word' id='word_1_467' title='bbox 2865 1310 3011 1367; x_wconf 87' lang='lat' dir='ltr'><strong>sicut</strong></span> <span class='ocrx_word' id='word_1_468' title='bbox 3035 1310 3310 1368; x_wconf 89' lang='lat' dir='ltr'><strong>interdum</strong></span> <span class='ocrx_word' id='word_1_469' title='bbox 3339 1311 3451 1368; x_wconf 81' lang='lat' dir='ltr'><strong>lieri</strong></span> <span class='ocrx_word' id='word_1_470' title='bbox 3475 1310 3731 1369; x_wconf 85' lang='lat' dir='ltr'><strong>diximus.</strong></span> 
     </span>
    </p>

    <p class='ocr_par' dir='ltr' id='par_1_7' title="bbox 2421 1398 4022 3383">
     <span class='ocr_line' id='line_1_67' title="bbox 2506 1398 4020 1475; baseline 0.003 -20"><span class='ocrx_word' id='word_1_471' title='bbox 2506 1399 2686 1473; x_wconf 78' lang='lat' dir='ltr'><strong>Atque</strong></span> <span class='ocrx_word' id='word_1_472' title='bbox 2713 1399 2840 1457; x_wconf 88' lang='lat' dir='ltr'><strong>hinc</strong></span> <span class='ocrx_word' id='word_1_473' title='bbox 2881 1398 3036 1457; x_wconf 86' lang='lat' dir='ltr'><strong>facile</strong></span> <span class='ocrx_word' id='word_1_474' title='bbox 3073 1407 3321 1472; x_wconf 86' lang='lat' dir='ltr'><strong>constat,</strong></span> <span class='ocrx_word' id='word_1_475' title='bbox 3351 1401 3480 1475; x_wconf 89' lang='lat' dir='ltr'><strong>quid</strong></span> <span class='ocrx_word' id='word_1_476' title='bbox 3519 1400 3810 1460; x_wconf 90' lang='lat' dir='ltr'><strong>dicendum</strong></span> <span class='ocrx_word' id='word_1_477' title='bbox 3838 1403 3910 1461; x_wconf 89' lang='lat' dir='ltr'><strong>sit</strong></span> <span class='ocrx_word' id='word_1_478' title='bbox 3946 1402 4020 1461; x_wconf 88' lang='lat' dir='ltr'><strong>de</strong></span> 
     </span>
     <span class='ocr_line' id='line_1_68' title="bbox 2424 1487 4022 1566; baseline 0.003 -20"><span class='ocrx_word' id='word_1_479' title='bbox 2424 1487 2547 1547; x_wconf 84' lang='lat' dir='ltr'><strong>aliis</strong></span> <span class='ocrx_word' id='word_1_480' title='bbox 2568 1490 2781 1563; x_wconf 89' lang='lat' dir='ltr'><strong>legibus</strong></span> <span class='ocrx_word' id='word_1_481' title='bbox 2808 1490 3104 1548; x_wconf 87' lang='lat' dir='ltr'><strong>canonicis.</strong></span> <span class='ocrx_word' id='word_1_482' title='bbox 3120 1493 3256 1549; x_wconf 86' lang='lat' dir='ltr'><strong>Nam</strong></span> <span class='ocrx_word' id='word_1_483' title='bbox 3278 1493 3322 1548; x_wconf 90' lang='lat' dir='ltr'><strong>si</strong></span> <span class='ocrx_word' id='word_1_484' title='bbox 3351 1493 3462 1551; x_wconf 87' lang='lat' dir='ltr'><strong>sint</strong></span> <span class='ocrx_word' id='word_1_485' title='bbox 3481 1492 3628 1566; x_wconf 85' lang='lat' dir='ltr'><strong>leges</strong></span> <span class='ocrx_word' id='word_1_486' title='bbox 3653 1492 3868 1551; x_wconf 89' lang='lat' dir='ltr'><strong>concilii</strong></span> <span class='ocrx_word' id='word_1_487' title='bbox 3897 1498 4022 1551; x_wconf 87' lang='lat' dir='ltr'><strong>uni·</strong></span> 
     </span>
     <span class='ocr_line' id='line_1_69' title="bbox 2427 1579 4020 1655; baseline 0.004 -20"><span class='ocrx_word' id='word_1_488' title='bbox 2427 1579 2676 1651; x_wconf 85' lang='lat' dir='ltr'><strong>versalis,</strong></span> <span class='ocrx_word' id='word_1_489' title='bbox 2695 1580 2816 1639; x_wconf 87' lang='lat' dir='ltr'><strong>illae</strong></span> <span class='ocrx_word' id='word_1_490' title='bbox 2842 1596 2939 1654; x_wconf 90' lang='lat' dir='ltr'><strong>per</strong></span> <span class='ocrx_word' id='word_1_491' title='bbox 2967 1582 3280 1639; x_wconf 84' lang='lat' dir='ltr'><strong>Pontificem</strong></span> <span class='ocrx_word' id='word_1_492' title='bbox 3302 1581 3592 1655; x_wconf 86' lang='lat' dir='ltr'><strong>approbari</strong></span> <span class='ocrx_word' id='word_1_493' title='bbox 3614 1582 3835 1650; x_wconf 87' lang='lat' dir='ltr'><strong>debent,</strong></span> <span class='ocrx_word' id='word_1_494' title='bbox 3859 1590 3917 1641; x_wconf 85' lang='lat' dir='ltr'><strong>et</strong></span> <span class='ocrx_word' id='word_1_495' title='bbox 3941 1584 4020 1641; x_wconf 86' lang='lat' dir='ltr'><strong>ita</strong></span> 
     </span>
     <span class='ocr_line' id='line_1_70' title="bbox 2425 1669 4022 1745; baseline 0.003 -18"><span class='ocrx_word' id='word_1_496' title='bbox 2425 1669 2615 1728; x_wconf 89' lang='lat' dir='ltr'><strong>eadem</strong></span> <span class='ocrx_word' id='word_1_497' title='bbox 2641 1676 2730 1727; x_wconf 90' lang='lat' dir='ltr'><strong>est</strong></span> <span class='ocrx_word' id='word_1_498' title='bbox 2765 1669 2832 1727; x_wconf 92' lang='lat' dir='ltr'><strong>de</strong></span> <span class='ocrx_word' id='word_1_499' title='bbox 2860 1670 2965 1727; x_wconf 86' lang='lat' dir='ltr'><strong>illis</strong></span> <span class='ocrx_word' id='word_1_500' title='bbox 3002 1673 3161 1729; x_wconf 88' lang='lat' dir='ltr'><strong>ratio.</strong></span> <span class='ocrx_word' id='word_1_501' title='bbox 3191 1674 3327 1730; x_wconf 89' lang='lat' dir='ltr'><strong>Nam</strong></span> <span class='ocrx_word' id='word_1_502' title='bbox 3363 1688 3558 1731; x_wconf 91' lang='lat' dir='ltr'><strong>eorum</strong></span> <span class='ocrx_word' id='word_1_503' title='bbox 3583 1672 3873 1745; x_wconf 84' lang='lat' dir='ltr'><strong>publicatio</strong></span> <span class='ocrx_word' id='word_1_504' title='bbox 3909 1676 4022 1732; x_wconf 86' lang='lat' dir='ltr'><strong>Ro-</strong></span> 
     </span>
     <span class='ocr_line' id='line_1_71' title="bbox 2427 1760 4022 1861; baseline 0.003 -43"><span class='ocrx_word' id='word_1_505' title='bbox 2427 1771 2550 1818; x_wconf 89' lang='lat' dir='ltr'><strong>mae</strong></span> <span class='ocrx_word' id='word_1_506' title='bbox 2578 1762 2690 1818; x_wconf 79' lang='lat' dir='ltr'><strong>lieri</strong></span> <span class='ocrx_word' id='word_1_507' title='bbox 2717 1760 2874 1861; x_wconf 52' lang='lat' dir='ltr'><strong>solet,</strong></span> <span class='ocrx_word' id='word_1_508' title='bbox 2903 1768 2960 1820; x_wconf 90' lang='lat' dir='ltr'><strong>et</strong></span> <span class='ocrx_word' id='word_1_509' title='bbox 2985 1760 3076 1819; x_wconf 89' lang='lat' dir='ltr'><strong>illa</strong></span> <span class='ocrx_word' id='word_1_510' title='bbox 3101 1762 3362 1835; x_wconf 83' lang='lat' dir='ltr'><strong>sufficiet,</strong></span> <span class='ocrx_word' id='word_1_511' title='bbox 3389 1764 3494 1821; x_wconf 87' lang='lat' dir='ltr'><strong>nisi</strong></span> <span class='ocrx_word' id='word_1_512' title='bbox 3519 1763 3662 1822; x_wconf 88' lang='lat' dir='ltr'><strong>aliud</strong></span> <span class='ocrx_word' id='word_1_513' title='bbox 3690 1764 3743 1821; x_wconf 88' lang='lat' dir='ltr'><strong>in</strong></span> <span class='ocrx_word' id='word_1_514' title='bbox 3785 1765 4022 1838; x_wconf 86' lang='lat' dir='ltr'><strong>ipsamet</strong></span> 
     </span>
     <span class='ocr_line' id='line_1_72' title="bbox 2425 1849 4022 1924; baseline 0.003 -16"><span class='ocrx_word' id='word_1_515' title='bbox 2425 1849 2544 1924; x_wconf 87' lang='lat' dir='ltr'><strong>lege</strong></span> <span class='ocrx_word' id='word_1_516' title='bbox 2571 1849 2911 1922; x_wconf 87' lang='lat' dir='ltr'><strong>disponatur.</strong></span> <span class='ocrx_word' id='word_1_517' title='bbox 2939 1852 3326 1911; x_wconf 88' lang='lat' dir='ltr'><strong>Poterit-etiam</strong></span> <span class='ocrx_word' id='word_1_518' title='bbox 3347 1853 3461 1911; x_wconf 85' lang='lat' dir='ltr'><strong>fieri</strong></span> <span class='ocrx_word' id='word_1_519' title='bbox 3479 1856 3536 1910; x_wconf 88' lang='lat' dir='ltr'><strong>in</strong></span> <span class='ocrx_word' id='word_1_520' title='bbox 3564 1854 3690 1912; x_wconf 91' lang='lat' dir='ltr'><strong>loco</strong></span> <span class='ocrx_word' id='word_1_521' title='bbox 3707 1855 3947 1924; x_wconf 87' lang='lat' dir='ltr'><strong>concilii,</strong></span> <span class='ocrx_word' id='word_1_522' title='bbox 3971 1854 4022 1913; x_wconf 90' lang='lat' dir='ltr'><strong>si</strong></span> 
     </span>
     <span class='ocr_line' id='line_1_73' title="bbox 2424 1941 4018 2017; baseline 0.001 -18"><span class='ocrx_word' id='word_1_523' title='bbox 2424 1941 2672 1999; x_wconf 75' lang='lat' dir='ltr'><strong>Pontifex</strong></span> <span class='ocrx_word' id='word_1_524' title='bbox 2699 1948 2992 1999; x_wconf 88' lang='lat' dir='ltr'><strong>contentus</strong></span> <span class='ocrx_word' id='word_1_525' title='bbox 3023 1942 3113 2000; x_wconf 91' lang='lat' dir='ltr'><strong>sit.</strong></span> <span class='ocrx_word' id='word_1_526' title='bbox 3147 1944 3222 1999; x_wconf 87' lang='lat' dir='ltr'><strong>De</strong></span> <span class='ocrx_word' id='word_1_527' title='bbox 3260 1942 3470 2017; x_wconf 86' lang='lat' dir='ltr'><strong>legibus</strong></span> <span class='ocrx_word' id='word_1_528' title='bbox 3499 1953 3684 2001; x_wconf 87' lang='lat' dir='ltr'><strong>autem</strong></span> <span class='ocrx_word' id='word_1_529' title='bbox 3723 1946 4018 2017; x_wconf 88' lang='lat' dir='ltr'><strong>episcopo·</strong></span> 
     </span>
     <span class='ocr_line' id='line_1_74' title="bbox 2429 2030 4020 2108; baseline 0.002 -20"><span class='ocrx_word' id='word_1_530' title='bbox 2429 2046 2555 2088; x_wconf 86' lang='lat' dir='ltr'><strong>rum</strong></span> <span class='ocrx_word' id='word_1_531' title='bbox 2595 2030 2942 2089; x_wconf 88' lang='lat' dir='ltr'><strong>manifestum</strong></span> <span class='ocrx_word' id='word_1_532' title='bbox 2968 2037 3086 2104; x_wconf 88' lang='lat' dir='ltr'><strong>est,</strong></span> <span class='ocrx_word' id='word_1_533' title='bbox 3121 2031 3378 2091; x_wconf 83' lang='lat' dir='ltr'><strong>sufficere</strong></span> <span class='ocrx_word' id='word_1_534' title='bbox 3413 2049 3513 2107; x_wconf 89' lang='lat' dir='ltr'><strong>pro</strong></span> <span class='ocrx_word' id='word_1_535' title='bbox 3541 2039 3657 2091; x_wconf 87' lang='lat' dir='ltr'><strong>toto</strong></span> <span class='ocrx_word' id='word_1_536' title='bbox 3695 2034 4020 2108; x_wconf 81' lang='lat' dir='ltr'><strong>episcopatu</strong></span> 
     </span>
     <span class='ocr_line' id='line_1_75' title="bbox 2425 2121 4015 2199; baseline 0.001 -21"><span class='ocrx_word' id='word_1_537' title='bbox 2425 2136 2566 2194; x_wconf 89' lang='lat' dir='ltr'><strong>eam,</strong></span> <span class='ocrx_word' id='word_1_538' title='bbox 2590 2136 2732 2194; x_wconf 88' lang='lat' dir='ltr'><strong>quae</strong></span> <span class='ocrx_word' id='word_1_539' title='bbox 2751 2121 2810 2178; x_wconf 82' lang='lat' dir='ltr'><strong>iit</strong></span> <span class='ocrx_word' id='word_1_540' title='bbox 2835 2122 2889 2178; x_wconf 93' lang='lat' dir='ltr'><strong>in</strong></span> <span class='ocrx_word' id='word_1_541' title='bbox 2911 2121 3156 2195; x_wconf 68' lang='lat' dir='ltr'><strong>natrice,</strong></span> <span class='ocrx_word' id='word_1_542' title='bbox 3183 2130 3245 2180; x_wconf 92' lang='lat' dir='ltr'><strong>ut</strong></span> <span class='ocrx_word' id='word_1_543' title='bbox 3265 2139 3296 2179; x_wconf 92' lang='lat' dir='ltr'><strong>a</strong></span> <span class='ocrx_word' id='word_1_544' title='bbox 3324 2122 3537 2182; x_wconf 87' lang='lat' dir='ltr'><strong>fortiori</strong></span> <span class='ocrx_word' id='word_1_545' title='bbox 3563 2130 3712 2197; x_wconf 88' lang='lat' dir='ltr'><strong>patet</strong></span> <span class='ocrx_word' id='word_1_546' title='bbox 3729 2140 3796 2181; x_wconf 80' lang='lat' dir='ltr'><strong>ex</strong></span> <span class='ocrx_word' id='word_1_547' title='bbox 3821 2124 4015 2199; x_wconf 86' lang='lat' dir='ltr'><strong>dictis,</strong></span> 
     </span>
     <span class='ocr_line' id='line_1_76' title="bbox 2426 2211 4020 2288; baseline 0.001 -19"><span class='ocrx_word' id='word_1_548' title='bbox 2426 2218 2546 2270; x_wconf 88' lang='lat' dir='ltr'><strong>tum</strong></span> <span class='ocrx_word' id='word_1_549' title='bbox 2571 2211 2622 2269; x_wconf 91' lang='lat' dir='ltr'><strong>in</strong></span> <span class='ocrx_word' id='word_1_550' title='bbox 2647 2214 2940 2286; x_wconf 87' lang='lat' dir='ltr'><strong>praesenti,</strong></span> <span class='ocrx_word' id='word_1_551' title='bbox 2963 2220 3082 2271; x_wconf 90' lang='lat' dir='ltr'><strong>tum</strong></span> <span class='ocrx_word' id='word_1_552' title='bbox 3103 2214 3172 2271; x_wconf 86' lang='lat' dir='ltr'><strong>de</strong></span> <span class='ocrx_word' id='word_1_553' title='bbox 3191 2213 3405 2288; x_wconf 87' lang='lat' dir='ltr'><strong>legibus</strong></span> <span class='ocrx_word' id='word_1_554' title='bbox 3427 2215 3676 2273; x_wconf 83' lang='lat' dir='ltr'><strong>civilibus</strong></span> <span class='ocrx_word' id='word_1_555' title='bbox 3702 2215 4020 2288; x_wconf 82' lang='lat' dir='ltr'><strong>civitatum,</strong></span> 
     </span>
     <span class='ocr_line' id='line_1_77' title="bbox 2423 2304 4022 2380; baseline 0.002 -20"><span class='ocrx_word' id='word_1_556' title='bbox 2423 2308 2522 2361; x_wconf 87' lang='lat' dir='ltr'><strong>aut</strong></span> <span class='ocrx_word' id='word_1_557' title='bbox 2541 2318 2838 2377; x_wconf 86' lang='lat' dir='ltr'><strong>regnorum</strong></span> <span class='ocrx_word' id='word_1_558' title='bbox 2858 2304 3296 2375; x_wconf 87' lang='lat' dir='ltr'><strong>particularium.</strong></span> <span class='ocrx_word' id='word_1_559' title='bbox 3321 2307 3394 2363; x_wconf 90' lang='lat' dir='ltr'><strong>Et</strong></span> <span class='ocrx_word' id='word_1_560' title='bbox 3417 2321 3548 2365; x_wconf 90' lang='lat' dir='ltr'><strong>cum</strong></span> <span class='ocrx_word' id='word_1_561' title='bbox 3567 2305 3755 2366; x_wconf 90' lang='lat' dir='ltr'><strong>eadem</strong></span> <span class='ocrx_word' id='word_1_562' title='bbox 3782 2321 4022 2380; x_wconf 87' lang='lat' dir='ltr'><strong>propor-</strong></span> 
     </span>
     <span class='ocr_line' id='line_1_78' title="bbox 2423 2392 4018 2471; baseline 0.002 -21"><span class='ocrx_word' id='word_1_563' title='bbox 2423 2392 2566 2450; x_wconf 88' lang='lat' dir='ltr'><strong>tione</strong></span> <span class='ocrx_word' id='word_1_564' title='bbox 2609 2392 2944 2468; x_wconf 88' lang='lat' dir='ltr'><strong>loquendum</strong></span> <span class='ocrx_word' id='word_1_565' title='bbox 2981 2402 3069 2451; x_wconf 90' lang='lat' dir='ltr'><strong>est</strong></span> <span class='ocrx_word' id='word_1_566' title='bbox 3104 2393 3174 2453; x_wconf 90' lang='lat' dir='ltr'><strong>de</strong></span> <span class='ocrx_word' id='word_1_567' title='bbox 3214 2396 3664 2471; x_wconf 87' lang='lat' dir='ltr'><strong>archiepiscopis,</strong></span> <span class='ocrx_word' id='word_1_568' title='bbox 3691 2402 3750 2455; x_wconf 92' lang='lat' dir='ltr'><strong>et</strong></span> <span class='ocrx_word' id='word_1_569' title='bbox 3784 2398 4018 2469; x_wconf 86' lang='lat' dir='ltr'><strong>patriar·</strong></span> 
     </span>
     <span class='ocr_line' id='line_1_79' title="bbox 2425 2483 4015 2561; baseline 0.004 -21"><span class='ocrx_word' id='word_1_570' title='bbox 2425 2483 2574 2554; x_wconf 85' lang='lat' dir='ltr'><strong>chis,</strong></span> <span class='ocrx_word' id='word_1_571' title='bbox 2604 2484 2649 2540; x_wconf 89' lang='lat' dir='ltr'><strong>si</strong></span> <span class='ocrx_word' id='word_1_572' title='bbox 2689 2483 2978 2559; x_wconf 87' lang='lat' dir='ltr'><strong>aliquando</strong></span> <span class='ocrx_word' id='word_1_573' title='bbox 3016 2491 3247 2557; x_wconf 86' lang='lat' dir='ltr'><strong>possunt</strong></span> <span class='ocrx_word' id='word_1_574' title='bbox 3283 2486 3426 2544; x_wconf 88' lang='lat' dir='ltr'><strong>ferre</strong></span> <span class='ocrx_word' id='word_1_575' title='bbox 3463 2486 3613 2561; x_wconf 88' lang='lat' dir='ltr'><strong>leges</strong></span> <span class='ocrx_word' id='word_1_576' title='bbox 3639 2503 3740 2560; x_wconf 93' lang='lat' dir='ltr'><strong>pro</strong></span> <span class='ocrx_word' id='word_1_577' title='bbox 3779 2494 3896 2545; x_wconf 86' lang='lat' dir='ltr'><strong>toto</strong></span> <span class='ocrx_word' id='word_1_578' title='bbox 3921 2503 4015 2547; x_wconf 82' lang='lat' dir='ltr'><strong>ar-</strong></span> 
     </span>
     <span class='ocr_line' id='line_1_80' title="bbox 2423 2574 4015 2651; baseline 0.003 -20"><span class='ocrx_word' id='word_1_579' title='bbox 2423 2574 2864 2647; x_wconf 86' lang='lat' dir='ltr'><strong>chiepiscopatu,</strong></span> <span class='ocrx_word' id='word_1_580' title='bbox 2889 2574 2974 2633; x_wconf 84' lang='lat' dir='ltr'><strong>vel</strong></span> <span class='ocrx_word' id='word_1_581' title='bbox 3003 2575 3396 2651; x_wconf 83' lang='lat' dir='ltr'><strong>patriarchatu3</strong></span> <span class='ocrx_word' id='word_1_582' title='bbox 3421 2578 3568 2651; x_wconf 90' lang='lat' dir='ltr'><strong>quod</strong></span> <span class='ocrx_word' id='word_1_583' title='bbox 3599 2585 3803 2649; x_wconf 88' lang='lat' dir='ltr'><strong>tamen,</strong></span> <span class='ocrx_word' id='word_1_584' title='bbox 3823 2584 3894 2635; x_wconf 90' lang='lat' dir='ltr'><strong>ut</strong></span> <span class='ocrx_word' id='word_1_585' title='bbox 3915 2594 4015 2635; x_wconf 89' lang='lat' dir='ltr'><strong>su·</strong></span> 
     </span>
     <span class='ocr_line' id='line_1_81' title="bbox 2423 2663 4013 2739; baseline 0.003 -19"><span class='ocrx_word' id='word_1_586' title='bbox 2423 2679 2523 2737; x_wconf 91' lang='lat' dir='ltr'><strong>pra</strong></span> <span class='ocrx_word' id='word_1_587' title='bbox 2560 2663 2703 2737; x_wconf 75' lang='lat' dir='ltr'><strong>dixi,</strong></span> <span class='ocrx_word' id='word_1_588' title='bbox 2733 2665 2849 2723; x_wconf 89' lang='lat' dir='ltr'><strong>iure</strong></span> <span class='ocrx_word' id='word_1_589' title='bbox 2890 2664 3163 2725; x_wconf 89' lang='lat' dir='ltr'><strong>ordinario</strong></span> <span class='ocrx_word' id='word_1_590' title='bbox 3201 2682 3308 2727; x_wconf 90' lang='lat' dir='ltr'><strong>non</strong></span> <span class='ocrx_word' id='word_1_591' title='bbox 3349 2675 3583 2739; x_wconf 86' lang='lat' dir='ltr'><strong>possunt</strong></span> <span class='ocrx_word' id='word_1_592' title='bbox 3619 2670 3736 2726; x_wconf 90' lang='lat' dir='ltr'><strong>sine</strong></span> <span class='ocrx_word' id='word_1_593' title='bbox 3773 2668 4013 2727; x_wconf 88' lang='lat' dir='ltr'><strong>concilio</strong></span> 
     </span>
     <span class='ocr_line' id='line_1_82' title="bbox 2422 2754 4012 2832; baseline 0.003 -20"><span class='ocrx_word' id='word_1_594' title='bbox 2422 2754 2766 2829; x_wconf 85' lang='lat' dir='ltr'><strong>provinciali,</strong></span> <span class='ocrx_word' id='word_1_595' title='bbox 2793 2754 2861 2813; x_wconf 91' lang='lat' dir='ltr'><strong>de</strong></span> <span class='ocrx_word' id='word_1_596' title='bbox 2889 2755 3050 2814; x_wconf 90' lang='lat' dir='ltr'><strong>cuius</strong></span> <span class='ocrx_word' id='word_1_597' title='bbox 3079 2757 3286 2832; x_wconf 88' lang='lat' dir='ltr'><strong>legibus</strong></span> <span class='ocrx_word' id='word_1_598' title='bbox 3312 2773 3442 2816; x_wconf 92' lang='lat' dir='ltr'><strong>cum</strong></span> <span class='ocrx_word' id='word_1_599' title='bbox 3469 2762 3818 2832; x_wconf 87' lang='lat' dir='ltr'><strong>proportione</strong></span> <span class='ocrx_word' id='word_1_600' title='bbox 3847 2761 4012 2817; x_wconf 89' lang='lat' dir='ltr'><strong>etiam</strong></span> 
     </span>
     <span class='ocr_line' id='line_1_83' title="bbox 2423 2845 4015 2923; baseline 0.003 -21"><span class='ocrx_word' id='word_1_601' title='bbox 2423 2845 2762 2904; x_wconf 88' lang='lat' dir='ltr'><strong>censendum</strong></span> <span class='ocrx_word' id='word_1_602' title='bbox 2800 2852 2905 2903; x_wconf 86' lang='lat' dir='ltr'><strong>est.</strong></span> <span class='ocrx_word' id='word_1_603' title='bbox 2943 2849 3022 2905; x_wconf 87' lang='lat' dir='ltr'><strong>De</strong></span> <span class='ocrx_word' id='word_1_604' title='bbox 3061 2846 3224 2905; x_wconf 87' lang='lat' dir='ltr'><strong>modo</strong></span> <span class='ocrx_word' id='word_1_605' title='bbox 3265 2854 3450 2907; x_wconf 87' lang='lat' dir='ltr'><strong>autem</strong></span> <span class='ocrx_word' id='word_1_606' title='bbox 3488 2850 3660 2921; x_wconf 89' lang='lat' dir='ltr'><strong>ipsius</strong></span> <span class='ocrx_word' id='word_1_607' title='bbox 3698 2850 4015 2923; x_wconf 88' lang='lat' dir='ltr'><strong>promulga-</strong></span> 
     </span>
     <span class='ocr_line' id='line_1_84' title="bbox 2425 2935 4012 3015; baseline 0.003 -21"><span class='ocrx_word' id='word_1_608' title='bbox 2425 2937 2585 2995; x_wconf 87' lang='lat' dir='ltr'><strong>tionis</strong></span> <span class='ocrx_word' id='word_1_609' title='bbox 2611 2935 2745 2994; x_wconf 88' lang='lat' dir='ltr'><strong>nihil</strong></span> <span class='ocrx_word' id='word_1_610' title='bbox 2773 2939 2898 2995; x_wconf 81' lang='lat' dir='ltr'><strong>novi</strong></span> <span class='ocrx_word' id='word_1_611' title='bbox 2925 2937 3214 2995; x_wconf 88' lang='lat' dir='ltr'><strong>dicendum</strong></span> <span class='ocrx_word' id='word_1_612' title='bbox 3243 2941 3511 3013; x_wconf 83' lang='lat' dir='ltr'><strong>occurrit3</strong></span> <span class='ocrx_word' id='word_1_613' title='bbox 3536 2956 3659 2997; x_wconf 91' lang='lat' dir='ltr'><strong>nam</strong></span> <span class='ocrx_word' id='word_1_614' title='bbox 3687 2947 3871 3015; x_wconf 91' lang='lat' dir='ltr'><strong>potest</strong></span> <span class='ocrx_word' id='word_1_615' title='bbox 3895 2940 4012 2999; x_wconf 81' lang='lat' dir='ltr'><strong>fieri</strong></span> 
     </span>
     <span class='ocr_line' id='line_1_85' title="bbox 2423 3028 4010 3105; baseline 0.005 -24"><span class='ocrx_word' id='word_1_616' title='bbox 2423 3033 2522 3083; x_wconf 89' lang='lat' dir='ltr'><strong>aut</strong></span> <span class='ocrx_word' id='word_1_617' title='bbox 2561 3040 2698 3083; x_wconf 88' lang='lat' dir='ltr'><strong>voce</strong></span> <span class='ocrx_word' id='word_1_618' title='bbox 2737 3028 3046 3099; x_wconf 88' lang='lat' dir='ltr'><strong>praeconis,</strong></span> <span class='ocrx_word' id='word_1_619' title='bbox 3087 3034 3184 3085; x_wconf 89' lang='lat' dir='ltr'><strong>ant</strong></span> <span class='ocrx_word' id='word_1_620' title='bbox 3221 3028 3491 3103; x_wconf 85' lang='lat' dir='ltr'><strong>affigendo</strong></span> <span class='ocrx_word' id='word_1_621' title='bbox 3532 3031 3708 3104; x_wconf 86' lang='lat' dir='ltr'><strong>legem</strong></span> <span class='ocrx_word' id='word_1_622' title='bbox 3747 3032 4010 3105; x_wconf 87' lang='lat' dir='ltr'><strong>scriptam</strong></span> 
     </span>
     <span class='ocr_line' id='line_1_86' title="bbox 2423 3116 4011 3195; baseline 0.004 -22"><span class='ocrx_word' id='word_1_623' title='bbox 2423 3117 2482 3173; x_wconf 88' lang='lat' dir='ltr'><strong>in</strong></span> <span class='ocrx_word' id='word_1_624' title='bbox 2511 3117 2638 3174; x_wconf 91' lang='lat' dir='ltr'><strong>loco</strong></span> <span class='ocrx_word' id='word_1_625' title='bbox 2667 3116 2888 3189; x_wconf 88' lang='lat' dir='ltr'><strong>publico</strong></span> <span class='ocrx_word' id='word_1_626' title='bbox 2915 3118 2984 3176; x_wconf 90' lang='lat' dir='ltr'><strong>ad</strong></span> <span class='ocrx_word' id='word_1_627' title='bbox 3025 3118 3130 3177; x_wconf 86' lang='lat' dir='ltr'><strong>boc</strong></span> <span class='ocrx_word' id='word_1_628' title='bbox 3155 3117 3468 3192; x_wconf 87' lang='lat' dir='ltr'><strong>designato,</strong></span> <span class='ocrx_word' id='word_1_629' title='bbox 3498 3128 3562 3178; x_wconf 91' lang='lat' dir='ltr'><strong>ut</strong></span> <span class='ocrx_word' id='word_1_630' title='bbox 3599 3122 3802 3179; x_wconf 88' lang='lat' dir='ltr'><strong>Romae</strong></span> <span class='ocrx_word' id='word_1_631' title='bbox 3829 3122 3921 3195; x_wconf 85' lang='lat' dir='ltr'><strong>fit,</strong></span> <span class='ocrx_word' id='word_1_632' title='bbox 3955 3124 4011 3180; x_wconf 92' lang='lat' dir='ltr'><strong>in</strong></span> 
     </span>
     <span class='ocr_line' id='line_1_87' title="bbox 2425 3207 4011 3285; baseline 0.004 -21"><span class='ocrx_word' id='word_1_633' title='bbox 2425 3222 2540 3281; x_wconf 88' lang='lat' dir='ltr'><strong>quo</strong></span> <span class='ocrx_word' id='word_1_634' title='bbox 2561 3207 2831 3265; x_wconf 85' lang='lat' dir='ltr'><strong>servanda</strong></span> <span class='ocrx_word' id='word_1_635' title='bbox 2849 3209 2954 3266; x_wconf 89' lang='lat' dir='ltr'><strong>erit</strong></span> <span class='ocrx_word' id='word_1_636' title='bbox 2975 3209 3080 3266; x_wconf 89' lang='lat' dir='ltr'><strong>loci</strong></span> <span class='ocrx_word' id='word_1_637' title='bbox 3099 3209 3469 3284; x_wconf 88' lang='lat' dir='ltr'><strong>consuetudo,</strong></span> <span class='ocrx_word' id='word_1_638' title='bbox 3482 3226 3607 3269; x_wconf 89' lang='lat' dir='ltr'><strong>nam</strong></span> <span class='ocrx_word' id='word_1_639' title='bbox 3627 3212 3718 3269; x_wconf 89' lang='lat' dir='ltr'><strong>ius</strong></span> <span class='ocrx_word' id='word_1_640' title='bbox 3737 3213 4011 3285; x_wconf 87' lang='lat' dir='ltr'><strong>scriptum</strong></span> 
     </span>
     <span class='ocr_line' id='line_1_88' title="bbox 2421 3299 3510 3383; baseline 0.006 -29"><span class='ocrx_word' id='word_1_641' title='bbox 2421 3313 2531 3356; x_wconf 90' lang='lat' dir='ltr'><strong>non</strong></span> <span class='ocrx_word' id='word_1_642' title='bbox 2559 3299 2855 3356; x_wconf 81' lang='lat' dir='ltr'><strong>invenitur.</strong></span> <span class='ocrx_word' id='word_1_643' title='bbox 3501 3376 3510 3383; x_wconf 22' lang='grc' dir='ltr'><strong><em>Ω</em></strong></span> 
     </span>
    </p>

    <p class='ocr_par' dir='ltr' id='par_1_8' title="bbox 2409 3388 4012 5363">
     <span class='ocr_line' id='line_1_89' title="bbox 2497 3388 4012 3465; baseline 0.003 -18"><span class='ocrx_word' id='word_1_644' title='bbox 2497 3390 2760 3462; x_wconf 89' lang='lat' dir='ltr'><strong>Superest</strong></span> <span class='ocrx_word' id='word_1_645' title='bbox 2789 3404 2919 3447; x_wconf 85' lang='lat' dir='ltr'><strong>vero</strong></span> <span class='ocrx_word' id='word_1_646' title='bbox 2947 3388 3331 3462; x_wconf 90' lang='lat' dir='ltr'><strong>inquirendum</strong></span> <span class='ocrx_word' id='word_1_647' title='bbox 3349 3430 3366 3463; x_wconf 90' lang='lat'><strong>,</strong></span> <span class='ocrx_word' id='word_1_648' title='bbox 3395 3406 3466 3448; x_wconf 91' lang='lat' dir='ltr'><strong>an</strong></span> <span class='ocrx_word' id='word_1_649' title='bbox 3493 3391 3580 3450; x_wconf 86' lang='lat' dir='ltr'><strong>lex</strong></span> <span class='ocrx_word' id='word_1_650' title='bbox 3605 3392 3876 3465; x_wconf 79' lang='lat' dir='ltr'><strong>pontificia</strong></span> <span class='ocrx_word' id='word_1_651' title='bbox 3899 3394 4012 3451; x_wconf 84' lang='lat' dir='ltr'><strong>Ro-</strong></span> 
     </span>
     <span class='ocr_line' id='line_1_90' title="bbox 2421 3478 4008 3555; baseline 0.003 -18"><span class='ocrx_word' id='word_1_652' title='bbox 2421 3494 2542 3537; x_wconf 87' lang='lat' dir='ltr'><strong>mae</strong></span> <span class='ocrx_word' id='word_1_653' title='bbox 2570 3478 2916 3553; x_wconf 87' lang='lat' dir='ltr'><strong>promulgata</strong></span> <span class='ocrx_word' id='word_1_654' title='bbox 2945 3482 3126 3537; x_wconf 89' lang='lat' dir='ltr'><strong>statim</strong></span> <span class='ocrx_word' id='word_1_655' title='bbox 3154 3480 3374 3555; x_wconf 90' lang='lat' dir='ltr'><strong>incipiat</strong></span> <span class='ocrx_word' id='word_1_656' title='bbox 3401 3481 3640 3554; x_wconf 89' lang='lat' dir='ltr'><strong>obligare</strong></span> <span class='ocrx_word' id='word_1_657' title='bbox 3669 3498 3889 3554; x_wconf 90' lang='lat' dir='ltr'><strong>omnes,</strong></span> <span class='ocrx_word' id='word_1_658' title='bbox 3922 3483 4008 3543; x_wconf 82' lang='lat' dir='ltr'><strong>vel</strong></span> 
     </span>
     <span class='ocr_line' id='line_1_91' title="bbox 2419 3569 4009 3645; baseline 0.003 -18"><span class='ocrx_word' id='word_1_659' title='bbox 2419 3579 2544 3643; x_wconf 90' lang='lat' dir='ltr'><strong>post</strong></span> <span class='ocrx_word' id='word_1_660' title='bbox 2569 3569 2791 3645; x_wconf 89' lang='lat' dir='ltr'><strong>aliquod</strong></span> <span class='ocrx_word' id='word_1_661' title='bbox 2817 3575 3057 3644; x_wconf 87' lang='lat' dir='ltr'><strong>tempus,</strong></span> <span class='ocrx_word' id='word_1_662' title='bbox 3086 3572 3236 3643; x_wconf 89' lang='lat' dir='ltr'><strong>quod</strong></span> <span class='ocrx_word' id='word_1_663' title='bbox 3261 3569 3330 3628; x_wconf 89' lang='lat' dir='ltr'><strong>de</strong></span> <span class='ocrx_word' id='word_1_664' title='bbox 3356 3569 3474 3645; x_wconf 87' lang='lat' dir='ltr'><strong>lege</strong></span> <span class='ocrx_word' id='word_1_665' title='bbox 3501 3571 3642 3629; x_wconf 84' lang='lat' dir='ltr'><strong>civili</strong></span> <span class='ocrx_word' id='word_1_666' title='bbox 3671 3572 3775 3630; x_wconf 89' lang='lat' dir='ltr'><strong>late</strong></span> <span class='ocrx_word' id='word_1_667' title='bbox 3801 3580 4009 3631; x_wconf 83' lang='lat' dir='ltr'><strong>tracta-</strong></span> 
     </span>
     <span class='ocr_line' id='line_1_92' title="bbox 2418 3660 4007 3736; baseline 0.001 -17"><span class='ocrx_word' id='word_1_668' title='bbox 2418 3669 2536 3719; x_wconf 91' lang='lat' dir='ltr'><strong>tum</strong></span> <span class='ocrx_word' id='word_1_669' title='bbox 2565 3668 2681 3730; x_wconf 90' lang='lat' dir='ltr'><strong>est,</strong></span> <span class='ocrx_word' id='word_1_670' title='bbox 2708 3660 2840 3718; x_wconf 91' lang='lat' dir='ltr'><strong>etin</strong></span> <span class='ocrx_word' id='word_1_671' title='bbox 2871 3661 3138 3733; x_wconf 88' lang='lat' dir='ltr'><strong>praesenti</strong></span> <span class='ocrx_word' id='word_1_672' title='bbox 3163 3668 3340 3733; x_wconf 89' lang='lat' dir='ltr'><strong>potest</strong></span> <span class='ocrx_word' id='word_1_673' title='bbox 3363 3663 3588 3720; x_wconf 84' lang='lat' dir='ltr'><strong>brevius</strong></span> <span class='ocrx_word' id='word_1_674' title='bbox 3621 3663 3885 3736; x_wconf 82' lang='lat' dir='ltr'><strong>expediri.</strong></span> <span class='ocrx_word' id='word_1_675' title='bbox 3915 3666 4007 3723; x_wconf 82' lang='lat' dir='ltr'><strong>Di-</strong></span> 
     </span>
     <span class='ocr_line' id='line_1_93' title="bbox 2417 3750 4006 3827; baseline 0.001 -17"><span class='ocrx_word' id='word_1_676' title='bbox 2417 3753 2498 3810; x_wconf 80' lang='lat' dir='ltr'><strong>xit</strong></span> <span class='ocrx_word' id='word_1_677' title='bbox 2523 3752 2689 3826; x_wconf 88' lang='lat' dir='ltr'><strong>igitur</strong></span> <span class='ocrx_word' id='word_1_678' title='bbox 2714 3750 2904 3809; x_wconf 87' lang='lat' dir='ltr'><strong>Glossa</strong></span> <span class='ocrx_word' id='word_1_679' title='bbox 2933 3750 2986 3807; x_wconf 91' lang='lat' dir='ltr'><strong>in</strong></span> <span class='ocrx_word' id='word_1_680' title='bbox 3015 3766 3140 3824; x_wconf 89' lang='lat' dir='ltr'><strong>cap.</strong></span> <span class='ocrx_word' id='word_1_681' title='bbox 3159 3754 3546 3827; x_wconf 68' lang='lat' dir='ltr'><strong>Proposuisti,</strong></span> <span class='ocrx_word' id='word_1_682' title='bbox 3575 3758 3666 3811; x_wconf 85' lang='grc'><strong>82.</strong></span> <span class='ocrx_word' id='word_1_683' title='bbox 3685 3752 3814 3811; x_wconf 86' lang='lat' dir='ltr'><strong>dist.</strong></span> <span class='ocrx_word' id='word_1_684' title='bbox 3832 3755 4006 3812; x_wconf 81' lang='lat' dir='ltr'><strong>verbo</strong></span> 
     </span>
     <span class='ocr_line' id='line_1_94' title="bbox 2415 3840 4010 3918; baseline 0.001 -19"><span class='ocrx_word' id='word_1_685' title='bbox 2415 3858 2535 3899; x_wconf 82' lang='lat' dir='ltr'><strong>non</strong></span> <span class='ocrx_word' id='word_1_686' title='bbox 2552 3840 2858 3917; x_wconf 67' lang='lat' dir='ltr'><strong>probatum,</strong></span> <span class='ocrx_word' id='word_1_687' title='bbox 2881 3840 3028 3915; x_wconf 88' lang='lat' dir='ltr'><strong>leges</strong></span> <span class='ocrx_word' id='word_1_688' title='bbox 3049 3843 3344 3899; x_wconf 89' lang='lat' dir='ltr'><strong>canonicas</strong></span> <span class='ocrx_word' id='word_1_689' title='bbox 3365 3857 3476 3900; x_wconf 91' lang='lat' dir='ltr'><strong>non</strong></span> <span class='ocrx_word' id='word_1_690' title='bbox 3497 3843 3742 3918; x_wconf 90' lang='lat' dir='ltr'><strong>obligare</strong></span> <span class='ocrx_word' id='word_1_691' title='bbox 3763 3844 3860 3901; x_wconf 87' lang='lat' dir='ltr'><strong>nisi</strong></span> <span class='ocrx_word' id='word_1_692' title='bbox 3879 3850 4010 3916; x_wconf 89' lang='lat' dir='ltr'><strong>post</strong></span> 
     </span>
     <span class='ocr_line' id='line_1_95' title="bbox 2421 3929 4000 4005; baseline 0.001 -16"><span class='ocrx_word' id='word_1_693' title='bbox 2421 3948 2513 3989; x_wconf 87' lang='lat' dir='ltr'><strong>sex</strong></span> <span class='ocrx_word' id='word_1_694' title='bbox 2544 3946 2780 3989; x_wconf 85' lang='lat' dir='ltr'><strong>menses.</strong></span> <span class='ocrx_word' id='word_1_695' title='bbox 2809 3929 2980 4005; x_wconf 85' lang='lat' dir='ltr'><strong>quue</strong></span> <span class='ocrx_word' id='word_1_696' title='bbox 3017 3929 3226 4003; x_wconf 87' lang='lat' dir='ltr'><strong>colligit</strong></span> <span class='ocrx_word' id='word_1_697' title='bbox 3248 3946 3317 3989; x_wconf 86' lang='lat' dir='ltr'><strong>ex</strong></span> <span class='ocrx_word' id='word_1_698' title='bbox 3345 3948 3399 3989; x_wconf 88' lang='lat' dir='ltr'><strong>c.</strong></span> <span class='ocrx_word' id='word_1_699' title='bbox 3429 3936 3833 4000; x_wconf 55' lang='lat' dir='ltr'><strong>Decernimu&amp;</strong></span> <span class='ocrx_word' id='word_1_700' title='bbox 3871 3934 4000 3993; x_wconf 87' lang='lat' dir='ltr'><strong>dist.</strong></span> 
     </span>
     <span class='ocr_line' id='line_1_96' title="bbox 2421 4020 4001 4095; baseline -0.001 -13"><span class='ocrx_word' id='word_1_701' title='bbox 2421 4026 2508 4082; x_wconf 89' lang='lat'><strong>18.</strong></span> <span class='ocrx_word' id='word_1_702' title='bbox 2541 4020 2649 4079; x_wconf 91' lang='lat' dir='ltr'><strong>Sed</strong></span> <span class='ocrx_word' id='word_1_703' title='bbox 2676 4020 2748 4077; x_wconf 89' lang='lat' dir='ltr'><strong>ibi</strong></span> <span class='ocrx_word' id='word_1_704' title='bbox 2789 4036 2897 4077; x_wconf 92' lang='lat' dir='ltr'><strong>non</strong></span> <span class='ocrx_word' id='word_1_705' title='bbox 2926 4020 3107 4092; x_wconf 85' lang='lat' dir='ltr'><strong>agitur</strong></span> <span class='ocrx_word' id='word_1_706' title='bbox 3131 4020 3200 4077; x_wconf 89' lang='lat' dir='ltr'><strong>de</strong></span> <span class='ocrx_word' id='word_1_707' title='bbox 3241 4021 3672 4095; x_wconf 88' lang='lat' dir='ltr'><strong>promulgatione</strong></span> <span class='ocrx_word' id='word_1_708' title='bbox 3707 4024 4001 4081; x_wconf 88' lang='lat' dir='ltr'><strong>canonica-</strong></span> 
     </span>
     <span class='ocr_line' id='line_1_97' title="bbox 2413 4108 4004 4186; baseline 0.003 -17"><span class='ocrx_word' id='word_1_709' title='bbox 2413 4127 2538 4169; x_wconf 90' lang='lat' dir='ltr'><strong>rum</strong></span> <span class='ocrx_word' id='word_1_710' title='bbox 2566 4110 2781 4185; x_wconf 88' lang='lat' dir='ltr'><strong>legum,</strong></span> <span class='ocrx_word' id='word_1_711' title='bbox 2812 4108 2909 4167; x_wconf 87' lang='lat' dir='ltr'><strong>sed</strong></span> <span class='ocrx_word' id='word_1_712' title='bbox 2934 4108 3001 4167; x_wconf 89' lang='lat' dir='ltr'><strong>de</strong></span> <span class='ocrx_word' id='word_1_713' title='bbox 3027 4111 3217 4185; x_wconf 90' lang='lat' dir='ltr'><strong>modo,</strong></span> <span class='ocrx_word' id='word_1_714' title='bbox 3245 4125 3358 4183; x_wconf 88' lang='lat' dir='ltr'><strong>quo</strong></span> <span class='ocrx_word' id='word_1_715' title='bbox 3385 4112 3628 4185; x_wconf 86' lang='lat' dir='ltr'><strong>episcopi</strong></span> <span class='ocrx_word' id='word_1_716' title='bbox 3657 4129 3785 4170; x_wconf 89' lang='lat' dir='ltr'><strong>suas</strong></span> <span class='ocrx_word' id='word_1_717' title='bbox 3814 4113 4004 4186; x_wconf 87' lang='lat' dir='ltr'><strong>plebes</strong></span> 
     </span>
     <span class='ocr_line' id='line_1_98' title="bbox 2412 4200 4006 4277; baseline 0.004 -18"><span class='ocrx_word' id='word_1_718' title='bbox 2412 4200 2610 4259; x_wconf 89' lang='lat' dir='ltr'><strong>docere</strong></span> <span class='ocrx_word' id='word_1_719' title='bbox 2635 4200 2837 4258; x_wconf 90' lang='lat' dir='ltr'><strong>debent</strong></span> <span class='ocrx_word' id='word_1_720' title='bbox 2873 4200 3082 4271; x_wconf 88' lang='lat' dir='ltr'><strong>omnia,</strong></span> <span class='ocrx_word' id='word_1_721' title='bbox 3110 4200 3332 4274; x_wconf 88' lang='lat' dir='ltr'><strong>quaein</strong></span> <span class='ocrx_word' id='word_1_722' title='bbox 3372 4203 3618 4260; x_wconf 88' lang='lat' dir='ltr'><strong>conciliis</strong></span> <span class='ocrx_word' id='word_1_723' title='bbox 3659 4206 4006 4277; x_wconf 85' lang='lat' dir='ltr'><strong>provinciali·</strong></span> 
     </span>
     <span class='ocr_line' id='line_1_99' title="bbox 2412 4289 4006 4367; baseline 0.003 -17"><span class='ocrx_word' id='word_1_724' title='bbox 2412 4294 2518 4351; x_wconf 90' lang='lat' dir='ltr'><strong>bus</strong></span> <span class='ocrx_word' id='word_1_725' title='bbox 2556 4297 2683 4353; x_wconf 87' lang='lat' dir='ltr'><strong>acta</strong></span> <span class='ocrx_word' id='word_1_726' title='bbox 2721 4289 2942 4347; x_wconf 89' lang='lat' dir='ltr'><strong>fuerint.</strong></span> <span class='ocrx_word' id='word_1_727' title='bbox 2981 4292 3117 4348; x_wconf 89' lang='lat' dir='ltr'><strong>Nam</strong></span> <span class='ocrx_word' id='word_1_728' title='bbox 3155 4290 3421 4364; x_wconf 89' lang='lat' dir='ltr'><strong>episcopis</strong></span> <span class='ocrx_word' id='word_1_729' title='bbox 3462 4294 3892 4367; x_wconf 87' lang='lat' dir='ltr'><strong>praescribitur,</strong></span> <span class='ocrx_word' id='word_1_730' title='bbox 3941 4305 4006 4355; x_wconf 90' lang='lat' dir='ltr'><strong>ut</strong></span> 
     </span>
     <span class='ocr_line' id='line_1_100' title="bbox 2411 4381 3994 4454; baseline 0.002 -13"><span class='ocrx_word' id='word_1_731' title='bbox 2411 4386 2553 4441; x_wconf 89' lang='lat' dir='ltr'><strong>intra</strong></span> <span class='ocrx_word' id='word_1_732' title='bbox 2581 4396 2675 4439; x_wconf 82' lang='lat' dir='ltr'><strong>sex</strong></span> <span class='ocrx_word' id='word_1_733' title='bbox 2701 4396 2916 4440; x_wconf 87' lang='lat' dir='ltr'><strong>menses</strong></span> <span class='ocrx_word' id='word_1_734' title='bbox 2942 4396 2974 4438; x_wconf 90' lang='lat' dir='ltr'><strong>a</strong></span> <span class='ocrx_word' id='word_1_735' title='bbox 3001 4381 3232 4439; x_wconf 89' lang='lat' dir='ltr'><strong>concilio</strong></span> <span class='ocrx_word' id='word_1_736' title='bbox 3258 4388 3482 4454; x_wconf 90' lang='lat' dir='ltr'><strong>peracto</strong></span> <span class='ocrx_word' id='word_1_737' title='bbox 3511 4399 3643 4440; x_wconf 89' lang='lat' dir='ltr'><strong>suos</strong></span> <span class='ocrx_word' id='word_1_738' title='bbox 3670 4384 3907 4443; x_wconf 89' lang='lat' dir='ltr'><strong>clericos</strong></span> <span class='ocrx_word' id='word_1_739' title='bbox 3935 4394 3994 4445; x_wconf 88' lang='lat' dir='ltr'><strong>et</strong></span> 
     </span>
     <span class='ocr_line' id='line_1_101' title="bbox 2411 4471 3986 4549; baseline 0.004 -19"><span class='ocrx_word' id='word_1_740' title='bbox 2411 4472 2593 4546; x_wconf 89' lang='lat' dir='ltr'><strong>plebes</strong></span> <span class='ocrx_word' id='word_1_741' title='bbox 2615 4478 2943 4544; x_wconf 84' lang='lat' dir='ltr'><strong>convocent,</strong></span> <span class='ocrx_word' id='word_1_742' title='bbox 2959 4477 3016 4529; x_wconf 81' lang='lat' dir='ltr'><strong>et</strong></span> <span class='ocrx_word' id='word_1_743' title='bbox 3027 4486 3234 4530; x_wconf 84' lang='lat' dir='ltr'><strong>coram</strong></span> <span class='ocrx_word' id='word_1_744' title='bbox 3251 4475 3334 4531; x_wconf 75' lang='lat' dir='ltr'><strong>eis</strong></span> <span class='ocrx_word' id='word_1_745' title='bbox 3349 4471 3686 4546; x_wconf 71' lang='lat' dir='ltr'><strong>plenissime</strong></span> <span class='ocrx_word' id='word_1_746' title='bbox 3697 4474 3986 4549; x_wconf 72' lang='lat' dir='ltr'><strong>referant,</strong></span> 
     </span>
     <span class='ocr_line' id='line_1_102' title="bbox 2411 4560 3996 4640; baseline 0.003 -18"><span class='ocrx_word' id='word_1_747' title='bbox 2411 4580 2562 4639; x_wconf 76' lang='lat' dir='ltr'><strong>quae</strong></span> <span class='ocrx_word' id='word_1_748' title='bbox 2591 4567 2661 4621; x_wconf 78' lang='lat' dir='ltr'><strong>in</strong></span> <span class='ocrx_word' id='word_1_749' title='bbox 2686 4560 2886 4620; x_wconf 82' lang='lat' dir='ltr'><strong>eodem</strong></span> <span class='ocrx_word' id='word_1_750' title='bbox 2912 4578 3072 4621; x_wconf 78' lang='lat' dir='ltr'><strong>anno</strong></span> <span class='ocrx_word' id='word_1_751' title='bbox 3095 4564 3160 4619; x_wconf 78' lang='lat' dir='ltr'><strong>in</strong></span> <span class='ocrx_word' id='word_1_752' title='bbox 3186 4562 3430 4621; x_wconf 71' lang='lat' dir='ltr'><strong>concilio</strong></span> <span class='ocrx_word' id='word_1_753' title='bbox 3455 4569 3600 4623; x_wconf 78' lang='lat' dir='ltr'><strong>acta</strong></span> <span class='ocrx_word' id='word_1_754' title='bbox 3623 4564 3714 4622; x_wconf 87' lang='lat' dir='ltr'><strong>vel</strong></span> <span class='ocrx_word' id='word_1_755' title='bbox 3741 4564 3996 4640; x_wconf 60' lang='lat' dir='ltr'><strong>definias</strong></span> 
     </span>
     <span class='ocr_line' id='line_1_103' title="bbox 2409 4652 3992 4729; baseline 0.001 -16"><span class='ocrx_word' id='word_1_756' title='bbox 2409 4660 2755 4713; x_wconf 73' lang='lat' dir='ltr'><strong>noscuntur.</strong></span> <span class='ocrx_word' id='word_1_757' title='bbox 2779 4652 2932 4721; x_wconf 87' lang='lat' dir='ltr'><strong>Quod</strong></span> <span class='ocrx_word' id='word_1_758' title='bbox 2959 4669 3066 4711; x_wconf 90' lang='lat' dir='ltr'><strong>non</strong></span> <span class='ocrx_word' id='word_1_759' title='bbox 3090 4659 3310 4727; x_wconf 87' lang='lat' dir='ltr'><strong>propter</strong></span> <span class='ocrx_word' id='word_1_760' title='bbox 3327 4654 3498 4711; x_wconf 87' lang='lat' dir='ltr'><strong>solam</strong></span> <span class='ocrx_word' id='word_1_761' title='bbox 3531 4654 3714 4729; x_wconf 90' lang='lat' dir='ltr'><strong>legum</strong></span> <span class='ocrx_word' id='word_1_762' title='bbox 3738 4658 3992 4729; x_wconf 88' lang='lat' dir='ltr'><strong>promul-</strong></span> 
     </span>
     <span class='ocr_line' id='line_1_104' title="bbox 2409 4744 3992 4818; baseline 0.003 -16"><span class='ocrx_word' id='word_1_763' title='bbox 2409 4744 2712 4818; x_wconf 88' lang='lat' dir='ltr'><strong>gationem,</strong></span> <span class='ocrx_word' id='word_1_764' title='bbox 2743 4744 2840 4802; x_wconf 87' lang='lat' dir='ltr'><strong>sed</strong></span> <span class='ocrx_word' id='word_1_765' title='bbox 2866 4749 3088 4817; x_wconf 88' lang='lat' dir='ltr'><strong>propter</strong></span> <span class='ocrx_word' id='word_1_766' title='bbox 3116 4744 3326 4816; x_wconf 90' lang='lat' dir='ltr'><strong>plenam</strong></span> <span class='ocrx_word' id='word_1_767' title='bbox 3354 4744 3771 4805; x_wconf 82' lang='lat' dir='ltr'><strong>instructionem</strong></span> <span class='ocrx_word' id='word_1_768' title='bbox 3797 4754 3857 4806; x_wconf 91' lang='lat' dir='ltr'><strong>et</strong></span> <span class='ocrx_word' id='word_1_769' title='bbox 3891 4748 3992 4807; x_wconf 90' lang='lat' dir='ltr'><strong>do-</strong></span> 
     </span>
     <span class='ocr_line' id='line_1_105' title="bbox 2411 4833 3998 4909; baseline 0.003 -16"><span class='ocrx_word' id='word_1_770' title='bbox 2411 4836 2640 4893; x_wconf 88' lang='lat' dir='ltr'><strong>ctrinam</strong></span> <span class='ocrx_word' id='word_1_771' title='bbox 2669 4842 2802 4893; x_wconf 89' lang='lat' dir='ltr'><strong>tunc</strong></span> <span class='ocrx_word' id='word_1_772' title='bbox 2831 4833 3282 4907; x_wconf 69' lang='lat' dir='ltr'><strong>praecipiebatur,</strong></span> <span class='ocrx_word' id='word_1_773' title='bbox 3307 4834 3438 4891; x_wconf 90' lang='lat' dir='ltr'><strong>nihil</strong></span> <span class='ocrx_word' id='word_1_774' title='bbox 3464 4851 3600 4909; x_wconf 88' lang='lat' dir='ltr'><strong>ergo</strong></span> <span class='ocrx_word' id='word_1_775' title='bbox 3623 4852 3692 4895; x_wconf 86' lang='lat' dir='ltr'><strong>ex</strong></span> <span class='ocrx_word' id='word_1_776' title='bbox 3719 4837 3813 4895; x_wconf 90' lang='lat' dir='ltr'><strong>illo</strong></span> <span class='ocrx_word' id='word_1_777' title='bbox 3841 4845 3998 4897; x_wconf 79' lang='lat' dir='ltr'><strong>textu</strong></span> 
     </span>
     <span class='ocr_line' id='line_1_106' title="bbox 2411 4923 4001 4999; baseline 0.002 -16"><span class='ocrx_word' id='word_1_778' title='bbox 2411 4925 2596 4999; x_wconf 89' lang='lat' dir='ltr'><strong>colligi</strong></span> <span class='ocrx_word' id='word_1_779' title='bbox 2624 4929 2804 4999; x_wconf 88' lang='lat' dir='ltr'><strong>potest</strong></span> <span class='ocrx_word' id='word_1_780' title='bbox 2829 4923 2896 4981; x_wconf 89' lang='lat' dir='ltr'><strong>de</strong></span> <span class='ocrx_word' id='word_1_781' title='bbox 2919 4924 3107 4997; x_wconf 89' lang='lat' dir='ltr'><strong>modo,</strong></span> <span class='ocrx_word' id='word_1_782' title='bbox 3137 4939 3251 4999; x_wconf 86' lang='lat' dir='ltr'><strong>quo</strong></span> <span class='ocrx_word' id='word_1_783' title='bbox 3279 4924 3422 4997; x_wconf 87' lang='lat' dir='ltr'><strong>leges</strong></span> <span class='ocrx_word' id='word_1_784' title='bbox 3441 4926 3755 4998; x_wconf 51' lang='lat' dir='ltr'><strong>‚pontificiae</strong></span> <span class='ocrx_word' id='word_1_785' title='bbox 3783 4927 3870 4985; x_wconf 82' lang='lat' dir='ltr'><strong>vel</strong></span> <span class='ocrx_word' id='word_1_786' title='bbox 3901 4945 4001 4987; x_wconf 87' lang='lat' dir='ltr'><strong>ca·</strong></span> 
     </span>
     <span class='ocr_line' id='line_1_107' title="bbox 2410 5013 3996 5088; baseline 0.001 -14"><span class='ocrx_word' id='word_1_787' title='bbox 2410 5018 2637 5075; x_wconf 89' lang='lat' dir='ltr'><strong>nonicae</strong></span> <span class='ocrx_word' id='word_1_788' title='bbox 2663 5016 2962 5074; x_wconf 82' lang='lat' dir='ltr'><strong>universim</strong></span> <span class='ocrx_word' id='word_1_789' title='bbox 2984 5013 3222 5087; x_wconf 88' lang='lat' dir='ltr'><strong>obligare</strong></span> <span class='ocrx_word' id='word_1_790' title='bbox 3258 5015 3539 5088; x_wconf 87' lang='lat' dir='ltr'><strong>incipiant.</strong></span> <span class='ocrx_word' id='word_1_791' title='bbox 3561 5017 3635 5075; x_wconf 89' lang='lat' dir='ltr'><strong>Et</strong></span> <span class='ocrx_word' id='word_1_792' title='bbox 3657 5016 3730 5074; x_wconf 87' lang='lat' dir='ltr'><strong>ita</strong></span> <span class='ocrx_word' id='word_1_793' title='bbox 3756 5017 3848 5076; x_wconf 90' lang='lat' dir='ltr'><strong>illa</strong></span> <span class='ocrx_word' id='word_1_794' title='bbox 3871 5035 3996 5077; x_wconf 90' lang='lat' dir='ltr'><strong>sen-</strong></span> 
     </span>
     <span class='ocr_line' id='line_1_108' title="bbox 2411 5102 3996 5181; baseline 0.002 -17"><span class='ocrx_word' id='word_1_795' title='bbox 2411 5107 2576 5165; x_wconf 86' lang='lat' dir='ltr'><strong>tentia</strong></span> <span class='ocrx_word' id='word_1_796' title='bbox 2599 5105 2822 5164; x_wconf 83' lang='lat' dir='ltr'><strong>Glossae</strong></span> <span class='ocrx_word' id='word_1_797' title='bbox 2849 5103 2916 5163; x_wconf 90' lang='lat' dir='ltr'><strong>ab</strong></span> <span class='ocrx_word' id='word_1_798' title='bbox 2955 5104 3206 5162; x_wconf 89' lang='lat' dir='ltr'><strong>omnibus</strong></span> <span class='ocrx_word' id='word_1_799' title='bbox 3231 5102 3589 5177; x_wconf 87' lang='lat' dir='ltr'><strong>reprobatur,</strong></span> <span class='ocrx_word' id='word_1_800' title='bbox 3621 5106 3750 5181; x_wconf 89' lang='lat' dir='ltr'><strong>quia</strong></span> <span class='ocrx_word' id='word_1_801' title='bbox 3775 5108 3830 5165; x_wconf 88' lang='lat' dir='ltr'><strong>in</strong></span> <span class='ocrx_word' id='word_1_802' title='bbox 3870 5110 3996 5167; x_wconf 83' lang='lat' dir='ltr'><strong>iure</strong></span> 
     </span>
     <span class='ocr_line' id='line_1_109' title="bbox 2409 5194 3996 5267; baseline 0.001 -11"><span class='ocrx_word' id='word_1_803' title='bbox 2409 5214 2516 5255; x_wconf 92' lang='lat' dir='ltr'><strong>non</strong></span> <span class='ocrx_word' id='word_1_804' title='bbox 2543 5197 2705 5255; x_wconf 88' lang='lat' dir='ltr'><strong>habet</strong></span> <span class='ocrx_word' id='word_1_805' title='bbox 2728 5194 3162 5267; x_wconf 86' lang='lat' dir='ltr'><strong>fundamentum,</strong></span> <span class='ocrx_word' id='word_1_806' title='bbox 3197 5200 3252 5252; x_wconf 89' lang='lat' dir='ltr'><strong>et</strong></span> <span class='ocrx_word' id='word_1_807' title='bbox 3288 5200 3374 5253; x_wconf 86' lang='lat' dir='ltr'><strong>est</strong></span> <span class='ocrx_word' id='word_1_808' title='bbox 3401 5202 3596 5253; x_wconf 87' lang='lat' dir='ltr'><strong>contra</strong></span> <span class='ocrx_word' id='word_1_809' title='bbox 3628 5199 3996 5258; x_wconf 87' lang='lat' dir='ltr'><strong>consuetudi·</strong></span> 
     </span>
     <span class='ocr_line' id='line_1_110' title="bbox 2409 5284 3912 5363; baseline 0.001 -16"><span class='ocrx_word' id='word_1_810' title='bbox 2409 5304 2554 5363; x_wconf 89' lang='lat' dir='ltr'><strong>nem,</strong></span> <span class='ocrx_word' id='word_1_811' title='bbox 2576 5294 2632 5347; x_wconf 94' lang='lat' dir='ltr'><strong>et</strong></span> <span class='ocrx_word' id='word_1_812' title='bbox 2657 5294 2854 5345; x_wconf 88' lang='lat' dir='ltr'><strong>contra</strong></span> <span class='ocrx_word' id='word_1_813' title='bbox 2881 5285 3120 5360; x_wconf 83' lang='lat' dir='ltr'><strong>vigerem</strong></span> <span class='ocrx_word' id='word_1_814' title='bbox 3146 5284 3555 5344; x_wconf 87' lang='lat' dir='ltr'><strong>ecclesiasticae</strong></span> <span class='ocrx_word' id='word_1_815' title='bbox 3576 5286 3912 5361; x_wconf 84' lang='lat' dir='ltr'><strong>disciplinae.</strong></span> 
     </span>
    </p>
   </div>
  </div>
 </body>
</html>
