4325 6267
749 289 871 355 110
1574 264 1579 269 ’
2148 304 2348 355 unsa
2376 305 2454 353 11.

1241 431 1519 501 CAPUT
1564 431 1679 501 lX.

771 646 987 703 Utrum
1016 638 1114 698 lem
1140 639 1443 699 ,zatun-alis
1471 638 1679 713 obltyet
1705 642 1767 697 tn
1795 639 2172 696 conscientia.

1232 822 1265 885 S
1280 838 1320 884 u
1335 838 1389 883 m
1405 837 1459 883 m
1474 837 1507 883 a
1523 838 1555 884 r
1570 818 1589 881 i
1606 838 1646 883 n
1661 838 1715 883 ιιι

672 1025 723 1074 1.
752 1023 1051 1074 Potissimus
1075 1022 1157 1072 vel
1182 1020 1291 1071 fere
1318 1023 1499 1072 unicus
1522 1022 1734 1072 effectus
1754 1020 2029 1084 legis—2.
2056 1022 2160 1071 Lex
2180 1032 2268 1071 na-

747 1094 931 1143 turalis
959 1093 1154 1155 obligat
1180 1094 1232 1142 in
1268 1092 1736 1143 conscientia.—3.
1766 1091 1841 1141 An
1878 1092 2039 1141 omnis
2074 1091 2270 1154 obliga-

744 1164 819 1214 tio
842 1162 1047 1213 inducta
1073 1174 1165 1225 per
1190 1162 1272 1211 ius
1295 1162 1529 1211 naturale
1553 1162 1746 1223 obliget
1770 1161 1823 1210 in
1849 1160 2176 1211 conscicntia.
2198 1186 2269 1196 —

749 1234 803 1283 4.
845 1232 1143 1296 Aliquorum
1179 1230 1445 1281 distinctio
1478 1230 1541 1280 de
1577 1232 1690 1281 iure
1728 1231 1879 1293 legali
1914 1236 1967 1279 et
2004 1230 2182 1280 m'orali
2206 1229 2270 1279 ad

745 1302 957 1353 dubium
994 1300 1311 1352 solvendum.
1332 1301 1676 1365 -Ohligatio
1708 1300 1959 1350 naturalis
1999 1300 2051 1349 in
2096 1300 2269 1361 rigore

743 1384 943 1435 semper
968 1370 1166 1421 inducit
1191 1371 1549 1434 obligationem
1574 1371 1627 1419 in
1652 1370 2058 1419 conscientia.—
2082 1368 2133 1419 5.
2161 1369 2270 1431 Quo

741 1454 896 1491 sensu
922 1441 1169 1504 obligatio
1203 1441 1407 1490 moralis
1443 1453 1541 1490 non
1576 1440 1783 1489 inducat
1817 1439 2180 1501 obligationem
2218 1440 2270 1488 in

739 1510 1217 1561 conscientia.—·6.
1245 1510 1321 1559 An
1346 1511 1507 1560 omnis
1524 1510 1773 1572 obligatio
1796 1510 1849 1558 in
1866 1509 2178 1559 conscientia
2203 1510 2271 1559 sit

740 1580 953 1631 effectus
994 1580 1125 1643 legis
1160 1580 1570 1645 naturalis—7.
1610 1580 1737 1629 Huic
1768 1578 1929 1628 dubio
1964 1577 2178 1639 satisfit,
2216 1584 2269 1628 et

741 1651 993 1701 asseritur
1010 1685 1025 1711 ,
1055 1663 1153 1699 non
1177 1662 1373 1699 omnem
1396 1649 1759 1712 obligationem
1784 1648 1836 1696 in
1861 1648 2172 1698 conscientia
2193 1661 2273 1697 es-

744 1733 801 1770 se
828 1720 1173 1769 immediatum
1199 1718 1435 1768 effectum
1460 1725 1512 1768 et
1540 1731 1630 1782 per
1654 1730 1709 1768 se
1747 1718 1877 1780 legis
1914 1718 2182 1768 naturaliS.
2204 1744 2275 1755 -

742 1791 795 1840 8.
822 1790 933 1850 Quo
958 1802 1111 1839 sensu
1134 1789 1236 1838 dici
1262 1789 1450 1851 possit,
1476 1800 1673 1839 omnem
1692 1786 2055 1850 obligationem
2080 1787 2130 1836 in
2150 1798 2270 1837 con—

740 1858 957 1909 scientia
982 1872 1093 1909 esse
1118 1857 1355 1908 effectum
1380 1859 1510 1921 legis
1534 1858 1802 1909 naturalia.

756 2050 803 2101 t.
836 2044 1208 2116 Explicuimus
1237 2045 1501 2102 hactenus
1530 2051 1661 2101 natu
1688 2060 1801 2101 ram
1822 2086 1835 2109 ,
1866 2051 1920 2101 et
1938 2060 2141 2102 causas
2171 2060 2268 2103 seu

670 2134 951 2191 materiam
979 2134 1111 2207 legis
1140 2135 1431 2205 naturaliS,
1480 2136 1734 2209 sequitur
1772 2133 2067 2193 dicendum
2096 2136 2162 2192 de
2190 2135 2268 2192 es-

669 2223 903 2280 sectibus
937 2224 1087 2295 eius,
1132 2225 1269 2281 inter
1309 2240 1451 2298 quos
1498 2224 1828 2296 ‘potissimus
1864 2231 1952 2280 est
1990 2224 2269 2297 obligatio,

670 2312 755 2369 vel
786 2314 898 2370 lere
924 2314 1157 2381 unicus3
1188 2330 1315 2369 nam
1352 2315 1399 2370 si
1441 2330 1583 2386 quos
1624 2312 1756 2370 alios
1784 2313 1975 2381 habet,
2020 2312 2086 2370 ad
2124 2314 2273 2369 hunc

672 2402 1042 2460 reducuntur:
1077 2403 1242 2476 igitur
1280 2402 1347 2459 de
1398 2403 1502 2459 hac
1531 2402 1855 2477 obligatione
1882 2409 1938 2459 et
1964 2401 2125 2459 modo
2152 2402 2271 2458 eius

668 2491 961 2549 dicendum
990 2483 1095 2548 est.⁸

746 2586 802 2638 2.
847 2582 916 2637 Ει
954 2584 1125 2652 primo
1182 2580 1537 2638 statuendum
1575 2590 1702 2659 est,
1743 2580 1917 2655 legem
1967 2580 2272 2639 naturalem

614 2673 620 2681 '
671 2671 909 2745 obligare
931 2673 987 2727 in
1043 2670 1393 2728 conscientia.
1424 2673 1539 2728 Hoc
1565 2678 1653 2729 est
1677 2678 1895 2729 certum
1933 2670 2000 2727 de
2028 2671 2131 2729 fide
2152 2712 2168 2742 ,
2211 2676 2276 2727 ut

672 2762 912 2819 sentiunt
944 2759 1205 2833 theologi.
1260 2762 1330 2817 Et
1357 2764 1595 2817 sumitur
1621 2775 1687 2818 ex
1718 2761 1807 2818 illo
1834 2762 1988 2819 Paul.
2018 2763 2181 2819 Rom.
2211 2766 2269 2819 2:

679 2853 1047 2927 Quicumque
1092 2854 1221 2908 sine
1241 2848 1364 2924 leqe
1386 2850 1593 2925 (utique
1615 2850 1833 2925 scripta)
1844 2856 2264 2927 peccaverunt,

671 2942 801 2997 sine
827 2938 949 3012 leqe
972 2956 1016 3014 p
1038 2939 1303 3012 eribant,
1346 2940 1559 2997 scilicet
1596 2942 1725 3015 quia
1766 2941 2070 2999 naturalem
2100 2940 2272 3012 legem

673 3029 966 3086 violarunt.
1018 3031 1093 3085 De
1131 3043 1241 3102 qua
1278 3028 1587 3103 subiungit:
1620 3034 1824 3089 Gentes
1847 3074 1861 3098 ,
1900 3046 2053 3103 quae
2090 3028 2276 3103 legem

673 3135 789 3175 non
804 3118 1036 3186 habent,
1058 3118 1422 3176 naturaliter
1462 3135 1613 3192 quae
1633 3118 1777 3194 leqts
1788 3118 2271 3190 sanusne-iant...

670 3211 1067 3265 testimonium
1094 3207 1371 3265 reddente
1422 3208 1551 3265 illis
1592 3225 1657 3265 co
1668 3212 1963 3267 nscientta
1984 3212 2272 3284 ipsorum.

672 3298 829 3355 Ratio
859 3312 987 3354 vero
1027 3300 1077 3353 in
1108 3298 1293 3368 primis
1348 3304 1465 3367 est,
1498 3298 1624 3371 quia
1650 3299 1735 3355 lex
1776 3298 2041 3355 naturalis
2080 3303 2167 3355 est
2193 3298 2278 3353 lex

674 3388 802 3459 Dei,
845 3395 909 3444 ut
947 3394 1227 3444 ostensum
1292 3397 1396 3445 est.
1430 3387 1686 3445 Secundo
1712 3430 1728 3460 ,
1766 3392 1897 3461 quia
1924 3398 2007 3445 est
2033 3388 2277 3461 proxima

675 3477 863 3549 regula
891 3478 1191 3533 honestatis
1243 3477 1493 3547 moralis3
1530 3477 1671 3534 unde
1698 3478 1901 3536 malitia
1932 3477 2153 3535 moralis
2181 3493 2279 3549 per

674 3567 1069 3639 oppositionem
1098 3566 1165 3624 ad
1220 3568 1355 3623 hanc
1388 3568 1558 3639 legem
1598 3568 1883 3642 insurgere
1921 3567 2090 3638 solet,
2123 3575 2181 3623 et
2206 3566 2278 3622 ita

675 3654 927 3712 delinitur
950 3696 965 3725 ,
1006 3663 1303 3729 peccatum
1342 3672 1463 3711 esse
1516 3662 1703 3713 actum
1732 3662 1926 3714 contra
1956 3657 2129 3731 legem
2158 3658 2274 3727 θεὶς

678 3745 827 3817 quod
852 3742 979 3801 licet
1007 3746 1347 3819 Augustinus
1390 3751 1446 3801 et
1471 3744 1525 3803 d.
1556 3746 1788 3803 Thomas
1809 3746 2081 3819 explicent
2110 3747 2177 3805 de
2204 3747 2280 3803 le-

677 3848 745 3906 ge
773 3840 991 3890 aeterna
1010 3874 1023 3898 ,
1054 3842 1231 3891 tamen
1262 3837 1313 3891 in
1363 3836 1589 3893 materia
1619 3835 1751 3908 legis
1784 3836 2049 3901 naturalis
2077 3837 2128 3892 in
2160 3843 2280 3892 tan-

680 3930 797 3980 tum
828 3922 1031 3996 aliquid
1058 3932 1143 3981 est
1170 3932 1367 3981 contra
1404 3925 1577 3998 legem
1606 3934 1903 3999 aeternam,
1928 3929 1982 3981 in
2009 3935 2278 3999 quantum

679 4020 764 4069 εει
790 4020 980 4069 contra
1009 4016 1308 4085 rationem,
1345 4012 1562 4071 ut’idem
1582 4014 1638 4070 d.
1668 4014 1903 4071 Thomas
1932 4018 2100 4072 sensit
2136 4019 2185 4072 l.
2219 4021 2274 4089 2,

680 4119 737 4175 q.
775 4106 875 4171 71,
898 4109 1003 4160 art.
1039 4107 1092 4161 6.
1124 4103 1191 4159 ad
1221 4107 1286 4174 4,
1315 4109 1372 4160 et
1401 4110 1453 4161 5.
1486 4104 1618 4171 Quia
1644 4144 1659 4173 ,
1713 4110 1773 4159 ut
1806 4120 1974 4176 supra
2002 4104 2149 4175 dixi,
2189 4106 2275 4163 lex

681 4202 897 4249 aeterna
920 4193 1101 4266 quoad
1130 4209 1229 4249 nos
1258 4210 1361 4250 non
1388 4206 1471 4249 εει
1498 4195 1743 4266 proxima
1766 4194 1980 4268 regula,
2006 4196 2109 4251 nisi
2138 4212 2274 4268 qua-

632 4339 641 4347 ,
684 4287 843 4336 tenus
882 4282 1188 4353 explicatur
1229 4298 1325 4355 per
1374 4281 1549 4355 legem
1587 4283 1912 4341 naturalem.
1946 4270 2122 4357 Atq'ue
2153 4283 2278 4343 hinc

683 4370 773 4442 lit,
803 4375 867 4426 ut
894 4370 1032 4427 haec
1061 4370 1145 4427 lex
1172 4372 1225 4427 in
1256 4387 1355 4427 sua
1382 4371 1661 4429 latitudine
1702 4371 1942 4447 obligare
1968 4374 2141 4445 possit
2169 4380 2280 4431 tam

685 4460 789 4517 sub
815 4460 981 4532 culpa
1011 4461 1429 4534 mortali,quam
1458 4461 1561 4517 sub
1588 4462 1753 4533 culpa
1775 4462 1985 4529 veniali,
2002 4470 2066 4519 ut
2094 4471 2280 4536 aperte

684 4552 923 4607 sumitur
946 4566 1015 4606 ex
1054 4550 1151 4606 cit.
1182 4550 1305 4608 loco
1334 4549 1507 4621 Pauli,
1536 4558 1592 4607 et
1620 4550 1775 4607 facile
1804 4558 1981 4622 potest
2004 4552 2281 4611 inductio-

687 4656 757 4697 ne
786 4640 1021 4697 ostendi.
1053 4641 1209 4698 Ratio
1237 4656 1368 4697 vero
1396 4647 1512 4710 est,
1542 4643 1669 4713 quia
1699 4641 1921 4697 materia
1950 4640 2113 4698 buius
2140 4643 2278 4715 legis

684 4745 847 4802 saepe
891 4736 978 4787 est
1005 4728 1159 4786 valde
1198 4731 1379 4807 gravis
1404 4768 1419 4797 ,
1458 4735 1512 4785 et
1552 4731 1859 4786 necessaria
1888 4729 1958 4786 ad
1995 4732 2280 4788 caritatem

683 4819 775 4876 Dei
820 4817 903 4875 vel
937 4820 1166 4891 proximi
1196 4818 1513 4875 servandam
1536 4862 1551 4889 ,
1580 4826 1747 4893 atque
1786 4819 1919 4876 adeo
1952 4818 2017 4876 ad
2045 4821 2278 4877 felicita-

689 4917 795 4965 tem
827 4909 1115 4964 humanam
1152 4907 1623 4981 consequendam.
1653 4908 1877 4975 Quando
1906 4916 2091 4966 autem
2120 4926 2274 4983 prae-

686 5007 846 5071 cepta
876 4998 1039 5055 huius
1070 4998 1201 5053 iuris
1239 5014 1348 5055 uno
1380 4998 1462 5055 vel
1502 4998 1606 5054 alio
1646 4997 1805 5054 modo
1855 4998 2127 5071 obligent,
2173 5016 2278 5057 non

686 5096 898 5159 spectat
922 5089 988 5145 ad
1024 5089 1169 5145 hunc
1211 5088 1427 5159 locum,
1460 5088 1554 5145 sed
1585 5088 1635 5143 in
1664 5086 1993 5145 materia-de
2034 5091 2276 5162 peccatis

686 5179 1030 5254 declaratur,
1084 5179 1358 5253 quomodo
1387 5179 1590 5237 veniale
1618 5179 1702 5236 vel
1732 5179 1959 5237 mortale
1990 5188 2280 5253 peccatum

2331 446 2399 487 ex
2426 434 2623 485 natura
2651 429 2728 485 rei
2755 428 3206 502 distinguantur,
3235 433 3292 485 et
3329 428 3467 485 infra
3509 432 3808 487 tractantes
3846 428 3916 485 de

2334 517 2452 591 lege
2481 518 2718 575 humana
2747 517 2947 591 aliquid
2977 518 3329 592 attingemus.

2405 609 2609 665 Contra
2641 608 2778 665 hanc
2809 615 2990 665 autem
3007 610 3296 665 raritatem
3320 614 3503 680 potest
3527 608 3686 665 obiici
3715 609 3915 682 primo,

2333 697 2460 769 quia
2499 696 2582 753 lex
2623 696 2881 754 naturalis
2917 704 3004 753 est
3042 698 3316 755 dictamen
3357 700 3583 756 rationis
3624 699 3916 772 naturalis,

2333 783 2429 842 sed
2460 787 2602 843 ratio
2630 787 2888 843 naturalis
2915 802 3022 843 non
3051 788 3344 861 cognoscit
3365 794 3636 844 aeternam
3659 804 3909 861 poenam3

2333 894 2462 953 ergo
2492 896 2594 936 nec
2624 880 2710 937 lex
2735 878 2998 935 naturalis
3026 883 3204 950 potest
3224 876 3464 950 obligare
3485 877 3589 935 sub
3613 886 3766 935 reatu
3792 894 3924 949 poe·

2333 985 2433 1027 nae
2459 975 2750 1039 aeternae3
2781 983 2912 1040 ergo
2953 982 3054 1024 nec
3097 967 3201 1024 sub
3241 967 3404 1038 culpa
3443 967 3678 1024 mortali.
3724 970 3909 1025 Poste-

2336 1061 2447 1117 rior
2486 1060 2878 1131 consequentia
2924 1064 3109 1129 patet,
3153 1059 3280 1130 quia
3317 1057 3483 1129 culpa
3523 1056 3766 1113 mortalis
3803 1063 3910 1129 est,

2339 1164 2478 1223 quae
2519 1155 2730 1205 reatum
2771 1162 2973 1219 poenae
3015 1152 3263 1203 aeternae
3311 1146 3541 1203 inducit.
3585 1148 3740 1209 Prior
3783 1162 3914 1202 vero

2339 1238 2635 1310 probatur,
2665 1238 2795 1309 quia
2821 1252 2926 1291 non
2956 1241 3136 1307 potest
3170 1234 3254 1291 lex
3285 1235 3521 1309 obligare
3561 1235 3629 1292 ad
3657 1251 3909 1307 poenam,

2339 1343 2502 1401 quam
2532 1343 2641 1384 non
2671 1332 2852 1398 potest
2878 1324 3251 1393 manifestare,
3291 1340 3394 1381 nec
3433 1324 3656 1382 inferre.
3691 1327 3916 1398 Propter

2341 1417 2444 1473 hoc
2469 1418 2696 1473 Gerson.
2713 1416 2762 1472 in
2779 1420 2830 1472 3.
2861 1431 2914 1486 p.
2941 1421 3105 1471 tract.
3129 1412 3202 1471 de
3223 1416 3352 1471 vita
3377 1414 3684 1489 spirituali
3707 1415 3830 1471 lect.
3859 1420 3916 1487 4,

2339 1505 2566 1579 Alphab.
2603 1510 2668 1563 62
2699 1546 2714 1577 ,
2756 1505 2836 1562 lit.
2867 1506 2929 1562 G.
2963 1503 3176 1561 videtur
3203 1520 3400 1578 negare
3424 1545 3438 1569 ,
3485 1505 3658 1577 legem
3699 1513 3924 1562 natura·

2339 1597 2474 1665 lem,
2509 1602 2571 1652 ut
2599 1595 2718 1652 talis
2745 1601 2860 1664 est,
2891 1611 3048 1665 posse
3091 1594 3330 1667 obligare
3359 1592 3428 1651 ad
3453 1594 3672 1667 culpam
3701 1596 3915 1667 praeci-

2339 1703 2445 1759 pue
2485 1684 2786 1743 mortalem.
2830 1684 2930 1742 Sed
2969 1684 3036 1741 de
3077 1684 3242 1740 huius
3283 1684 3526 1741 auctoris
3569 1686 3836 1741 sententia
3869 1690 3924 1739 et

2339 1792 2504 1833 sensu
2533 1775 2780 1832 dicemus
2808 1772 2968 1831 latius
2998 1773 3084 1829 lib.
3117 1790 3235 1847 seq.
3266 1790 3390 1847 cap.
3419 1774 3603 1831 xvut.
3645 1775 3804 1831 Nunc
3837 1791 3927 1829 so-

2340 1865 2452 1923 lum
2499 1865 2759 1931 dicimus,
2805 1866 2994 1936 negari
3037 1878 3144 1919 non
3185 1879 3346 1935 posse
3394 1861 3698 1919 secundum
3738 1864 3919 1926 tidem,

2338 1955 2468 2027 quin
2493 1952 2854 2027 transgressio
2879 1953 3008 2027 legis
3029 1951 3292 2008 naturalis
3313 1951 3555 2009 sufficiat
3567 1953 3636 2010 ad
3650 1960 3927 2010 aeternam

2341 2044 2762 2114 damnationem,
2777 2042 2989 2099 etiamsi
3017 2042 3194 2099 omnis
3217 2041 3648 2113 supernaturalis
3673 2042 3756 2097 lex
3778 2042 3934 2113 igno-

2342 2138 2516 2190 retur.
2547 2134 2664 2189 1100
2705 2134 2849 2190 enim
2891 2134 3232 2189 convincunt
3269 2130 3638 2189 testimonium
3680 2132 3834 2188 Pauli
3874 2138 3936 2187 et

2342 2224 2574 2280 rationes
2605 2222 2892 2280 adductae.
2925 2224 3036 2279 Nec
3065 2222 3249 2279 obstat
3279 2221 3506 2278 obiectio
3531 2263 3547 2292 ,
3575 2222 3702 2294 quia
3731 2222 3814 2277 lex
3837 2237 3933 2277 na-

2341 2312 2532 2370 turalis
2563 2314 2688 2369 licet
2717 2314 2766 2369 in
2795 2313 2948 2369 nobis
2977 2312 3046 2368 sit
3075 2312 3188 2384 ipsa
3218 2312 3356 2368 ratio
3374 2352 3388 2380 ,
3421 2320 3600 2368 tamen
3629 2314 3683 2367 in
3711 2314 3822 2369 Deo
3847 2318 3935 2368 est

2340 2404 2484 2459 ratio
2513 2411 2612 2460 ant
2639 2402 2889 2459 voluntas
2930 2400 3112 2458 divina
3135 2442 3151 2472 ,
3190 2405 3247 2456 et
3285 2398 3406 2457 ideo
3449 2402 3582 2457 satis
3619 2407 3706 2457 εει
3729 2438 3746 2471 ,
3777 2400 3926 2473 quod

2342 2491 2489 2551 Deus
2515 2494 2632 2565 ipse
2660 2500 2960 2566 cognoscat
2987 2507 3216 2564 poenam
3243 2490 3480 2548 debitam
3508 2492 3930 2563 transgressori-

2341 2583 2447 2639 bus
2475 2583 2604 2640 talis
2627 2582 2780 2656 legis.
2805 2584 2938 2639 Nam
2961 2580 3029 2637 ad
3050 2579 3444 2638 incurrendum
3465 2586 3678 2635 reatum
3701 2576 3935 2635 alicuius

2342 2688 2546 2745 poenae
2573 2712 2589 2742 ,
2634 2688 2742 2729 non
2770 2680 2857 2729 est
2892 2670 3266 2728 necessarium
3296 2710 3310 2740 ‚
3349 2675 3414 2726 ut
3441 2668 3553 2741 ipse
3580 2668 3834 2725 subditus
3873 2676 3932 2725 et

2342 2768 2713 2835 transgressor
2759 2761 2890 2833 legis
2930 2766 3233 2834 cognoscat
3270 2774 3499 2832 poenam
3532 2758 3770 2815 debitam
3799 2774 3931 2815 suae

2341 2851 2780 2925 transgressioni,
2815 2849 2909 2906 sed
2937 2850 3066 2906 satis
3093 2856 3204 2921 est,
3228 2856 3290 2906 ut
3315 2848 3479 2905 saciat
3500 2854 3686 2905 actum
3711 2847 3934 2921 dignum

2324 2929 2434 2998 'tali
2462 2956 2658 3013 poena.
2687 2948 2745 2997 ut
2771 2940 2999 3012 ipsemet
3025 2939 3254 2995 Gerson.
3277 2926 3478 2995 satbtur
3499 2936 3696 2993 ibidem
3718 2936 3850 2993 lect.
3875 2942 3931 2994 2.

2418 3029 2672 3088 Secundo
2713 3028 2868 3085 obiici
2897 3034 3103 3100 potest,
3134 3028 3266 3101 quia
3294 3026 3376 3084 lex
3407 3026 3678 3083 naturalis
3715 3042 3822 3082 non
3849 3026 3930 3082 sa-

2344 3123 2429 3180 cit
2468 3119 2851 3193 obligatione-m
2871 3160 2887 3189 ,
2917 3116 3016 3174 sed
3052 3119 3344 3190 supponit,
3373 3133 3506 3189 ergo
3535 3116 3793 3189 obligatio
3822 3131 3930 3171 non

2343 3218 2430 3269 εει
2468 3211 2696 3266 effectus
2735 3209 2878 3265 eius.
2923 3207 3264 3264 Antecedens
3305 3213 3486 3279 patet,
3527 3220 3654 3263 nam
3682 3205 3818 3262 haec
3848 3204 3934 3262 lex

2345 3300 2595 3374 prohibet
2631 3297 2870 3371 aliquid,
2914 3296 3044 3370 quia
3085 3296 3289 3353 malum
3322 3304 3436 3368 est,
3467 3311 3600 3368 ergo
3630 3302 3756 3352 ante
3782 3296 3928 3351 illam

2344 3396 2440 3451 est.
2465 3388 2719 3463 obligatio
2759 3386 2964 3444 vitandi
3003 3388 3110 3444 tale
3152 3387 3377 3443 malum.
3409 3388 3480 3445 Et
3516 3386 3657 3443 idem
3683 3392 3769 3442 est
3798 3402 3929 3443 cum

2345 3478 2694 3552 proportione
2736 3476 2802 3533 de
2845 3477 3108 3548 imperio,
3150 3482 3208 3532 et
3247 3483 3540 3547 praecepto
3579 3474 3808 3532 faciendi
3833 3476 3934 3531 bo·

2345 3584 2506 3629 num.
2531 3568 2662 3640 quia
2685 3567 2890 3623 bouum
2911 3573 3016 3622 est.
3050 3564 3131 3622 Ad
3161 3566 3268 3621 hoc
3295 3580 3426 3622 vero
3447 3579 3514 3621 ex
3537 3571 3686 3635 parte
3711 3580 3936 3635 respon-

2347 3674 2469 3714 sum
2492 3664 2577 3713 est
2597 3671 2787 3729 supra,
2811 3662 2866 3710 et
2886 3658 3086 3711 iterum
3107 3662 3440 3711 occurretur
3461 3654 3706 3719 inferius,
3729 3661 3786 3710 et
3809 3654 3934 3711 ideo

2349 3763 2497 3804 nunc
2539 3746 2774 3802 breviter
2815 3744 2975 3815 dico,
3005 3743 3372 3801 obiectionem
3413 3744 3558 3800 illam
3585 3744 3818 3816 probare
3845 3759 3932 3799 as-

2349 3837 2668 3895 sertionem.
2699 3838 2866 3907 Nam,
2891 3837 2936 3889 si
2973 3835 3057 3892 lex
3097 3834 3231 3890 haec
3276 3834 3527 3905 prohibet
3551 3833 3776 3907 aliquid,
3805 3835 3936 3907 quia

2348 3928 2552 3985 malum
2574 3968 2588 3997 ,
2612 3926 2885 3999 propriam
2908 3931 2964 3981 ει
2991 3924 3286 3996 specialem
3305 3924 3688 3981 necessitatem
3716 3922 3933 3979 inducit

2350 4018 2554 4074 vitandi
2585 4015 2742 4087 illud,
2768 4017 2902 4088 quia
2927 4015 3032 4071 hoc
3061 4014 3423 4070 intrinsecum
3449 4020 3534 4069 est
3560 4012 3928 4086 prohibitioni.
3949 4082 3962 4095 υ

2350 4106 2522 4165 Simul
2551 4113 2732 4163 autem
2765 4105 2983 4176 probat,
3011 4103 3211 4176 aliquid
3241 4104 3380 4160 hanc
3409 4104 3583 4177 legem
3605 4118 3936 4176 supponere,

2351 4196 2500 4271 quod
2529 4198 2766 4267 pertinet
2793 4194 2862 4250 ad
2885 4192 3242 4251 intrinsecum
3263 4193 3506 4250 debitum
3527 4198 3779 4263 naturae,
3801 4194 3932 4264 quia

2354 4300 2716 4359 unaquaeque
2742 4299 2832 4341 res
2855 4282 3261 4356 quodammodo
3281 4282 3378 4339 sibi
3400 4283 3558 4340 debet
3573 4324 3588 4353 ,
3613 4288 3677 4337 ut
3697 4280 3830 4338 nihil
3850 4281 3930 4338 fa-

2354 4380 2464 4433 ciat
2491 4390 2623 4431 suae
2653 4380 2882 4430 naturae
2908 4372 3340 4431 dissentaneum.
3372 4374 3522 4430 Ultra
3550 4373 3652 4429 hoc
3683 4388 3813 4429 vero
3840 4371 3935 4428 de-

2351 4467 2524 4539 bitum
2555 4465 2703 4524 addit
2732 4465 2816 4523 lex
2845 4465 3136 4535 specialem
3167 4463 3546 4536 obligationem
3571 4461 3853 4531 moralem,
3878 4467 3938 4518 et

2353 4556 2494 4613 hanc
2524 4556 2760 4613 dicimus
2787 4569 2909 4611 esse
2935 4552 3195 4609 effectum
3225 4551 3389 4609 huius
3428 4552 3562 4624 legis
3581 4592 3600 4624 ,
3627 4567 3770 4624 quae
3798 4567 3828 4607 a
3854 4551 3939 4607 iu-

2352 4646 2620 4718 risperitis
2661 4643 2802 4702 solet
2829 4644 3012 4699 vocari
3043 4641 3304 4715 obligatio
3332 4640 3633 4713 naturalis,
3665 4657 3774 4697 non
3801 4641 3933 4713 quia

2351 4735 2565 4791 moralis
2605 4750 2711 4790 non
2755 4736 2860 4803 sit,
2905 4730 3000 4788 sed
3044 4740 3108 4787 ut
3145 4730 3478 4803 distinguant
3517 4729 3660 4785 illam
3699 4746 3730 4785 a
3757 4729 3925 4787 civili.

2349 4824 2504 4883 Unde
2531 4824 2691 4879 etiam
2720 4822 2991 4894 fatentur,
3015 4836 3138 4877 esse
3159 4820 3538 4894 obligationem
3561 4822 3616 4877 in
3643 4820 3930 4876 conscien-

2352 4915 2457 4984 tia,
2490 4922 2545 4969 et
2577 4914 2651 4985 ita
2677 4912 2821 4970 illam
2851 4906 3157 4984 appellant,
3191 4918 3254 4967 ut
3291 4910 3472 4968 videre
3497 4910 3628 4968 licet
3652 4912 3706 4967 in
3734 4910 3925 4979 Glossa

2350 5003 2386 5059 l.
2431 5019 2506 5060 ex
2545 5004 2653 5059 Ιιοε
2692 5004 2852 5067 iure,
2885 4990 3054 5057 verbo
3081 4999 3530 5074 obliqationem,
3567 5000 3622 5056 ff.
3655 5000 3724 5057 de
3750 5002 3928 5056 instit.

2349 5102 2406 5151 ει
2431 5094 2581 5165 iure,
2611 5090 2907 5149 Panormit.
2939 5096 2994 5147 et
3019 5091 3138 5147 aliis
3163 5092 3468 5149 canonistis
3499 5090 3552 5148 in
3580 5106 3704 5164 cap.
3735 5090 3924 5147 Pleri-

2350 5200 2474 5259 que,
2508 5183 2575 5242 de
2605 5183 2878 5240 immunit.
2909 5180 3114 5239 eccles.
