4325 6267
808 312 931 379 180

727 471 849 528 gem
878 454 1073 509 habere
1104 458 1429 523 potestatem
1461 450 1823 507 universalem
1867 449 1933 506 ad
1965 447 2216 505 ferendas
2247 446 2322 503 le·

729 563 823 617 ges
871 543 1055 601 civiles
1102 542 1399 615 obligantes
1448 544 1765 598 universum
1816 539 2023 596 orbem.
2068 537 2321 593 Rationes

725 636 867 691 enirn
906 634 1078 689 iactae
1116 630 1179 686 de
1217 632 1543 701 imperatore
1586 644 1837 696 romano,
1866 628 1933 684 de
1962 641 2319 699 quocumque

729 725 829 780 alio
860 738 1007 795 rege,
1038 720 1119 777 vel
1148 721 1387 791 principe
1417 720 1655 777 humano
1685 718 1995 789 procedunt
2024 716 2214 773 maiori
2243 714 2321 771 es-

726 814 937 877 ficacia.
974 814 1159 883 Neque
1186 810 1333 866 ullus
1364 817 1561 866 auctor
1586 816 1693 879 est,
1718 809 1812 881 qui
1839 808 1907 865 de
1936 807 2041 865 alio
2074 807 2320 880 principe

726 908 877 959 extra
907 916 1187 957 romanum
1215 902 1595 970 imperatorem
1626 897 1679 954 id
1710 897 2067 969 cogitaverit,
2098 896 2224 969 quia
2252 895 2320 951 de

732 992 960 1047 caeteris
1006 988 1153 1045 nulla
1193 1004 1313 1045 esse
1354 990 1529 1060 potuit
1565 987 1891 1059 suspicionis
1940 986 2150 1041 umbra.
2207 988 2316 1041 Nec

732 1097 862 1137 vero
892 1096 989 1151 pro
1017 1080 1344 1149 imperatore
1368 1094 1593 1133 romano
1608 1076 1911 1149 quidquam
1936 1076 2320 1146 iaciunt,quae

732 1170 1099 1243 exevangelio
1128 1168 1450 1224 afferuntur.
1482 1168 1615 1222 Nam
1646 1166 1694 1219 in
1726 1165 1912 1237 primis
1938 1164 1986 1221 in
2012 1163 2188 1219 verbis
2216 1166 2322 1219 Lu·

732 1277 831 1317 cae
861 1265 915 1317 2.
950 1258 1038 1315 illa
1067 1256 1340 1329 particula
1376 1259 1681 1312 universus
1716 1254 1874 1311 orbis
1916 1268 2021 1309 non
2058 1253 2324 1327 significat

733 1352 1049 1409 universum
1072 1354 1252 1405 terrae
1278 1347 1564 1415 ambitum,
1590 1351 1687 1401 aut
1714 1360 1903 1402 omnes
1934 1344 2202 1414 homines,
2227 1350 2324 1399 aut

733 1455 929 1513 regna,
959 1453 1099 1511 quae
1140 1437 1188 1491 in
1229 1435 1319 1492 illo
1360 1436 1903 1507 continentur3-quia
1948 1440 2188 1503 constat,
2219 1448 2321 1489 nec

734 1536 911 1586 totum
949 1528 1134 1583 orbem
1171 1527 1219 1581 in
1260 1526 1365 1581 hoc
1402 1540 1565 1581 sensu
1601 1524 1768 1581 fuisse
1804 1523 2178 1595 descriptum,
2221 1536 2321 1578 nec

732 1618 970 1675 edictum
998 1616 1241 1673 Caesaris
1280 1614 1509 1671 missum
1541 1614 1710 1670 fuisse
1747 1614 1811 1671 ad
1840 1613 2036 1685 ludos,
2078 1613 2162 1669 vel
2194 1612 2322 1669 alias

734 1714 953 1781 gentes,
987 1708 1036 1762 in
1075 1699 1277 1778 quibus
1314 1703 1618 1777 praefectos
1646 1710 1705 1760 et
1733 1702 2007 1775 praesides
2037 1705 2322 1774 Augustus

735 1814 842 1853 non
871 1795 1117 1851 habebat.
1151 1794 1493 1865 significatur
1518 1808 1651 1865 ergo
1680 1793 1747 1849 ibi
1778 1795 1995 1850 nomine
2036 1794 2204 1849 totius
2235 1809 2322 1849 or-

736 1888 817 1943 bis
846 1885 861 1959 (
889 1891 951 1943 ut
968 1900 1157 1941 omnes
1184 1882 1502 1955 exponunt)
1532 1898 1630 1955 per
1656 1881 2042 1957 synecdochen
2076 1898 2201 1953 pars
2238 1881 2325 1938 illa

737 1976 881 2033 orbis
917 1975 1210 2047 praecipua
1246 1978 1301 2027 et
1327 1971 1601 2027 notissima
1620 2012 1635 2043 ,
1666 1979 1721 2027 et
1747 1971 2007 2037 maxima,
2038 1972 2131 2026 cui
2160 1970 2326 2042 impe-

740 2072 945 2121 ratores
975 2063 1179 2119 romani
1208 2060 1619 2118 dominabantur
1645 2101 1660 2128 ,
1692 2066 1747 2116 et
1774 2076 1870 2132 per
1900 2052 2324 2117 antonomasiam

634 2168 639 2179 ·
737 2155 881 2211 orbis
919 2152 1235 2225 appellatur.
1260 2150 1388 2221 Vel,
1422 2158 1482 2207 ut
1505 2152 1581 2207 ait
1608 2150 1963 2225 Hieronymus
2000 2149 2048 2205 in
2079 2149 2200 2205 lsai.
2235 2153 2319 2207 13:

738 2243 973 2301 Idioma
1004 2248 1090 2299 est
1110 2232 1357 2297 sanctae
1380 2241 1745 2314 scripturae,
1770 2244 1837 2297 ut
1855 2254 2079 2296 omnem
2102 2243 2328 2295 terram

741 2334 853 2391 illa
878 2331 1165 2406 siqnificet
1181 2331 1515 2404 provincia,
1549 2328 1621 2385 de
1646 2344 1767 2403 qua
1794 2344 1982 2385 sermo
2009 2332 2113 2383 est.
2131 2329 2326 2384 Exem-

741 2425 827 2496 pla
854 2426 983 2479 sunt
1011 2420 1327 2493 frequentia,
1342 2417 1543 2475 Daniel.
1570 2423 1628 2490 2,
1654 2422 1708 2489 ⁴,
1734 2424 1789 2475 et
1819 2424 1873 2489 5,
1896 2424 1953 2473 et
1980 2433 2139 2489 saepe
2169 2417 2320 2473 alias.

738 2514 913 2571 Verba
942 2517 1123 2567 autem
1148 2509 1346 2566 Christi
1370 2524 1437 2563 ex
1466 2507 1571 2565 alio
1598 2508 1722 2565 loco
1752 2507 1919 2564 citata
1946 2506 2013 2564 ad
2046 2524 2325 2564 summum

741 2603 1001 2675 probant,
1030 2600 1246 2671 regibus
1286 2595 1540 2653 solvenda
1580 2613 1701 2655 esse
1740 2596 1938 2653 tributa
1976 2595 2189 2669 debita,
2222 2613 2324 2653 non

746 2708 873 2748 vero
900 2689 1166 2763 probant,
1198 2688 1289 2744 uni
1314 2686 1532 2742 Caesari
1560 2685 1819 2743 'debuisse
1856 2702 2043 2743 omnes
2081 2687 2326 2743 homines

744 2783 912 2840 totius
942 2778 1125 2835 mundi
1154 2776 1448 2848 tributum,
1478 2776 1573 2832 sed
1600 2792 1696 2831 eos
1726 2781 1961 2848 tantum,
1982 2778 2075 2849 qui
2096 2776 2170 2833 illi
2195 2776 2328 2834 sub-

743 2870 869 2927 iecti
895 2873 1067 2925 erant.
1100 2865 1285 2935 Addo,
1316 2879 1489 2936 neque
1517 2864 1585 2920 ibi
1607 2866 1861 2921 docuisse
1889 2865 2166 2923 Christum
2185 2908 2200 2937 ,
2226 2868 2326 2923 im-

714 2962 957 3033 ·perium
982 2956 1229 3013 Caesaris
1265 2955 1317 3009 in
1351 2953 1579 3011 ludaeos
1616 2955 1781 3024 [uisse
1818 2957 2117 3030 legitimum
2154 2966 2210 3014 et
2245 2960 2329 3013 iu-

747 3058 921 3118 stum,
955 3062 1077 3103 nam
1106 3046 1171 3101 ab
1196 3060 1261 3099 ea
1282 3045 1598 3116 quaestione
1620 3045 1902 3117 abstinuit,
1925 3048 2329 3122 generatimque

744 3138 1042 3211 respondit,
1068 3134 1399 3193 reddendum
1427 3150 1547 3191 esse
1574 3137 1821 3206 Caesari,
1845 3137 1992 3210 quod
2019 3140 2068 3193 ei
2096 3137 2332 3195 debeba-

746 3239 869 3296 tur,
900 3228 953 3285 id
986 3232 1071 3283 est
1096 3226 1139 3281 si
1165 3223 1300 3298 quid
1334 3224 1380 3280 ei
1414 3224 1675 3297 debetur,
1707 3227 1787 3282 vel
1828 3226 1975 3301 quod
2012 3228 2061 3282 ei
2101 3227 2332 3284 debetur

748 3324 867 3379 iure
904 3324 999 3376 aut
1034 3318 1197 3373 iacto.
1229 3316 1388 3384 Nam,
1428 3320 1488 3370 ut
1524 3315 1661 3372 bene
1696 3318 1771 3372 ait
1810 3320 1938 3374 Soto
1980 3317 2101 3374 loco
2140 3318 2329 3391 citato,

746 3411 994 3469 Christus
1024 3406 1202 3463 solum
1229 3405 1314 3461 ius
1344 3413 1590 3476 naturae,
1615 3422 1718 3461 non
1748 3407 2023 3478 peculiare
2042 3408 2125 3463 ius
2147 3423 2330 3464 roma-

748 3516 944 3557 norum
973 3498 1361 3568 imperatorum
1392 3492 1703 3551 declaravit.
1738 3496 1803 3552 Et
1831 3496 1952 3553 ideo
1983 3496 2111 3553 licet
2136 3513 2204 3553 ex
2233 3496 2332 3554 illis

751 3590 925 3647 verbis
956 3593 1105 3644 recte
1133 3584 1423 3657 colligatur
1453 3584 1697 3656 legitimis
1720 3586 2054 3657 principibus
2076 3588 2336 3643 solvenda

752 3694 873 3737 esse
912 3680 1059 3732 iusta
1097 3674 1340 3743 tributa3
1387 3671 1728 3730 nihilominus
1774 3673 1895 3731 inde
1941 3692 2048 3733 non
2092 3684 2329 3749 constat,

748 3767 911 3843 quale
938 3764 1099 3821 suerit
1127 3762 1210 3819 ius
1230 3763 1615 3832 imperatorum
1636 3767 2057 3839 romanorumjn
2082 3764 2330 3822 Iudaeos.

751 3855 905 3916 Unde
932 3852 1055 3910 licet
1082 3850 1459 3924 admittamus,
1490 3851 1653 3908 l'uisse
1682 3852 1973 3925 legitimum
2018 3858 2180 3929 (quia
2207 3855 2336 3913 licet

756 3960 951 4020 magna
993 3958 1058 3999 ex
1105 3945 1254 4013 parte
1299 3956 1394 4012 per
1443 3939 1777 4016 tyrannidem
1823 3944 2114 4016 inceperit,
2145 3953 2334 4017 postea

756 4032 1098 4093 nihilominus
1118 4032 1477 4087 consensione
1498 4032 1848 4105 populorum,
1871 4040 1927 4089 et
1948 4033 2186 4106 legitima
2209 4052 2338 4092 suc·

756 4126 1036 4193 cessione,
1079 4121 1158 4178 vel
1196 4120 1455 4177 electione
1495 4136 1525 4177 a
1562 4120 1791 4177 subditis
1828 4130 2111 4195 acceptata
2158 4126 2336 4181 firma-

758 4225 875 4274 tum
905 4214 1048 4285 est),
1087 4226 1365 4283 nunquam
1405 4217 1585 4266 tamen
1622 4212 1673 4267 in
1718 4218 1889 4269 totum
1928 4215 2113 4270 orbem
2148 4214 2335 4271 dilata-

752 4314 872 4363 tum
900 4309 1003 4361 est.

836 4400 889 4451 6.
919 4394 1133 4448 Tertius
1163 4406 1358 4447 sensus
1388 4390 1531 4447 illius
1559 4396 1851 4449 sententiae
1880 4409 1998 4450 esse
2027 4404 2241 4467 posset,
2277 4402 2337 4452 ut

759 4482 947 4540 saltem
985 4482 1275 4553 imperator
1304 4480 1637 4537 christianus
1680 4480 1872 4540 habeat
1908 4484 2332 4541 iurisdictionem

757 4573 894 4629 hanc
940 4569 1299 4625 universalem
1336 4569 1403 4626 ad
1444 4569 1692 4627 ferendas
1735 4571 1881 4645 leges
1922 4573 2105 4630 civiles
2132 4576 2186 4630 in
2217 4574 2338 4630 uni·

756 4676 977 4717 versum
1018 4660 1377 4715 christianum
1420 4660 1638 4733 orbem,
1682 4678 1777 4718 seu
1810 4664 1861 4717 in
1894 4664 2200 4720 universam
2231 4666 2334 4720 Ec-

756 4750 999 4819 clesiam,
1026 4747 1357 4820 ubicumque
1380 4748 1541 4804 suerit
1568 4749 1783 4806 diffusa.
1808 4752 1978 4819 Quam
2006 4753 2337 4810 iurisdictio-

758 4853 877 4893 nem
907 4836 1177 4906 habuerit,
1211 4852 1314 4891 non
1343 4836 1459 4893 iure
1488 4837 1635 4910 belli,
1666 4846 1761 4895 aut
1787 4840 2100 4912 electionis,
2132 4843 2226 4900 sed
2256 4844 2334 4899 in-

756 4925 1034 4983 stitutione
1055 4924 1262 4981 romani
1285 4927 1583 4997 Pontificis,
1608 4934 1665 4985 et
1686 4936 1873 5000 postea
1897 4946 1993 5000 per
2012 4932 2331 4990 electionem

754 5016 1049 5089 legitimam
1076 5015 1225 5070 iuxta
1255 5016 1418 5071 ritum
1448 5016 1516 5071 ab
1544 5016 1731 5074 eadem
1754 5018 1892 5075 Sede
1912 5022 2216 5092 apostolica
2244 5039 2334 5079 or-

754 5106 1018 5162 dinatum.
1062 5105 1131 5160 Et
1177 5103 1264 5159 hic
1306 5120 1500 5160 sensus
1542 5106 1707 5163 videri
1749 5115 1929 5179 potest
1968 5105 2328 5168 verisimilior.

754 5196 952 5265 Primo,
982 5194 1107 5267 quia
1136 5192 1253 5249 iura
1281 5194 1545 5251 canonica
1574 5196 1677 5252 hoc
1708 5197 2333 5272 indicant3constituunt

2181 322 2379 371 LIBER
2409 322 2486 371 ln
2496 352 2510 370 .

2391 448 2532 502 enim
2576 448 2891 503 Pontificem
2929 454 2983 504 et
3024 448 3402 520 imperatorem
3449 456 3704 521 tanquam
3737 447 3852 505 duo
3883 466 3982 505 su-

2389 552 2574 607 prema
2613 539 2791 609 capita
2832 538 3139 609 Ecclesiae,
3185 554 3356 595 unum
3385 538 3437 593 in
3469 540 3848 610 spiritualibus
3869 582 3884 608 ,
3915 551 3977 597 et

2390 625 2555 683 alium
2601 626 2651 682 in
2694 626 3105 698 temporalibus.
3151 628 3302 686 Unde
3343 629 3392 683 in
3437 645 3562 700 cap.
3607 628 3862 696 Solitae,
3911 632 3982 687 dc

2393 716 2582 771 maior.
2613 722 2671 772 et
2701 715 3026 784 obedientia,
3058 724 3449 789 comparantur
3473 716 3582 773 Soli
3609 724 3664 773 et
3693 721 3894 789 Lunae,
3917 726 3980 775 et

2391 807 2442 861 in
2472 808 2647 876 capite
2665 809 2813 871 Duo,
2845 809 2935 863 96.
2964 805 3091 862 dist.
3118 806 3356 863 mundus
3385 805 3584 863 dicitur
3613 807 3985 879 principaliter

2392 896 2504 966 regi
2535 896 2858 951 auctoritate
2887 911 3048 951 sacra
3075 896 3398 952 Pontificum
3427 904 3486 952 et
3507 897 3653 969 regia
3676 901 3968 967 potestate.

2392 983 2542 1041 Unde
2575 985 2938 1059 Hieronymus
2966 999 3088 1057 cap.
3122 988 3198 1041 In
3225 984 3458 1060 apibus,
3498 987 3554 1056 7,
3584 1002 3639 1057 q.
3682 995 3729 1051 t,
3753 988 3805 1041 in
3831 986 3980 1041 omni

2391 1072 2575 1129 ordine
2616 1072 2750 1131 dicit
2777 1090 2897 1130 esse
2926 1074 3122 1131 debere
3151 1076 3446 1147 principem
3478 1092 3672 1147 unum,
3702 1083 3759 1131 et
3785 1076 3970 1134 subdit

2389 1166 2719 1236 imperator
2755 1180 2928 1219 tonus.
2972 1162 3222 1221 Secundo
3263 1164 3446 1222 favent
3473 1168 3595 1222 iura
3621 1166 3799 1222 civilia
3826 1168 3974 1223 chri-

2391 1252 2692 1308 stianorum
2736 1253 3158 1325 imperatorum,
3201 1269 3325 1309 nam
3367 1257 3420 1311 in
3463 1256 3568 1328 leg.
3603 1262 3659 1313 2.
3701 1256 3768 1311 de
3811 1256 3981 1312 veteri

2393 1343 2508 1401 iure
2537 1342 2721 1399 enucl.
2757 1344 2806 1399 in
2839 1344 2940 1399 fine
2983 1345 3054 1399 ait
3084 1344 3443 1401 Iustinianus:
3482 1347 3680 1403 Tertia
3703 1362 3847 1419 pars
3891 1351 3978 1401 to-

2395 1436 2513 1490 tius
2557 1433 2763 1491 mundi
2791 1436 3047 1490 accrevit
3074 1434 3238 1491 nobis
3255 1452 3276 1502 ,·
3301 1440 3432 1509 post
3461 1440 3770 1510 Europam
3796 1438 3974 1501 enim,

2391 1528 2447 1581 et
2483 1526 2722 1589 Asiam,
2773 1527 2898 1580 tota
2937 1524 3126 1598 Libya
3167 1528 3366 1580 nostro
3403 1528 3652 1600 imperio
3691 1525 3986 1582 adiuncta

2390 1618 2494 1670 est.
2541 1612 2692 1671 Unde
2720 1614 2772 1669 in
2801 1613 2836 1669 l.
2871 1629 3002 1669 cum
3044 1610 3265 1680 multa,
3300 1614 3363 1670 C.
3393 1614 3460 1670 de
3489 1614 3618 1671 bon.
3651 1631 3794 1687 quae
3819 1615 3976 1671 liber.

2393 1701 2762 1776 imperialis,
2817 1702 3024 1775 inquit,
3047 1699 3312 1774 fortuna
3359 1718 3556 1759 onznes
3594 1707 3986 1778 supereminet

2393 1791 2575 1849 alias.
2601 1794 2669 1847 Et
2690 1793 2740 1846 in
2765 1792 3148 1863 Extravaganti
3171 1790 3269 1848 Ad
3286 1791 3740 1866 reprimendum,
3763 1794 3814 1850 in
3836 1794 3982 1866 prin-

2394 1881 2566 1953 cipio:
2610 1884 2946 1938 Romanum
2983 1882 3328 1954 imperium,
3378 1884 3486 1953 ait,
3525 1884 3589 1937 in
3625 1884 3790 1938 cuius
3816 1887 3983 1939 tran-

2392 1969 2689 2043 quillitate
2724 1973 2900 2026 totius
2927 1970 3083 2025 orbis
3113 1970 3338 2045 (utique
3359 1970 3632 2029 christiani
3651 1970 3668 2044 )
3688 1970 3980 2045 requiam·-

2393 2068 2490 2123 las
2527 2064 2856 2134 requiescit.
2899 2060 3078 2117 Tertio
3116 2060 3380 2118 suadetur
3416 2062 3522 2119 hoc
3561 2062 3820 2133 maxime,
3851 2064 3978 2136 quia
4017 2128 4020 2131 ⁴

2395 2156 2634 2215 constat,
2662 2152 3062 2222 imperatoriam
3083 2150 3417 2222 dignitatem,
3444 2160 3507 2208 ut
3528 2167 3672 2207 nunc
3693 2156 3778 2207 est
3797 2153 3850 2206 in
3873 2152 3980 2207 Ec-

2395 2239 2558 2295 clesia
2577 2280 2592 2311 ,
2631 2255 2662 2294 a
2691 2241 2922 2295 summis
2949 2238 3304 2296 Pontificibus
3330 2256 3452 2296 esse
3480 2240 3801 2309 institutam,
3830 2248 3978 2296 etex

2397 2330 2448 2383 vi
2473 2328 2613 2385 illius
2647 2329 2998 2401 imperatores
3031 2344 3152 2385 esse
3173 2345 3338 2401 supra
3361 2345 3550 2385 omnes
3579 2344 3733 2401 reges
3761 2338 3815 2385 et
3835 2332 3980 2401 prin-

2395 2421 2544 2489 cipes
2571 2418 2883 2486 Ecclesiae;
2913 2434 3048 2492 ergo
3070 2417 3232 2475 babet
3254 2418 3684 2476 iurisdictionem
3707 2428 3980 2491 tempora-

2395 2505 2499 2563 lem
2531 2507 2581 2562 in
2618 2514 2784 2563 totam
2813 2508 3141 2565 Ecclesiam.
3173 2509 3338 2565 Maior
3367 2516 3516 2580 patet
3538 2526 3604 2565 ex
3635 2510 3980 2566 translatione
4061 2540 4066 2543 ·

2393 2597 2627 2668 imperii,
2657 2613 2798 2669 quae
2829 2613 2860 2653 a
2885 2599 3108 2655 Graecis
3136 2598 3204 2655 ad
3235 2600 3529 2657 Germanos
3553 2614 3648 2670 per
3669 2588 3979 2655 Pontificem

2398 2701 2682 2742 romanum
2723 2686 2866 2743 iacta
2901 2695 3016 2758 est,
3051 2694 3112 2743 ut
3138 2696 3352 2745 constat
3380 2704 3443 2744 ex
3473 2688 3734 2745 Clement.
3765 2692 3982 2745 Roma-

2395 2778 2474 2841 ni,
2495 2776 2562 2833 de
2584 2776 2926 2833 iureiur.·ubi
2950 2780 3110 2833 etiam
3132 2778 3364 2847 dicitur,
3387 2780 3770 2849 imperatorem
3791 2794 3821 2833 a
3843 2779 3983 2835 Pon-

2399 2866 2536 2922 tiflce
2575 2867 2824 2937 accipere
2867 2867 3314 2939 approbationem
3335 2907 3351 2935 ,
3387 2868 3730 2937 unctionem,
3761 2883 3984 2924 conser-

2399 2957 2664 3011 vationem
2683 2961 2737 3012 et
2756 2957 3185 3012 coronationem.
3213 2954 3360 3018 idem
3384 2957 3620 3014 sumitur
3643 2973 3706 3013 ex
3733 2973 3854 3029 cap.
3878 2960 3985 3013 Ve-

2398 3043 2752 3111 nerabilem,
2795 3044 2864 3101 de
2899 3045 3197 3115 electione,
3241 3047 3330 3102 ubi
3365 3048 3526 3103 etiam
3553 3046 3754 3103 dicitur
3781 3047 3986 3104 electo—

2401 3150 2487 3189 res
2517 3134 2726 3206 imperii
2755 3151 2786 3191 a
2815 3134 2952 3191 Sede
2979 3136 3272 3207 apostolica
3300 3136 3503 3194 habere
3533 3138 3616 3194 ius
3643 3136 3894 3210 eligendi,
3924 3143 3984 3194 et

2399 3223 2586 3279 Glossa
2615 3223 2683 3280 ibi
2713 3223 2876 3279 verbo
2904 3228 2970 3281 in
3001 3229 3350 3292 Germanos,
3387 3224 3565 3283 addit:
3595 3230 3698 3284 Sic
3723 3242 3858 3299 erqo
3893 3240 3984 3282 re-

2399 3328 2580 3387 qnum
2623 3312 2836 3369 mundi
2876 3312 3246 3371 translatum
3285 3322 3372 3372 est
3408 3314 3493 3373 ad
3529 3318 3894 3381 Teutonicum
3929 3322 3989 3371 et

2401 3400 2525 3467 alia,
2555 3418 2696 3475 quae
2725 3402 2832 3459 late
2863 3404 3241 3478 prosequitur,
3270 3406 3530 3475 sentiens,
3561 3421 3627 3462 ex
3661 3411 3792 3461 tunc
3819 3404 3990 3475 impes

2405 3499 2614 3549 ratores
2652 3493 2883 3550 Orientis
2926 3509 3032 3549 non
3077 3492 3244 3550 fuisse
3273 3508 3398 3550 vere
3427 3495 3800 3566 imperatores.
3830 3492 3984 3552 Unde

2405 3582 2672 3652 probatur
2691 3584 3080 3656 consequentia
3103 3583 3263 3655 primi
3283 3585 3590 3657 argumenti
3613 3598 3742 3640 cum
3767 3584 3982 3655 minori,

2404 3672 2531 3744 quia
2571 3672 2788 3729 seclusa
2828 3672 3203 3730 iurisdictione
3225 3716 3240 3745 ,
3283 3681 3338 3731 et
3361 3674 3640 3744 dominio,
3672 3672 3798 3729 nihil
3826 3672 3987 3729 habet

2402 3759 2635 3834 dignitas
2666 3763 3038 3834 imperatoria,
3072 3764 3124 3819 iu
3153 3780 3264 3837 quo
3295 3763 3497 3837 regiam
3525 3763 3778 3821 excellat.

2485 3852 2536 3908 7.
2567 3850 2921 3909 Nihilominus
2961 3852 3250 3910 dicendum
3279 3859 3385 3922 est,
3415 3855 3574 3910 etiam
3604 3853 3658 3910 in
3683 3852 3788 3909 boc
3817 3869 3984 3909 sensu

2401 3941 2785 4012 imperatorem
2815 3957 3098 3998 romanum
3129 3958 3234 3998 non
3264 3942 3461 3999 habere
3481 3948 3803 4015 potestatem
3827 3942 3987 4015 legis-

2407 4032 2622 4086 lativam
2653 4032 2702 4087 in
2740 4036 2908 4087 totam
2937 4032 3270 4096 Ecclesiam,
3302 4048 3404 4089 nec
3433 4032 3854 4089 iurisdictionem
3885 4034 3985 4088 im-

2406 4120 2690 4177 mediatam
2728 4122 2780 4176 in
2819 4138 3006 4177 omnes
3045 4122 3321 4178 Ecclesiae
3359 4122 3693 4194 provincias,
3731 4136 3872 4194 quae
3914 4120 3983 4177 ad

2403 4208 2511 4265 hoc
2542 4209 2799 4266 sufficiat.
2833 4209 3100 4267 Probatur
3129 4210 3300 4283 primo
3328 4211 3397 4268 de
3421 4216 3533 4268 toto
3553 4211 3775 4283 imperio
3795 4210 3986 4267 Orien·

2405 4301 2497 4365 tis,
2528 4306 2694 4371 prout
2719 4299 2822 4357 suit
2848 4300 2952 4357 sub
2980 4301 3392 4372 imperatoribus
3417 4302 3630 4375 graecis
3655 4307 3713 4357 et
3735 4302 3986 4358 christia-

2406 4390 2488 4443 nis
2528 4395 2653 4459 post
2679 4389 3084 4446 translationem
3111 4390 3315 4463 imperii
3342 4389 3696 4447 occidentalis
3723 4390 3788 4446 ad
3817 4393 3981 4448 Grae-

2403 4496 2520 4537 cos.
2547 4482 2685 4536 Nam
2716 4480 2887 4550 Irene,
2917 4495 3058 4553 quae
3087 4486 3219 4538 tunc
3248 4480 3570 4551 imperabat,
3604 4487 3728 4552 post
3755 4496 3986 4538 corona·

2407 4573 2606 4627 tionem
2645 4571 2822 4627 Caroli
2861 4570 3201 4642 imperatoris
3247 4570 3522 4627 orientalis
3563 4572 3792 4643 mansit,
3833 4578 3890 4628 et
3913 4571 3985 4627 ad

2403 4660 2547 4717 illam
2578 4660 2816 4718 Pontifex
2843 4667 2899 4717 et
2924 4660 3154 4717 Carolus
3184 4659 3392 4734 legatos
3421 4660 3685 4718 miserunt
3705 4660 3770 4718 ad
3791 4677 3986 4732 pacem

2403 4752 2544 4808 inter
2577 4758 2874 4823 utrumque
2904 4750 3188 4822 imperium
3219 4750 3678 4808 conservandum.
3703 4752 3774 4807 Et
3792 4768 3987 4824 quam-

2408 4842 2486 4896 vis
2517 4847 2706 4912 postea
2747 4839 2899 4896 multi
2938 4856 3002 4897 ex
3041 4838 3404 4897 Orientalibus
3432 4840 3632 4897 l'uerint
3659 4842 3896 4918 tyranni,
3925 4849 3987 4900 et

2403 4929 2492 4987 alii
2532 4930 2824 5003 haeretici,
2867 4929 3216 4986 nihilominus
3246 4930 3340 5002 qui
3371 4930 3590 4987 suerunt
3616 4932 3718 4986 rite
3741 4931 3901 4988 electi
3927 4938 3988 4988 et

2401 5021 2678 5088 catholici,
2711 5027 2772 5077 ut
2801 5019 3026 5093 legitimi
3054 5021 3408 5092 imperatores
3435 5020 3598 5076 habiti
3625 5026 3788 5089 sunt,
3817 5022 3982 5077 etiam
4065 5066 4074 5075 .

2401 5128 2433 5169 a
2469 5110 2754 5179 Romanis,
2793 5124 2967 5181 neque
3016 5108 3258 5182 unquam
3301 5110 3590 5182 imperator
3628 5110 3984 5168 occidentalis

2403 5205 2488 5258 ius
2527 5200 2732 5272 imperii
2773 5202 2826 5257 in
2865 5200 3144 5257 Orientem
3186 5198 3286 5256 sibi
3328 5198 3652 5273 vindicavit,
3691 5206 3790 5257 aut
3827 5200 3982 5257 attri-
