<?xml version="1.0" encoding="UTF-8"?>
<!DOCTYPE html PUBLIC "-//W3C//DTD XHTML 1.0 Transitional//EN"
    "http://www.w3.org/TR/xhtml1/DTD/xhtml1-transitional.dtd">
<html xmlns="http://www.w3.org/1999/xhtml" xml:lang="en" lang="en">
 <head>
  <title>
</title>
<meta http-equiv="Content-Type" content="text/html;charset=utf-8" />
  <meta name='ocr-system' content='tesseract 3.04.00' />
  <meta name='ocr-capabilities' content='ocr_page ocr_carea ocr_par ocr_line ocrx_word'/>
</head>
<body>
  <div class='ocr_page' id='page_1' title='image "./tractatusdelegi01sugoog_0289.png"; bbox 0 0 4325 6267; ppageno 0'>
   <div class='ocr_carea' id='block_1_1' title="bbox 1680 326 2172 376">
    <p class='ocr_par' dir='ltr' id='par_1_1' title="bbox 1680 326 2172 376">
     <span class='ocr_line' id='line_1_1' title="bbox 1680 326 2172 376; baseline 0.004 -2"><span class='ocrx_word' id='word_1_1' title='bbox 1680 326 1890 375; x_wconf 66' lang='lat' dir='ltr'><strong>carm·</strong></span> <span class='ocrx_word' id='word_1_2' title='bbox 1919 327 2172 376; x_wconf 77' lang='lat' dir='ltr'><strong>xxxm-</strong></span> 
     </span>
    </p>
   </div>
   <div class='ocr_carea' id='block_1_2' title="bbox 277 449 1882 1686">
    <p class='ocr_par' dir='ltr' id='par_1_2' title="bbox 277 449 1882 1686">
     <span class='ocr_line' id='line_1_2' title="bbox 277 449 1876 526; baseline -0.001 -18"><span class='ocrx_word' id='word_1_3' title='bbox 277 453 369 508; x_wconf 84' lang='grc'><strong>116.</strong></span> <span class='ocrx_word' id='word_1_4' title='bbox 387 449 563 507; x_wconf 89' lang='lat' dir='ltr'><strong>ordin.</strong></span> <span class='ocrx_word' id='word_1_5' title='bbox 591 450 642 506; x_wconf 90' lang='lat' dir='ltr'><strong>in</strong></span> <span class='ocrx_word' id='word_1_6' title='bbox 669 453 724 520; x_wconf 84' lang='lat'><strong>6,</strong></span> <span class='ocrx_word' id='word_1_7' title='bbox 745 454 801 505; x_wconf 87' lang='lat' dir='ltr'><strong>et</strong></span> <span class='ocrx_word' id='word_1_8' title='bbox 821 451 874 505; x_wconf 88' lang='lat' dir='ltr'><strong>in</strong></span> <span class='ocrx_word' id='word_1_9' title='bbox 895 450 1157 506; x_wconf 90' lang='lat' dir='ltr'><strong>Clement.</strong></span> <span class='ocrx_word' id='word_1_10' title='bbox 1186 452 1652 526; x_wconf 76' lang='lat' dir='ltr'><strong>Archiepiscopo,</strong></span> <span class='ocrx_word' id='word_1_11' title='bbox 1681 451 1748 508; x_wconf 89' lang='lat' dir='ltr'><strong>de</strong></span> <span class='ocrx_word' id='word_1_12' title='bbox 1767 453 1876 522; x_wconf 89' lang='lat' dir='ltr'><strong>pri·</strong></span> 
     </span>
     <span class='ocr_line' id='line_1_3' title="bbox 279 537 1874 613; baseline 0.003 -21"><span class='ocrx_word' id='word_1_13' title='bbox 279 539 370 595; x_wconf 85' lang='lat' dir='ltr'><strong>vil.</strong></span> <span class='ocrx_word' id='word_1_14' title='bbox 405 541 474 596; x_wconf 87' lang='lat' dir='ltr'><strong>Et</strong></span> <span class='ocrx_word' id='word_1_15' title='bbox 507 555 574 596; x_wconf 81' lang='lat' dir='ltr'><strong>ex</strong></span> <span class='ocrx_word' id='word_1_16' title='bbox 609 537 709 595; x_wconf 89' lang='lat' dir='ltr'><strong>illis</strong></span> <span class='ocrx_word' id='word_1_17' title='bbox 747 538 956 595; x_wconf 89' lang='lat' dir='ltr'><strong>iuribus</strong></span> <span class='ocrx_word' id='word_1_18' title='bbox 995 538 1100 596; x_wconf 91' lang='lat' dir='ltr'><strong>hoc</strong></span> <span class='ocrx_word' id='word_1_19' title='bbox 1137 541 1480 612; x_wconf 86' lang='lat' dir='ltr'><strong>comprobari</strong></span> <span class='ocrx_word' id='word_1_20' title='bbox 1509 546 1706 613; x_wconf 87' lang='lat' dir='ltr'><strong>potest,</strong></span> <span class='ocrx_word' id='word_1_21' title='bbox 1741 555 1874 613; x_wconf 89' lang='lat' dir='ltr'><strong>qua-</strong></span> 
     </span>
     <span class='ocr_line' id='line_1_4' title="bbox 279 626 1872 702; baseline -0.002 -14"><span class='ocrx_word' id='word_1_22' title='bbox 279 637 444 688; x_wconf 84' lang='lat' dir='ltr'><strong>tenus</strong></span> <span class='ocrx_word' id='word_1_23' title='bbox 471 645 540 686; x_wconf 80' lang='lat' dir='ltr'><strong>ex</strong></span> <span class='ocrx_word' id='word_1_24' title='bbox 566 627 646 684; x_wconf 86' lang='lat' dir='ltr'><strong>eis</strong></span> <span class='ocrx_word' id='word_1_25' title='bbox 687 626 1000 700; x_wconf 77' lang='lat' dir='ltr'><strong>colligitur,</strong></span> <span class='ocrx_word' id='word_1_26' title='bbox 1033 629 1333 699; x_wconf 86' lang='lat' dir='ltr'><strong>praelatum</strong></span> <span class='ocrx_word' id='word_1_27' title='bbox 1375 646 1482 686; x_wconf 91' lang='lat' dir='ltr'><strong>non</strong></span> <span class='ocrx_word' id='word_1_28' title='bbox 1518 645 1680 702; x_wconf 88' lang='lat' dir='ltr'><strong>posse</strong></span> <span class='ocrx_word' id='word_1_29' title='bbox 1719 645 1872 686; x_wconf 90' lang='lat' dir='ltr'><strong>exer-</strong></span> 
     </span>
     <span class='ocr_line' id='line_1_5' title="bbox 277 717 1871 792; baseline -0.001 -16"><span class='ocrx_word' id='word_1_30' title='bbox 277 735 410 776; x_wconf 88' lang='lat' dir='ltr'><strong>cere</strong></span> <span class='ocrx_word' id='word_1_31' title='bbox 437 717 866 776; x_wconf 85' lang='lat' dir='ltr'><strong>iurisdictionem</strong></span> <span class='ocrx_word' id='word_1_32' title='bbox 897 733 1052 774; x_wconf 88' lang='lat' dir='ltr'><strong>suam</strong></span> <span class='ocrx_word' id='word_1_33' title='bbox 1083 721 1134 774; x_wconf 90' lang='lat' dir='ltr'><strong>in</strong></span> <span class='ocrx_word' id='word_1_34' title='bbox 1163 719 1286 776; x_wconf 90' lang='lat' dir='ltr'><strong>loco</strong></span> <span class='ocrx_word' id='word_1_35' title='bbox 1313 727 1562 792; x_wconf 86' lang='lat' dir='ltr'><strong>exempto</strong></span> <span class='ocrx_word' id='word_1_36' title='bbox 1580 761 1596 782; x_wconf 82' lang='grc'>,</span> <span class='ocrx_word' id='word_1_37' title='bbox 1625 719 1776 792; x_wconf 88' lang='lat' dir='ltr'><strong>quod</strong></span> <span class='ocrx_word' id='word_1_38' title='bbox 1819 721 1871 774; x_wconf 89' lang='lat' dir='ltr'><strong>in</strong></span> 
     </span>
     <span class='ocr_line' id='line_1_6' title="bbox 277 805 1876 882; baseline 0.001 -18"><span class='ocrx_word' id='word_1_39' title='bbox 277 809 430 864; x_wconf 88' lang='lat' dir='ltr'><strong>omni</strong></span> <span class='ocrx_word' id='word_1_40' title='bbox 459 807 737 878; x_wconf 80' lang='lat' dir='ltr'>superiore</span> <span class='ocrx_word' id='word_1_41' title='bbox 765 805 1034 878; x_wconf 81' lang='lat' dir='ltr'><strong>procedit.</strong></span> <span class='ocrx_word' id='word_1_42' title='bbox 1065 808 1192 865; x_wconf 79' lang='lat' dir='ltr'><strong>inde</strong></span> <span class='ocrx_word' id='word_1_43' title='bbox 1231 824 1364 882; x_wconf 90' lang='lat' dir='ltr'><strong>ergo</strong></span> <span class='ocrx_word' id='word_1_44' title='bbox 1404 809 1745 881; x_wconf 74' lang='lat' dir='ltr'><strong>colligimus,</strong></span> <span class='ocrx_word' id='word_1_45' title='bbox 1797 808 1876 866; x_wconf 92' lang='grc'><strong>16-</strong></span> 
     </span>
     <span class='ocr_line' id='line_1_7' title="bbox 277 895 1873 968; baseline -0.001 -15"><span class='ocrx_word' id='word_1_46' title='bbox 277 913 414 954; x_wconf 88' lang='lat' dir='ltr'><strong>cum</strong></span> <span class='ocrx_word' id='word_1_47' title='bbox 441 903 752 967; x_wconf 81' lang='lat' dir='ltr'><strong>exemptum</strong></span> <span class='ocrx_word' id='word_1_48' title='bbox 779 895 974 968; x_wconf 49' lang='lat' dir='ltr'><strong>quoad,</strong></span> <span class='ocrx_word' id='word_1_49' title='bbox 991 896 1420 954; x_wconf 88' lang='lat' dir='ltr'><strong>iurisdictionem</strong></span> <span class='ocrx_word' id='word_1_50' title='bbox 1439 913 1558 954; x_wconf 86' lang='lat' dir='ltr'><strong>esse</strong></span> <span class='ocrx_word' id='word_1_51' title='bbox 1586 904 1740 954; x_wconf 80' lang='lat' dir='ltr'><strong>extra</strong></span> <span class='ocrx_word' id='word_1_52' title='bbox 1764 903 1873 954; x_wconf 87' lang='lat' dir='ltr'><strong>ter·</strong></span> 
     </span>
     <span class='ocr_line' id='line_1_8' title="bbox 277 985 1874 1060; baseline 0.001 -19"><span class='ocrx_word' id='word_1_53' title='bbox 277 987 553 1056; x_wconf 85' lang='lat' dir='ltr'><strong>ritorium,</strong></span> <span class='ocrx_word' id='word_1_54' title='bbox 581 985 708 1058; x_wconf 87' lang='lat' dir='ltr'><strong>quia</strong></span> <span class='ocrx_word' id='word_1_55' title='bbox 735 985 974 1056; x_wconf 80' lang='lat' dir='ltr'><strong>exceptis</strong></span> <span class='ocrx_word' id='word_1_56' title='bbox 1001 986 1218 1042; x_wconf 81' lang='lat' dir='ltr'><strong>casibus</strong></span> <span class='ocrx_word' id='word_1_57' title='bbox 1246 1003 1280 1043; x_wconf 89' lang='lat' dir='ltr'><strong>a</strong></span> <span class='ocrx_word' id='word_1_58' title='bbox 1307 987 1428 1043; x_wconf 90' lang='lat' dir='ltr'><strong>iure</strong></span> <span class='ocrx_word' id='word_1_59' title='bbox 1455 989 1746 1060; x_wconf 81' lang='lat' dir='ltr'><strong>expressis,</strong></span> <span class='ocrx_word' id='word_1_60' title='bbox 1768 1003 1874 1043; x_wconf 90' lang='lat' dir='ltr'><strong>non</strong></span> 
     </span>
     <span class='ocr_line' id='line_1_9' title="bbox 281 1073 1877 1148; baseline 0.001 -18"><span class='ocrx_word' id='word_1_61' title='bbox 281 1082 470 1148; x_wconf 86' lang='lat' dir='ltr'><strong>potest</strong></span> <span class='ocrx_word' id='word_1_62' title='bbox 507 1073 814 1131; x_wconf 89' lang='lat' dir='ltr'><strong>ordinarius</strong></span> <span class='ocrx_word' id='word_1_63' title='bbox 841 1074 1094 1145; x_wconf 81' lang='lat' dir='ltr'><strong>superior</strong></span> <span class='ocrx_word' id='word_1_64' title='bbox 1120 1077 1376 1132; x_wconf 87' lang='lat' dir='ltr'><strong>territorii</strong></span> <span class='ocrx_word' id='word_1_65' title='bbox 1404 1077 1791 1133; x_wconf 88' lang='lat' dir='ltr'><strong>iurisdictionis</strong></span> <span class='ocrx_word' id='word_1_66' title='bbox 1821 1091 1877 1131; x_wconf 91' lang='lat' dir='ltr'><strong>a-</strong></span> 
     </span>
     <span class='ocr_line' id='line_1_10' title="bbox 279 1162 1875 1237; baseline 0.001 -17"><span class='ocrx_word' id='word_1_67' title='bbox 279 1170 412 1220; x_wconf 86' lang='lat' dir='ltr'><strong>ctus</strong></span> <span class='ocrx_word' id='word_1_68' title='bbox 440 1163 512 1220; x_wconf 91' lang='lat' dir='ltr'><strong>ibi</strong></span> <span class='ocrx_word' id='word_1_69' title='bbox 538 1177 816 1220; x_wconf 81' lang='lat' dir='ltr'><strong>exercere:</strong></span> <span class='ocrx_word' id='word_1_70' title='bbox 849 1162 1088 1235; x_wconf 88' lang='lat' dir='ltr'><strong>obligare</strong></span> <span class='ocrx_word' id='word_1_71' title='bbox 1114 1173 1296 1220; x_wconf 89' lang='lat' dir='ltr'><strong>autem</strong></span> <span class='ocrx_word' id='word_1_72' title='bbox 1325 1181 1424 1236; x_wconf 89' lang='lat' dir='ltr'><strong>per</strong></span> <span class='ocrx_word' id='word_1_73' title='bbox 1453 1171 1758 1237; x_wconf 88' lang='lat' dir='ltr'><strong>statutum,</strong></span> <span class='ocrx_word' id='word_1_74' title='bbox 1791 1165 1875 1222; x_wconf 90' lang='lat' dir='ltr'><strong>vel</strong></span> 
     </span>
     <span class='ocr_line' id='line_1_11' title="bbox 277 1253 1882 1326; baseline 0.001 -16"><span class='ocrx_word' id='word_1_75' title='bbox 277 1253 460 1326; x_wconf 85' lang='lat' dir='ltr'><strong>legem</strong></span> <span class='ocrx_word' id='word_1_76' title='bbox 485 1256 538 1309; x_wconf 89' lang='lat' dir='ltr'><strong>in</strong></span> <span class='ocrx_word' id='word_1_77' title='bbox 567 1253 689 1309; x_wconf 90' lang='lat' dir='ltr'><strong>loco</strong></span> <span class='ocrx_word' id='word_1_78' title='bbox 717 1260 990 1324; x_wconf 78' lang='lat' dir='ltr'><strong>exempto,</strong></span> <span class='ocrx_word' id='word_1_79' title='bbox 1015 1259 1100 1309; x_wconf 85' lang='lat' dir='ltr'><strong>est</strong></span> <span class='ocrx_word' id='word_1_80' title='bbox 1119 1253 1536 1311; x_wconf 88' lang='lat' dir='ltr'><strong>iurisdictionem</strong></span> <span class='ocrx_word' id='word_1_81' title='bbox 1566 1255 1638 1311; x_wconf 89' lang='lat' dir='ltr'><strong>ibi</strong></span> <span class='ocrx_word' id='word_1_82' title='bbox 1659 1271 1882 1312; x_wconf 81' lang='lat' dir='ltr'><strong>exerce-</strong></span> 
     </span>
     <span class='ocr_line' id='line_1_12' title="bbox 281 1341 1877 1415; baseline 0.001 -15"><span class='ocrx_word' id='word_1_83' title='bbox 281 1360 367 1413; x_wconf 88' lang='lat' dir='ltr'><strong>re,</strong></span> <span class='ocrx_word' id='word_1_84' title='bbox 399 1351 462 1400; x_wconf 93' lang='lat' dir='ltr'><strong>ut</strong></span> <span class='ocrx_word' id='word_1_85' title='bbox 483 1343 704 1400; x_wconf 83' lang='lat' dir='ltr'><strong>co&#39;nstat</strong></span> <span class='ocrx_word' id='word_1_86' title='bbox 729 1359 794 1400; x_wconf 84' lang='lat' dir='ltr'><strong>ex</strong></span> <span class='ocrx_word' id='word_1_87' title='bbox 821 1341 965 1399; x_wconf 88' lang='lat' dir='ltr'><strong>dicto</strong></span> <span class='ocrx_word' id='word_1_88' title='bbox 995 1358 1120 1415; x_wconf 88' lang='lat' dir='ltr'><strong>cap.</strong></span> <span class='ocrx_word' id='word_1_89' title='bbox 1155 1350 1210 1402; x_wconf 77' lang='lat'><strong>2.</strong></span> <span class='ocrx_word' id='word_1_90' title='bbox 1237 1343 1612 1402; x_wconf 82' lang='lat' dir='ltr'><strong>de‘constitut.</strong></span> <span class='ocrx_word' id='word_1_91' title='bbox 1641 1345 1692 1401; x_wconf 89' lang='lat' dir='ltr'><strong>in</strong></span> <span class='ocrx_word' id='word_1_92' title='bbox 1722 1349 1877 1402; x_wconf 73' lang='lat' dir='ltr'><strong>ezer·</strong></span> 
     </span>
     <span class='ocr_line' id='line_1_13' title="bbox 279 1431 1876 1508; baseline 0.002 -20"><span class='ocrx_word' id='word_1_93' title='bbox 279 1450 356 1508; x_wconf 86' lang='lat' dir='ltr'><strong>go</strong></span> <span class='ocrx_word' id='word_1_94' title='bbox 381 1439 466 1489; x_wconf 84' lang='lat' dir='ltr'><strong>est</strong></span> <span class='ocrx_word' id='word_1_95' title='bbox 500 1433 688 1490; x_wconf 89' lang='lat' dir='ltr'><strong>eadem</strong></span> <span class='ocrx_word' id='word_1_96' title='bbox 717 1435 852 1489; x_wconf 88' lang='lat' dir='ltr'><strong>ratio</strong></span> <span class='ocrx_word' id='word_1_97' title='bbox 880 1433 948 1489; x_wconf 91' lang='lat' dir='ltr'><strong>de</strong></span> <span class='ocrx_word' id='word_1_98' title='bbox 975 1431 1064 1488; x_wconf 91' lang='lat' dir='ltr'><strong>illo</strong></span> <span class='ocrx_word' id='word_1_99' title='bbox 1093 1432 1248 1503; x_wconf 90' lang='lat' dir='ltr'><strong>loco,</strong></span> <span class='ocrx_word' id='word_1_100' title='bbox 1280 1441 1336 1490; x_wconf 93' lang='lat' dir='ltr'><strong>et</strong></span> <span class='ocrx_word' id='word_1_101' title='bbox 1378 1433 1444 1489; x_wconf 91' lang='lat' dir='ltr'><strong>ad</strong></span> <span class='ocrx_word' id='word_1_102' title='bbox 1481 1434 1632 1490; x_wconf 90' lang='lat' dir='ltr'><strong>illum</strong></span> <span class='ocrx_word' id='word_1_103' title='bbox 1675 1435 1876 1505; x_wconf 87' lang='lat' dir='ltr'><strong>optime</strong></span> 
     </span>
     <span class='ocr_line' id='line_1_14' title="bbox 283 1520 1876 1594; baseline 0.002 -17"><span class='ocrx_word' id='word_1_104' title='bbox 283 1522 588 1594; x_wconf 78' lang='lat' dir='ltr'><strong>applicatur</strong></span> <span class='ocrx_word' id='word_1_105' title='bbox 615 1520 745 1578; x_wconf 87' lang='lat' dir='ltr'><strong>illud</strong></span> <span class='ocrx_word' id='word_1_106' title='bbox 775 1522 1124 1594; x_wconf 85' lang='lat' dir='ltr'><strong>principium:</strong></span> <span class='ocrx_word' id='word_1_107' title='bbox 1157 1526 1355 1580; x_wconf 77' lang='lat' dir='ltr'><strong>Extra</strong></span> <span class='ocrx_word' id='word_1_108' title='bbox 1381 1525 1748 1579; x_wconf 73' lang='lat' dir='ltr'><strong>territorium</strong></span> <span class='ocrx_word' id='word_1_109' title='bbox 1777 1526 1876 1580; x_wconf 78' lang='lat' dir='ltr'><strong>ius</strong></span> 
     </span>
     <span class='ocr_line' id='line_1_15' title="bbox 278 1609 1216 1686; baseline 0.002 -20"><span class='ocrx_word' id='word_1_110' title='bbox 278 1609 504 1668; x_wconf 75' lang='lat' dir='ltr'><strong>dicenti</strong></span> <span class='ocrx_word' id='word_1_111' title='bbox 535 1627 654 1668; x_wconf 82' lang='lat' dir='ltr'><strong>non</strong></span> <span class='ocrx_word' id='word_1_112' title='bbox 675 1615 930 1685; x_wconf 74' lang='lat' dir='ltr'><strong>paretur</strong></span> <span class='ocrx_word' id='word_1_113' title='bbox 953 1614 1216 1686; x_wconf 74' lang='lat' dir='ltr'><strong>impune.</strong></span> 
     </span>
    </p>
   </div>
   <div class='ocr_carea' id='block_1_3' title="bbox 769 1724 1385 1844">
    <p class='ocr_par' dir='ltr' id='par_1_3' title="bbox 769 1724 1385 1844">
     <span class='ocr_line' id='line_1_16' title="bbox 769 1724 1385 1844; baseline 0.002 -3"><span class='ocrx_word' id='word_1_114' title='bbox 769 1724 1047 1844; x_wconf 76' lang='lat' dir='ltr'><strong>cAPu&#39;r</strong></span> <span class='ocrx_word' id='word_1_115' title='bbox 1083 1775 1385 1843; x_wconf 78' lang='lat' dir='ltr'><strong>xxxin.</strong></span> 
     </span>
    </p>
   </div>
   <div class='ocr_carea' id='block_1_4' title="bbox 431 1953 1740 2118">
    <p class='ocr_par' dir='ltr' id='par_1_4' title="bbox 431 1953 1740 2118">
     <span class='ocr_line' id='line_1_17' title="bbox 431 1953 1732 2030; baseline -0.002 -15"><span class='ocrx_word' id='word_1_116' title='bbox 431 1959 644 2016; x_wconf 78' lang='lat' dir='ltr'><strong>Utrum</strong></span> <span class='ocrx_word' id='word_1_117' title='bbox 669 1953 822 2028; x_wconf 75' lang='lat' dir='ltr'><strong>leqes</strong></span> <span class='ocrx_word' id='word_1_118' title='bbox 845 1958 1130 2030; x_wconf 73' lang='lat' dir='ltr'><strong>propriae</strong></span> <span class='ocrx_word' id='word_1_119' title='bbox 1157 1954 1418 2012; x_wconf 78' lang='lat' dir='ltr'><strong>alicuius</strong></span> <span class='ocrx_word' id='word_1_120' title='bbox 1445 1959 1732 2012; x_wconf 76' lang='lat' dir='ltr'><strong>territorii</strong></span> 
     </span>
     <span class='ocr_line' id='line_1_18' title="bbox 501 2041 1740 2118; baseline 0.001 -17"><span class='ocrx_word' id='word_1_121' title='bbox 501 2043 756 2118; x_wconf 66' lang='lat' dir='ltr'><strong>obligent</strong></span> <span class='ocrx_word' id='word_1_122' title='bbox 783 2041 1064 2110; x_wconf 82' lang='lat' dir='ltr'><strong>advenas,</strong></span> <span class='ocrx_word' id='word_1_123' title='bbox 1097 2043 1242 2102; x_wconf 77' lang='lat' dir='ltr'><strong>dum</strong></span> <span class='ocrx_word' id='word_1_124' title='bbox 1271 2044 1654 2102; x_wconf 77' lang='lat' dir='ltr'><strong>ibi-existunt.</strong></span> <span class='ocrx_word' id='word_1_125' title='bbox 1735 2087 1740 2094; x_wconf 89' lang='lat'><strong>.</strong></span> 
     </span>
    </p>
   </div>
   <div class='ocr_carea' id='block_1_5' title="bbox 863 2209 1310 2275">
    <p class='ocr_par' dir='ltr' id='par_1_5' title="bbox 863 2209 1310 2275">
     <span class='ocr_line' id='line_1_19' title="bbox 863 2209 1310 2275; baseline -0.007 0"><span class='ocrx_word' id='word_1_126' title='bbox 863 2209 1310 2275; x_wconf 75' lang='lat' dir='ltr'><strong>Sti-mariam</strong></span> 
     </span>
    </p>
   </div>
   <div class='ocr_carea' id='block_1_6' title="bbox 287 2383 1891 4123">
    <p class='ocr_par' dir='ltr' id='par_1_6' title="bbox 287 2383 1891 4123">
     <span class='ocr_line' id='line_1_20' title="bbox 287 2383 1884 2450; baseline -0.003 -12"><span class='ocrx_word' id='word_1_127' title='bbox 287 2389 336 2438; x_wconf 84' lang='lat'><strong>1.</strong></span> <span class='ocrx_word' id='word_1_128' title='bbox 367 2388 487 2437; x_wconf 88' lang='lat' dir='ltr'><strong>Tria</strong></span> <span class='ocrx_word' id='word_1_129' title='bbox 513 2388 566 2445; x_wconf 84' lang='lat' dir='ltr'><strong>in</strong></span> <span class='ocrx_word' id='word_1_130' title='bbox 586 2387 698 2450; x_wconf 89' lang='lat' dir='ltr'><strong>lege</strong></span> <span class='ocrx_word' id='word_1_131' title='bbox 718 2391 838 2438; x_wconf 90' lang='lat' dir='ltr'><strong>sunt</strong></span> <span class='ocrx_word' id='word_1_132' title='bbox 857 2384 1232 2446; x_wconf 85' lang='lat' dir='ltr'><strong>distinguenda.</strong></span> <span class='ocrx_word' id='word_1_133' title='bbox 1246 2411 1312 2420; x_wconf 92' lang='lat'><em>-</em></span> <span class='ocrx_word' id='word_1_134' title='bbox 1326 2383 1376 2434; x_wconf 81' lang='lat'><strong>2.</strong></span> <span class='ocrx_word' id='word_1_135' title='bbox 1405 2383 1750 2435; x_wconf 81' lang='lat' dir='ltr'><strong>Fundamenta</strong></span> <span class='ocrx_word' id='word_1_136' title='bbox 1769 2397 1884 2434; x_wconf 86' lang='lat' dir='ltr'><strong>sen-</strong></span> 
     </span>
     <span class='ocr_line' id='line_1_21' title="bbox 361 2453 1881 2520; baseline -0.002 -13"><span class='ocrx_word' id='word_1_137' title='bbox 361 2459 554 2508; x_wconf 87' lang='lat' dir='ltr'><strong>tentiae</strong></span> <span class='ocrx_word' id='word_1_138' title='bbox 579 2455 998 2520; x_wconf 61' lang='lat' dir='ltr'><strong>negativae—3.</strong></span> <span class='ocrx_word' id='word_1_139' title='bbox 1021 2453 1126 2504; x_wconf 82' lang='lat' dir='ltr'><strong>Lex</strong></span> <span class='ocrx_word' id='word_1_140' title='bbox 1152 2455 1406 2504; x_wconf 87' lang='lat' dir='ltr'><strong>territorii</strong></span> <span class='ocrx_word' id='word_1_141' title='bbox 1431 2455 1624 2518; x_wconf 87' lang='lat' dir='ltr'><strong>obligat</strong></span> <span class='ocrx_word' id='word_1_142' title='bbox 1641 2455 1881 2514; x_wconf 77' lang='lat' dir='ltr'><strong>advenaS,</strong></span> 
     </span>
     <span class='ocr_line' id='line_1_22' title="bbox 357 2523 1882 2592; baseline -0.003 -15"><span class='ocrx_word' id='word_1_143' title='bbox 357 2527 600 2592; x_wconf 88' lang='lat' dir='ltr'><strong>quamdiu</strong></span> <span class='ocrx_word' id='word_1_144' title='bbox 626 2529 698 2578; x_wconf 87' lang='lat' dir='ltr'><strong>ihi</strong></span> <span class='ocrx_word' id='word_1_145' title='bbox 723 2530 1118 2583; x_wconf 83' lang='lat' dir='ltr'><strong>commorantur,</strong></span> <span class='ocrx_word' id='word_1_146' title='bbox 1139 2523 1190 2572; x_wconf 92' lang='lat' dir='ltr'><strong>in</strong></span> <span class='ocrx_word' id='word_1_147' title='bbox 1211 2525 1541 2585; x_wconf 84' lang='lat' dir='ltr'><strong>conscientia,</strong></span> <span class='ocrx_word' id='word_1_148' title='bbox 1563 2532 1697 2574; x_wconf 86' lang='grc'><strong>6166</strong></span> <span class='ocrx_word' id='word_1_149' title='bbox 1716 2523 1882 2584; x_wconf 90' lang='lat' dir='ltr'><strong>modo,</strong></span> 
     </span>
     <span class='ocr_line' id='line_1_23' title="bbox 351 2593 1884 2662; baseline -0.004 -14"><span class='ocrx_word' id='word_1_150' title='bbox 351 2611 456 2662; x_wconf 89' lang='lat' dir='ltr'><strong>qno</strong></span> <span class='ocrx_word' id='word_1_151' title='bbox 479 2598 674 2660; x_wconf 86' lang='lat' dir='ltr'><strong>obligat</strong></span> <span class='ocrx_word' id='word_1_152' title='bbox 699 2593 1071 2648; x_wconf 59' lang='lat' dir='ltr'><strong>incolas—Ad</strong></span> <span class='ocrx_word' id='word_1_153' title='bbox 1099 2605 1272 2656; x_wconf 84' lang='lat' dir='ltr'><strong>pacem</strong></span> <span class='ocrx_word' id='word_1_154' title='bbox 1295 2600 1349 2643; x_wconf 91' lang='lat' dir='ltr'><strong>et</strong></span> <span class='ocrx_word' id='word_1_155' title='bbox 1377 2595 1536 2644; x_wconf 87' lang='lat' dir='ltr'><strong>bonos</strong></span> <span class='ocrx_word' id='word_1_156' title='bbox 1563 2607 1729 2644; x_wconf 90' lang='lat' dir='ltr'><strong>mores</strong></span> <span class='ocrx_word' id='word_1_157' title='bbox 1755 2607 1884 2657; x_wconf 91' lang='lat' dir='ltr'><strong>opus</strong></span> 
     </span>
     <span class='ocr_line' id='line_1_24' title="bbox 355 2663 1884 2728; baseline -0.004 -10"><span class='ocrx_word' id='word_1_158' title='bbox 355 2674 458 2728; x_wconf 68' lang='lat' dir='ltr'><strong>oet,</strong></span> <span class='ocrx_word' id='word_1_159' title='bbox 485 2675 543 2718; x_wconf 89' lang='lat' dir='ltr'><strong>ut</strong></span> <span class='ocrx_word' id='word_1_160' title='bbox 568 2667 822 2727; x_wconf 69' lang='lat' dir='ltr'><strong>advenae,</strong></span> <span class='ocrx_word' id='word_1_161' title='bbox 848 2664 970 2715; x_wconf 89' lang='lat' dir='ltr'><strong>dum</strong></span> <span class='ocrx_word' id='word_1_162' title='bbox 1001 2664 1072 2714; x_wconf 88' lang='lat' dir='ltr'><strong>ibi</strong></span> <span class='ocrx_word' id='word_1_163' title='bbox 1109 2663 1313 2723; x_wconf 75' lang='lat' dir='ltr'><strong>vivant,</strong></span> <span class='ocrx_word' id='word_1_164' title='bbox 1348 2664 1577 2714; x_wconf 86' lang='lat' dir='ltr'><strong>moribus</strong></span> <span class='ocrx_word' id='word_1_165' title='bbox 1619 2664 1792 2727; x_wconf 87' lang='lat' dir='ltr'><strong>populi</strong></span> <span class='ocrx_word' id='word_1_166' title='bbox 1829 2675 1884 2713; x_wconf 85' lang='lat' dir='ltr'><strong>se</strong></span> 
     </span>
     <span class='ocr_line' id='line_1_25' title="bbox 351 2732 1886 2798; baseline -0.003 -11"><span class='ocrx_word' id='word_1_167' title='bbox 351 2737 692 2798; x_wconf 78' lang='lat' dir='ltr'><strong>conforment,</strong></span> <span class='ocrx_word' id='word_1_168' title='bbox 719 2750 784 2786; x_wconf 88' lang='lat' dir='ltr'><strong>nc</strong></span> <span class='ocrx_word' id='word_1_169' title='bbox 805 2740 1086 2798; x_wconf 83' lang='lat' dir='ltr'><strong>sequantur</strong></span> <span class='ocrx_word' id='word_1_170' title='bbox 1112 2732 1512 2783; x_wconf 56' lang='lat' dir='ltr'><strong>scandala—4.</strong></span> <span class='ocrx_word' id='word_1_171' title='bbox 1543 2733 1797 2784; x_wconf 83' lang='lat' dir='ltr'><strong>Probatur</strong></span> <span class='ocrx_word' id='word_1_172' title='bbox 1825 2746 1886 2782; x_wconf 84' lang='lat' dir='ltr'><strong>ex</strong></span> 
     </span>
     <span class='ocr_line' id='line_1_26' title="bbox 357 2801 1886 2870; baseline -0.002 -15"><span class='ocrx_word' id='word_1_173' title='bbox 357 2813 506 2870; x_wconf 86' lang='lat' dir='ltr'><strong>parte</strong></span> <span class='ocrx_word' id='word_1_174' title='bbox 528 2806 938 2856; x_wconf 57' lang='grc'><strong>6616661661.-</strong></span> <span class='ocrx_word' id='word_1_175' title='bbox 953 2801 1148 2853; x_wconf 82' lang='lat' dir='ltr'><strong>Satisiit</strong></span> <span class='ocrx_word' id='word_1_176' title='bbox 1173 2802 1499 2854; x_wconf 78' lang='lat' dir='ltr'><strong>fundamento</strong></span> <span class='ocrx_word' id='word_1_177' title='bbox 1521 2804 1800 2853; x_wconf 88' lang='lat' dir='ltr'><strong>contrario.</strong></span> <span class='ocrx_word' id='word_1_178' title='bbox 1816 2829 1886 2838; x_wconf 91' lang='lat'><strong>--</strong></span> 
     </span>
     <span class='ocr_line' id='line_1_27' title="bbox 355 2872 1886 2937; baseline -0.004 -11"><span class='ocrx_word' id='word_1_179' title='bbox 355 2877 408 2926; x_wconf 76' lang='lat'><strong>5.</strong></span> <span class='ocrx_word' id='word_1_180' title='bbox 440 2877 572 2926; x_wconf 81' lang='lat' dir='ltr'><strong>Haec</strong></span> <span class='ocrx_word' id='word_1_181' title='bbox 597 2875 774 2926; x_wconf 81' lang='lat' dir='ltr'><strong>eadem</strong></span> <span class='ocrx_word' id='word_1_182' title='bbox 797 2874 1030 2926; x_wconf 87' lang='lat' dir='ltr'><strong>doctrina</strong></span> <span class='ocrx_word' id='word_1_183' title='bbox 1053 2872 1116 2922; x_wconf 88' lang='lat' dir='ltr'><strong>ad</strong></span> <span class='ocrx_word' id='word_1_184' title='bbox 1141 2873 1410 2937; x_wconf 85' lang='lat' dir='ltr'><strong>religiosos</strong></span> <span class='ocrx_word' id='word_1_185' title='bbox 1433 2872 1682 2936; x_wconf 88' lang='lat' dir='ltr'><strong>quomodo</strong></span> <span class='ocrx_word' id='word_1_186' title='bbox 1705 2873 1774 2923; x_wconf 87' lang='lat' dir='ltr'><strong>sit</strong></span> <span class='ocrx_word' id='word_1_187' title='bbox 1799 2885 1886 2936; x_wconf 89' lang='lat' dir='ltr'><strong>ap-</strong></span> 
     </span>
     <span class='ocr_line' id='line_1_28' title="bbox 355 2942 1888 3010; baseline -0.002 -14"><span class='ocrx_word' id='word_1_188' title='bbox 355 2945 738 3010; x_wconf 57' lang='lat' dir='ltr'><strong>plicanda—6.</strong></span> <span class='ocrx_word' id='word_1_189' title='bbox 753 2945 860 2996; x_wconf 85' lang='lat' dir='ltr'><strong>Non</strong></span> <span class='ocrx_word' id='word_1_190' title='bbox 883 2943 1048 2994; x_wconf 88' lang='lat' dir='ltr'><strong>solum</strong></span> <span class='ocrx_word' id='word_1_191' title='bbox 1070 2943 1138 2994; x_wconf 88' lang='lat' dir='ltr'><strong>ob</strong></span> <span class='ocrx_word' id='word_1_192' title='bbox 1159 2942 1469 3004; x_wconf 85' lang='lat' dir='ltr'><strong>scandalum,</strong></span> <span class='ocrx_word' id='word_1_193' title='bbox 1483 2943 1574 2993; x_wconf 89' lang='lat' dir='ltr'><strong>sed</strong></span> <span class='ocrx_word' id='word_1_194' title='bbox 1595 2943 1750 2993; x_wconf 85' lang='lat' dir='ltr'><strong>etiam</strong></span> <span class='ocrx_word' id='word_1_195' title='bbox 1769 2955 1888 3006; x_wconf 88' lang='lat' dir='ltr'><strong>pro-</strong></span> 
     </span>
     <span class='ocr_line' id='line_1_29' title="bbox 354 3012 1886 3081; baseline -0.003 -15"><span class='ocrx_word' id='word_1_196' title='bbox 354 3023 472 3081; x_wconf 88' lang='lat' dir='ltr'><strong>pter</strong></span> <span class='ocrx_word' id='word_1_197' title='bbox 507 3017 640 3080; x_wconf 88' lang='lat' dir='ltr'><strong>ipsas</strong></span> <span class='ocrx_word' id='word_1_198' title='bbox 671 3016 810 3080; x_wconf 84' lang='lat' dir='ltr'><strong>leges</strong></span> <span class='ocrx_word' id='word_1_199' title='bbox 832 3021 886 3064; x_wconf 91' lang='lat' dir='ltr'><strong>et</strong></span> <span class='ocrx_word' id='word_1_200' title='bbox 909 3013 1240 3063; x_wconf 87' lang='lat' dir='ltr'><strong>sufficientem</strong></span> <span class='ocrx_word' id='word_1_201' title='bbox 1264 3013 1635 3064; x_wconf 89' lang='lat' dir='ltr'><strong>subiectionem</strong></span> <span class='ocrx_word' id='word_1_202' title='bbox 1661 3012 1886 3061; x_wconf 82' lang='lat' dir='ltr'><strong>advenae</strong></span> 
     </span>
     <span class='ocr_line' id='line_1_30' title="bbox 356 3082 1890 3148; baseline -0.003 -14"><span class='ocrx_word' id='word_1_203' title='bbox 356 3085 420 3135; x_wconf 86' lang='lat' dir='ltr'><strong>ad</strong></span> <span class='ocrx_word' id='word_1_204' title='bbox 445 3087 582 3148; x_wconf 89' lang='lat' dir='ltr'><strong>leges</strong></span> <span class='ocrx_word' id='word_1_205' title='bbox 603 3086 699 3136; x_wconf 89' lang='lat' dir='ltr'><strong>loci</strong></span> <span class='ocrx_word' id='word_1_206' title='bbox 721 3083 1112 3136; x_wconf 85' lang='lat' dir='ltr'><strong>tenentur.--7.</strong></span> <span class='ocrx_word' id='word_1_207' title='bbox 1128 3082 1890 3148; x_wconf 85' lang='lat' dir='ltr'><strong>Dubium.—Respondetur.—</strong></span> 
     </span>
     <span class='ocr_line' id='line_1_31' title="bbox 355 3152 1887 3220; baseline -0.003 -14"><span class='ocrx_word' id='word_1_208' title='bbox 355 3156 532 3206; x_wconf 84' lang='lat' dir='ltr'><strong>Potest</strong></span> <span class='ocrx_word' id='word_1_209' title='bbox 553 3157 632 3205; x_wconf 88' lang='lat' dir='ltr'><strong>lex</strong></span> <span class='ocrx_word' id='word_1_210' title='bbox 645 3155 770 3206; x_wconf 76' lang='lat' dir='ltr'><strong>ferri</strong></span> <span class='ocrx_word' id='word_1_211' title='bbox 792 3169 886 3220; x_wconf 91' lang='lat' dir='ltr'><strong>pro</strong></span> <span class='ocrx_word' id='word_1_212' title='bbox 903 3154 1074 3218; x_wconf 87' lang='lat' dir='ltr'><strong>aliquo</strong></span> <span class='ocrx_word' id='word_1_213' title='bbox 1095 3152 1376 3214; x_wconf 87' lang='lat' dir='ltr'><strong>territorio,</strong></span> <span class='ocrx_word' id='word_1_214' title='bbox 1391 3165 1522 3216; x_wconf 86' lang='lat' dir='ltr'><strong>quae</strong></span> <span class='ocrx_word' id='word_1_215' title='bbox 1541 3153 1734 3216; x_wconf 87' lang='lat' dir='ltr'><strong>obliget</strong></span> <span class='ocrx_word' id='word_1_216' title='bbox 1753 3153 1887 3202; x_wconf 86' lang='lat' dir='ltr'><strong>solos</strong></span> 
     </span>
     <span class='ocr_line' id='line_1_32' title="bbox 353 3221 1888 3288; baseline -0.002 -15"><span class='ocrx_word' id='word_1_217' title='bbox 353 3224 576 3276; x_wconf 84' lang='lat' dir='ltr'><strong>advenas</strong></span> <span class='ocrx_word' id='word_1_218' title='bbox 595 3226 646 3276; x_wconf 93' lang='lat' dir='ltr'><strong>in</strong></span> <span class='ocrx_word' id='word_1_219' title='bbox 665 3226 756 3276; x_wconf 90' lang='lat' dir='ltr'><strong>illo</strong></span> <span class='ocrx_word' id='word_1_220' title='bbox 773 3225 1040 3288; x_wconf 79' lang='lat' dir='ltr'><strong>degentes,</strong></span> <span class='ocrx_word' id='word_1_221' title='bbox 1055 3235 1170 3273; x_wconf 88' lang='lat' dir='ltr'><strong>cum</strong></span> <span class='ocrx_word' id='word_1_222' title='bbox 1185 3221 1278 3274; x_wconf 89' lang='lat' dir='ltr'><strong>hoc</strong></span> <span class='ocrx_word' id='word_1_223' title='bbox 1291 3223 1449 3286; x_wconf 60' lang='lat' dir='ltr'><strong>pofflit</strong></span> <span class='ocrx_word' id='word_1_224' title='bbox 1469 3221 1532 3272; x_wconf 89' lang='lat' dir='ltr'><strong>ad</strong></span> <span class='ocrx_word' id='word_1_225' title='bbox 1551 3223 1740 3272; x_wconf 86' lang='lat' dir='ltr'><strong>bonum</strong></span> <span class='ocrx_word' id='word_1_226' title='bbox 1752 3234 1888 3271; x_wconf 90' lang='lat' dir='ltr'><strong>com·</strong></span> 
     </span>
     <span class='ocr_line' id='line_1_33' title="bbox 356 3290 1888 3358; baseline -0.005 -14"><span class='ocrx_word' id='word_1_227' title='bbox 356 3307 511 3344; x_wconf 87' lang='lat' dir='ltr'><strong>mune</strong></span> <span class='ocrx_word' id='word_1_228' title='bbox 521 3295 973 3358; x_wconf 86' lang='lat' dir='ltr'><strong>spectare.-8.De</strong></span> <span class='ocrx_word' id='word_1_229' title='bbox 985 3295 1031 3342; x_wconf 86' lang='lat' dir='ltr'><strong>vi</strong></span> <span class='ocrx_word' id='word_1_230' title='bbox 1045 3293 1514 3344; x_wconf 58' lang='lat' dir='ltr'><strong>coactiva—Ratio</strong></span> <span class='ocrx_word' id='word_1_231' title='bbox 1525 3292 1648 3342; x_wconf 88' lang='lat' dir='ltr'><strong>dubi</strong></span> <span class='ocrx_word' id='word_1_232' title='bbox 1656 3290 1888 3340; x_wconf 88' lang='lat' dir='ltr'><strong>tandi.—</strong></span> 
     </span>
     <span class='ocr_line' id='line_1_34' title="bbox 353 3361 1887 3425; baseline -0.003 -11"><span class='ocrx_word' id='word_1_233' title='bbox 353 3364 609 3414; x_wconf 83' lang='lat' dir='ltr'><strong>Reiicitur</strong></span> <span class='ocrx_word' id='word_1_234' title='bbox 627 3365 817 3416; x_wconf 88' lang='lat' dir='ltr'><strong>Glossa.</strong></span> <span class='ocrx_word' id='word_1_235' title='bbox 837 3363 968 3414; x_wconf 84' lang='lat'><strong>—9.</strong></span> <span class='ocrx_word' id='word_1_236' title='bbox 993 3362 1134 3412; x_wconf 76' lang='lat' dir='ltr'><strong>Mens</strong></span> <span class='ocrx_word' id='word_1_237' title='bbox 1153 3363 1396 3412; x_wconf 81' lang='lat' dir='ltr'><strong>auctoris,</strong></span> <span class='ocrx_word' id='word_1_238' title='bbox 1411 3388 1477 3396; x_wconf 92' lang='lat'><em>—</em></span> <span class='ocrx_word' id='word_1_239' title='bbox 1495 3362 1576 3412; x_wconf 89' lang='grc'><strong>10.</strong></span> <span class='ocrx_word' id='word_1_240' title='bbox 1607 3361 1887 3425; x_wconf 85' lang='lat' dir='ltr'><strong>Episcopus</strong></span> 
     </span>
     <span class='ocr_line' id='line_1_35' title="bbox 354 3429 1888 3497; baseline -0.003 -15"><span class='ocrx_word' id='word_1_241' title='bbox 354 3447 456 3483; x_wconf 88' lang='lat' dir='ltr'><strong>non</strong></span> <span class='ocrx_word' id='word_1_242' title='bbox 477 3439 646 3497; x_wconf 83' lang='lat' dir='ltr'><strong>potest</strong></span> <span class='ocrx_word' id='word_1_243' title='bbox 666 3433 731 3484; x_wconf 86' lang='lat' dir='ltr'><strong>ab</strong></span> <span class='ocrx_word' id='word_1_244' title='bbox 740 3433 840 3484; x_wconf 89' lang='lat' dir='ltr'><strong>alio</strong></span> <span class='ocrx_word' id='word_1_245' title='bbox 858 3433 1057 3496; x_wconf 87' lang='lat' dir='ltr'><strong>aequali</strong></span> <span class='ocrx_word' id='word_1_246' title='bbox 1077 3431 1370 3496; x_wconf 84' lang='lat' dir='ltr'><strong>puniri.-—l</strong></span> <span class='ocrx_word' id='word_1_247' title='bbox 1385 3433 1431 3481; x_wconf 91' lang='lat'><strong>1.</strong></span> <span class='ocrx_word' id='word_1_248' title='bbox 1457 3429 1526 3480; x_wconf 80' lang='lat' dir='ltr'><strong>Ad</strong></span> <span class='ocrx_word' id='word_1_249' title='bbox 1549 3431 1888 3483; x_wconf 63' lang='lat' dir='ltr'><strong>obice-tionem</strong></span> 
     </span>
     <span class='ocr_line' id='line_1_36' title="bbox 353 3499 1886 3568; baseline -0.002 -17"><span class='ocrx_word' id='word_1_250' title='bbox 353 3515 418 3552; x_wconf 79' lang='lat' dir='ltr'><strong>ex</strong></span> <span class='ocrx_word' id='word_1_251' title='bbox 441 3516 554 3567; x_wconf 87' lang='lat' dir='ltr'><strong>cap.</strong></span> <span class='ocrx_word' id='word_1_252' title='bbox 587 3499 630 3553; x_wconf 74' lang='lat' dir='ltr'><em>A</em></span> <span class='ocrx_word' id='word_1_253' title='bbox 654 3504 802 3553; x_wconf 75' lang='lat' dir='ltr'><strong>nobis</strong></span> <span class='ocrx_word' id='word_1_254' title='bbox 826 3514 978 3566; x_wconf 86' lang='lat' dir='ltr'><strong>supra</strong></span> <span class='ocrx_word' id='word_1_255' title='bbox 1001 3502 1052 3551; x_wconf 88' lang='lat' dir='ltr'><strong>in</strong></span> <span class='ocrx_word' id='word_1_256' title='bbox 1072 3499 1098 3568; x_wconf 71' lang='lat'>5</span> <span class='ocrx_word' id='word_1_257' title='bbox 1118 3503 1168 3550; x_wconf 89' lang='lat'><strong>8.</strong></span> <span class='ocrx_word' id='word_1_258' title='bbox 1193 3501 1398 3562; x_wconf 76' lang='lat' dir='ltr'><strong>factam,</strong></span> <span class='ocrx_word' id='word_1_259' title='bbox 1422 3501 1758 3564; x_wconf 86' lang='lat' dir='ltr'><strong>respondetur</strong></span> <span class='ocrx_word' id='word_1_260' title='bbox 1773 3535 1789 3560; x_wconf 96' lang='lat'><strong>,</strong></span> <span class='ocrx_word' id='word_1_261' title='bbox 1813 3499 1886 3548; x_wconf 87' lang='lat' dir='ltr'><strong>ihi</strong></span> 
     </span>
     <span class='ocr_line' id='line_1_37' title="bbox 354 3569 1891 3634; baseline -0.003 -11"><span class='ocrx_word' id='word_1_262' title='bbox 354 3586 470 3623; x_wconf 79' lang='lat' dir='ltr'><strong>csse</strong></span> <span class='ocrx_word' id='word_1_263' title='bbox 482 3585 762 3622; x_wconf 84' lang='lat' dir='ltr'><strong>sermonem</strong></span> <span class='ocrx_word' id='word_1_264' title='bbox 775 3585 870 3622; x_wconf 92' lang='lat' dir='ltr'><strong>non</strong></span> <span class='ocrx_word' id='word_1_265' title='bbox 882 3572 946 3621; x_wconf 91' lang='lat' dir='ltr'><strong>de</strong></span> <span class='ocrx_word' id='word_1_266' title='bbox 967 3572 1080 3634; x_wconf 88' lang='lat' dir='ltr'><strong>lege</strong></span> <span class='ocrx_word' id='word_1_267' title='bbox 1101 3572 1181 3620; x_wconf 84' lang='lat' dir='ltr'><strong>vel</strong></span> <span class='ocrx_word' id='word_1_268' title='bbox 1195 3577 1410 3632; x_wconf 84' lang='lat' dir='ltr'><strong>statute,</strong></span> <span class='ocrx_word' id='word_1_269' title='bbox 1425 3571 1514 3620; x_wconf 85' lang='lat' dir='ltr'><strong>sed</strong></span> <span class='ocrx_word' id='word_1_270' title='bbox 1533 3569 1596 3619; x_wconf 90' lang='lat' dir='ltr'><strong>de</strong></span> <span class='ocrx_word' id='word_1_271' title='bbox 1618 3575 1891 3634; x_wconf 81' lang='lat' dir='ltr'><strong>praecepto</strong></span> 
     </span>
     <span class='ocr_line' id='line_1_38' title="bbox 355 3639 1890 3704; baseline -0.003 -12"><span class='ocrx_word' id='word_1_272' title='bbox 355 3657 448 3692; x_wconf 84' lang='lat' dir='ltr'><strong>seu</strong></span> <span class='ocrx_word' id='word_1_273' title='bbox 467 3643 720 3693; x_wconf 84' lang='lat' dir='ltr'><strong>sententia</strong></span> <span class='ocrx_word' id='word_1_274' title='bbox 739 3640 974 3692; x_wconf 88' lang='lat' dir='ltr'><strong>hominis:</strong></span> <span class='ocrx_word' id='word_1_275' title='bbox 990 3639 1112 3704; x_wconf 89' lang='lat' dir='ltr'><strong>quid</strong></span> <span class='ocrx_word' id='word_1_276' title='bbox 1133 3648 1398 3704; x_wconf 86' lang='lat' dir='ltr'><strong>praeterea</strong></span> <span class='ocrx_word' id='word_1_277' title='bbox 1419 3641 1554 3689; x_wconf 85' lang='grc'><strong>111161·</strong></span> <span class='ocrx_word' id='word_1_278' title='bbox 1573 3639 1698 3689; x_wconf 87' lang='lat' dir='ltr'><strong>hacc</strong></span> <span class='ocrx_word' id='word_1_279' title='bbox 1727 3640 1890 3688; x_wconf 89' lang='lat' dir='ltr'><strong>inter-</strong></span> 
     </span>
     <span class='ocr_line' id='line_1_39' title="bbox 355 3707 1888 3763; baseline -0.004 -1"><span class='ocrx_word' id='word_1_280' title='bbox 355 3711 921 3763; x_wconf 86' lang='lat' dir='ltr'><strong>sit.—Panormitanus</strong></span> <span class='ocrx_word' id='word_1_281' title='bbox 955 3707 1394 3760; x_wconf 82' lang='lat' dir='ltr'><strong>reiicitur.—-12.</strong></span> <span class='ocrx_word' id='word_1_282' title='bbox 1423 3709 1716 3759; x_wconf 77' lang='lat' dir='ltr'><strong>Differentia</strong></span> <span class='ocrx_word' id='word_1_283' title='bbox 1752 3709 1888 3757; x_wconf 88' lang='lat' dir='ltr'><strong>inter</strong></span> 
     </span>
     <span class='ocr_line' id='line_1_40' title="bbox 357 3778 1884 3846; baseline -0.003 -14"><span class='ocrx_word' id='word_1_284' title='bbox 357 3783 526 3844; x_wconf 88' lang='lat' dir='ltr'><strong>legem</strong></span> <span class='ocrx_word' id='word_1_285' title='bbox 555 3789 608 3832; x_wconf 90' lang='grc'><strong>61</strong></span> <span class='ocrx_word' id='word_1_286' title='bbox 639 3794 822 3846; x_wconf 89' lang='lat' dir='ltr'><strong>purum</strong></span> <span class='ocrx_word' id='word_1_287' title='bbox 851 3785 1178 3845; x_wconf 86' lang='lat' dir='ltr'><strong>pracceptum</strong></span> <span class='ocrx_word' id='word_1_288' title='bbox 1207 3778 1439 3830; x_wconf 88' lang='lat' dir='ltr'><strong>hominis.</strong></span> <span class='ocrx_word' id='word_1_289' title='bbox 1456 3779 1618 3828; x_wconf 81' lang='lat'><strong>—13.</strong></span> <span class='ocrx_word' id='word_1_290' title='bbox 1647 3779 1884 3828; x_wconf 88' lang='lat' dir='ltr'><strong>Dubium.</strong></span> 
     </span>
     <span class='ocr_line' id='line_1_41' title="bbox 355 3847 1890 3915; baseline -0.003 -14"><span class='ocrx_word' id='word_1_291' title='bbox 355 3852 663 3913; x_wconf 77' lang='lat' dir='ltr'><strong>—Advcna‚</strong></span> <span class='ocrx_word' id='word_1_292' title='bbox 689 3851 780 3915; x_wconf 91' lang='lat' dir='ltr'><strong>qui</strong></span> <span class='ocrx_word' id='word_1_293' title='bbox 807 3856 1166 3900; x_wconf 86' lang='lat' dir='ltr'><strong>testamentum</strong></span> <span class='ocrx_word' id='word_1_294' title='bbox 1193 3847 1315 3898; x_wconf 78' lang='lat' dir='ltr'><strong>t&#39;acit</strong></span> <span class='ocrx_word' id='word_1_295' title='bbox 1336 3856 1424 3900; x_wconf 84' lang='lat' dir='ltr'><strong>aut</strong></span> <span class='ocrx_word' id='word_1_296' title='bbox 1442 3847 1890 3909; x_wconf 85' lang='lat' dir='ltr'><strong>contractum,de·</strong></span> 
     </span>
     <span class='ocr_line' id='line_1_42' title="bbox 357 3918 1891 3983; baseline -0.003 -10"><span class='ocrx_word' id='word_1_297' title='bbox 357 3924 450 3973; x_wconf 84' lang='lat' dir='ltr'><strong>bet</strong></span> <span class='ocrx_word' id='word_1_298' title='bbox 473 3933 678 3972; x_wconf 83' lang='lat' dir='ltr'><strong>servare</strong></span> <span class='ocrx_word' id='word_1_299' title='bbox 703 3921 752 3969; x_wconf 89' lang='lat' dir='ltr'><strong>in</strong></span> <span class='ocrx_word' id='word_1_300' title='bbox 781 3921 885 3970; x_wconf 90' lang='lat' dir='ltr'><strong>illis</strong></span> <span class='ocrx_word' id='word_1_301' title='bbox 909 3918 1124 3970; x_wconf 78' lang='lat' dir='ltr'><strong>formam</strong></span> <span class='ocrx_word' id='word_1_302' title='bbox 1147 3920 1510 3983; x_wconf 79' lang='lat' dir='ltr'><strong>praescriptam</strong></span> <span class='ocrx_word' id='word_1_303' title='bbox 1539 3920 1670 3980; x_wconf 91' lang='lat' dir='ltr'><strong>loci,</strong></span> <span class='ocrx_word' id='word_1_304' title='bbox 1711 3919 1762 3967; x_wconf 90' lang='lat' dir='ltr'><strong>in</strong></span> <span class='ocrx_word' id='word_1_305' title='bbox 1787 3931 1891 3981; x_wconf 89' lang='lat' dir='ltr'><strong>quo</strong></span> 
     </span>
     <span class='ocr_line' id='line_1_43' title="bbox 357 3986 1890 4054; baseline -0.002 -13"><span class='ocrx_word' id='word_1_306' title='bbox 357 3991 519 4054; x_wconf 84' lang='lat' dir='ltr'><strong>degit.</strong></span> <span class='ocrx_word' id='word_1_307' title='bbox 535 4019 598 4026; x_wconf 97' lang='lat'><strong>—</strong></span> <span class='ocrx_word' id='word_1_308' title='bbox 615 3991 698 4041; x_wconf 79' lang='lat' dir='ltr'><strong>u.</strong></span> <span class='ocrx_word' id='word_1_309' title='bbox 715 3989 940 4040; x_wconf 78' lang='lat' dir='ltr'><strong>Insertur</strong></span> <span class='ocrx_word' id='word_1_310' title='bbox 957 4001 1020 4038; x_wconf 85' lang='lat' dir='ltr'><strong>ex</strong></span> <span class='ocrx_word' id='word_1_311' title='bbox 1037 3987 1153 4050; x_wconf 88' lang='lat' dir='ltr'><strong>hoc,</strong></span> <span class='ocrx_word' id='word_1_312' title='bbox 1177 3990 1258 4038; x_wconf 90' lang='lat' dir='ltr'><strong>ius</strong></span> <span class='ocrx_word' id='word_1_313' title='bbox 1277 3989 1548 4051; x_wconf 70' lang='lat' dir='ltr'><strong>positivum</strong></span> <span class='ocrx_word' id='word_1_314' title='bbox 1570 3986 1890 4051; x_wconf 86' lang='lat' dir='ltr'><strong>impediendo</strong></span> 
     </span>
     <span class='ocr_line' id='line_1_44' title="bbox 361 4057 1848 4123; baseline -0.003 -13"><span class='ocrx_word' id='word_1_315' title='bbox 361 4062 583 4112; x_wconf 83' lang='lat' dir='ltr'><strong>valorem</strong></span> <span class='ocrx_word' id='word_1_316' title='bbox 606 4067 773 4122; x_wconf 81' lang='lat' dir='ltr'><strong>actus,</strong></span> <span class='ocrx_word' id='word_1_317' title='bbox 801 4063 1174 4123; x_wconf 88' lang='lat' dir='ltr'><strong>consequenter</strong></span> <span class='ocrx_word' id='word_1_318' title='bbox 1201 4057 1445 4122; x_wconf 84' lang='lat' dir='ltr'><strong>impedire</strong></span> <span class='ocrx_word' id='word_1_319' title='bbox 1470 4058 1848 4121; x_wconf 78' lang='lat' dir='ltr'><strong>obligationem.</strong></span> 
     </span>
    </p>
   </div>
   <div class='ocr_carea' id='block_1_7' title="bbox 291 4212 1889 5286">
    <p class='ocr_par' dir='ltr' id='par_1_7' title="bbox 291 4212 1889 5286">
     <span class='ocr_line' id='line_1_45' title="bbox 379 4212 1881 4288; baseline -0.005 -12"><span class='ocrx_word' id='word_1_320' title='bbox 379 4224 428 4276; x_wconf 88' lang='lat'><strong>1.</strong></span> <span class='ocrx_word' id='word_1_321' title='bbox 447 4218 822 4287; x_wconf 80' lang='lat' dir='ltr'><strong>Quaestionem</strong></span> <span class='ocrx_word' id='word_1_322' title='bbox 844 4215 984 4273; x_wconf 88' lang='lat' dir='ltr'><strong>hanc</strong></span> <span class='ocrx_word' id='word_1_323' title='bbox 1009 4217 1240 4273; x_wconf 77' lang='lat' dir='ltr'><strong>tractavi</strong></span> <span class='ocrx_word' id='word_1_324' title='bbox 1264 4215 1368 4272; x_wconf 88' lang='lat' dir='ltr'><strong>late</strong></span> <span class='ocrx_word' id='word_1_325' title='bbox 1389 4221 1524 4271; x_wconf 90' lang='lat' dir='ltr'><strong>tom.</strong></span> <span class='ocrx_word' id='word_1_326' title='bbox 1547 4219 1594 4271; x_wconf 87' lang='lat' dir='ltr'><strong>t.</strong></span> <span class='ocrx_word' id='word_1_327' title='bbox 1619 4212 1690 4270; x_wconf 83' lang='lat' dir='ltr'><strong>de</strong></span> <span class='ocrx_word' id='word_1_328' title='bbox 1708 4213 1881 4288; x_wconf 75' lang='lat' dir='ltr'><strong>reliq.</strong></span> 
     </span>
     <span class='ocr_line' id='line_1_46' title="bbox 293 4305 1887 4380; baseline -0.005 -12"><span class='ocrx_word' id='word_1_329' title='bbox 293 4316 457 4368; x_wconf 88' lang='lat' dir='ltr'><strong>tract.</strong></span> <span class='ocrx_word' id='word_1_330' title='bbox 489 4315 546 4380; x_wconf 84' lang='lat'><strong>2,</strong></span> <span class='ocrx_word' id='word_1_331' title='bbox 578 4307 670 4365; x_wconf 86' lang='lat' dir='ltr'><strong>lib.</strong></span> <span class='ocrx_word' id='word_1_332' title='bbox 700 4308 756 4364; x_wconf 76' lang='lat'><strong>2.</strong></span> <span class='ocrx_word' id='word_1_333' title='bbox 789 4307 856 4364; x_wconf 89' lang='lat' dir='ltr'><strong>de</strong></span> <span class='ocrx_word' id='word_1_334' title='bbox 886 4307 1058 4377; x_wconf 77' lang='lat' dir='ltr'><strong>sestis,</strong></span> <span class='ocrx_word' id='word_1_335' title='bbox 1089 4321 1142 4362; x_wconf 92' lang='lat' dir='ltr'><strong>c.</strong></span> <span class='ocrx_word' id='word_1_336' title='bbox 1177 4311 1262 4364; x_wconf 78' lang='grc'><strong>14.</strong></span> <span class='ocrx_word' id='word_1_337' title='bbox 1291 4305 1576 4362; x_wconf 81' lang='lat' dir='ltr'><strong>occasione</strong></span> <span class='ocrx_word' id='word_1_338' title='bbox 1613 4306 1887 4377; x_wconf 82' lang='lat' dir='ltr'><strong>praecepti</strong></span> 
     </span>
     <span class='ocr_line' id='line_1_47' title="bbox 292 4394 1883 4470; baseline -0.004 -14"><span class='ocrx_word' id='word_1_339' title='bbox 292 4399 544 4457; x_wconf 85' lang='lat' dir='ltr'><strong>servandi</strong></span> <span class='ocrx_word' id='word_1_340' title='bbox 575 4399 736 4470; x_wconf 70' lang='lat' dir='ltr'><strong>resta,</strong></span> <span class='ocrx_word' id='word_1_341' title='bbox 767 4405 825 4454; x_wconf 89' lang='lat' dir='ltr'><strong>et</strong></span> <span class='ocrx_word' id='word_1_342' title='bbox 849 4397 968 4454; x_wconf 90' lang='lat' dir='ltr'><strong>ideo</strong></span> <span class='ocrx_word' id='word_1_343' title='bbox 999 4397 1052 4451; x_wconf 90' lang='lat' dir='ltr'><strong>in</strong></span> <span class='ocrx_word' id='word_1_344' title='bbox 1083 4394 1354 4466; x_wconf 87' lang='lat' dir='ltr'><strong>praesenti</strong></span> <span class='ocrx_word' id='word_1_345' title='bbox 1385 4394 1588 4466; x_wconf 86' lang='lat' dir='ltr'><strong>absque</strong></span> <span class='ocrx_word' id='word_1_346' title='bbox 1609 4394 1883 4467; x_wconf 87' lang='lat' dir='ltr'><strong>repetitio-</strong></span> 
     </span>
     <span class='ocr_line' id='line_1_48' title="bbox 291 4481 1886 4562; baseline -0.003 -15"><span class='ocrx_word' id='word_1_347' title='bbox 291 4509 360 4548; x_wconf 89' lang='lat' dir='ltr'><strong>ne</strong></span> <span class='ocrx_word' id='word_1_348' title='bbox 389 4489 754 4562; x_wconf 83' lang='lat' dir='ltr'><strong>perstringam</strong></span> <span class='ocrx_word' id='word_1_349' title='bbox 774 4487 1032 4554; x_wconf 84' lang='lat' dir='ltr'><strong>breviter,</strong></span> <span class='ocrx_word' id='word_1_350' title='bbox 1057 4499 1198 4558; x_wconf 90' lang='lat' dir='ltr'><strong>quae</strong></span> <span class='ocrx_word' id='word_1_351' title='bbox 1220 4483 1290 4540; x_wconf 92' lang='lat' dir='ltr'><strong>ibi</strong></span> <span class='ocrx_word' id='word_1_352' title='bbox 1314 4481 1526 4552; x_wconf 88' lang='lat' dir='ltr'><strong>tradidi,</strong></span> <span class='ocrx_word' id='word_1_353' title='bbox 1545 4491 1600 4540; x_wconf 90' lang='lat' dir='ltr'><strong>et</strong></span> <span class='ocrx_word' id='word_1_354' title='bbox 1624 4485 1886 4542; x_wconf 88' lang='lat' dir='ltr'><strong>nonnulla</strong></span> 
     </span>
     <span class='ocr_line' id='line_1_49' title="bbox 295 4570 1883 4648; baseline -0.007 -9"><span class='ocrx_word' id='word_1_355' title='bbox 295 4580 491 4639; x_wconf 85' lang='lat' dir='ltr'><strong>addam</strong></span> <span class='ocrx_word' id='word_1_356' title='bbox 520 4577 648 4634; x_wconf 91' lang='lat' dir='ltr'><strong>huic</strong></span> <span class='ocrx_word' id='word_1_357' title='bbox 675 4577 795 4632; x_wconf 92' lang='lat' dir='ltr'><strong>loco</strong></span> <span class='ocrx_word' id='word_1_358' title='bbox 827 4577 998 4648; x_wconf 84' lang='lat' dir='ltr'><strong>magis</strong></span> <span class='ocrx_word' id='word_1_359' title='bbox 1023 4571 1458 4630; x_wconf 89' lang='lat' dir='ltr'><strong>accommodata.</strong></span> <span class='ocrx_word' id='word_1_360' title='bbox 1502 4570 1624 4627; x_wconf 89' lang='lat' dir='ltr'><strong>Tria</strong></span> <span class='ocrx_word' id='word_1_361' title='bbox 1653 4587 1784 4645; x_wconf 89' lang='lat' dir='ltr'><strong>ergo</strong></span> <span class='ocrx_word' id='word_1_362' title='bbox 1828 4575 1883 4629; x_wconf 91' lang='lat' dir='ltr'><strong>in</strong></span> 
     </span>
     <span class='ocr_line' id='line_1_50' title="bbox 295 4660 1886 4742; baseline -0.006 -15"><span class='ocrx_word' id='word_1_363' title='bbox 295 4671 414 4742; x_wconf 88' lang='lat' dir='ltr'><strong>lege</strong></span> <span class='ocrx_word' id='word_1_364' title='bbox 455 4666 714 4740; x_wconf 80' lang='lat' dir='ltr'><strong>distingui</strong></span> <span class='ocrx_word' id='word_1_365' title='bbox 753 4670 1014 4737; x_wconf 84' lang='lat' dir='ltr'><strong>possunt:</strong></span> <span class='ocrx_word' id='word_1_366' title='bbox 1048 4663 1123 4719; x_wconf 86' lang='lat' dir='ltr'><strong>vis</strong></span> <span class='ocrx_word' id='word_1_367' title='bbox 1155 4660 1424 4736; x_wconf 88' lang='lat' dir='ltr'><strong>obligandi</strong></span> <span class='ocrx_word' id='word_1_368' title='bbox 1455 4661 1506 4716; x_wconf 90' lang='lat' dir='ltr'><strong>in</strong></span> <span class='ocrx_word' id='word_1_369' title='bbox 1536 4663 1886 4732; x_wconf 87' lang='lat' dir='ltr'><strong>conscientia,</strong></span> 
     </span>
     <span class='ocr_line' id='line_1_51' title="bbox 293 4751 1885 4834; baseline -0.004 -19"><span class='ocrx_word' id='word_1_370' title='bbox 293 4775 458 4834; x_wconf 90' lang='lat' dir='ltr'><strong>quam</strong></span> <span class='ocrx_word' id='word_1_371' title='bbox 500 4756 811 4813; x_wconf 89' lang='lat' dir='ltr'><strong>directivam</strong></span> <span class='ocrx_word' id='word_1_372' title='bbox 851 4769 986 4812; x_wconf 89' lang='lat' dir='ltr'><strong>voco</strong></span> <span class='ocrx_word' id='word_1_373' title='bbox 1011 4795 1026 4819; x_wconf 87' lang='lat'><strong>,</strong></span> <span class='ocrx_word' id='word_1_374' title='bbox 1063 4753 1140 4808; x_wconf 81' lang='lat' dir='ltr'><strong>vis</strong></span> <span class='ocrx_word' id='word_1_375' title='bbox 1183 4751 1461 4824; x_wconf 84' lang='lat' dir='ltr'><strong>coactiva,</strong></span> <span class='ocrx_word' id='word_1_376' title='bbox 1492 4765 1588 4822; x_wconf 91' lang='lat' dir='ltr'><strong>per</strong></span> <span class='ocrx_word' id='word_1_377' title='bbox 1617 4766 1782 4823; x_wconf 90' lang='lat' dir='ltr'><strong>quam</strong></span> <span class='ocrx_word' id='word_1_378' title='bbox 1807 4753 1885 4822; x_wconf 84' lang='lat' dir='ltr'><strong>tit,</strong></span> 
     </span>
     <span class='ocr_line' id='line_1_52' title="bbox 296 4840 1889 4922; baseline -0.007 -14"><span class='ocrx_word' id='word_1_379' title='bbox 296 4859 362 4908; x_wconf 90' lang='lat' dir='ltr'><strong>ut</strong></span> <span class='ocrx_word' id='word_1_380' title='bbox 390 4849 594 4922; x_wconf 90' lang='lat' dir='ltr'><strong>aliquis</strong></span> <span class='ocrx_word' id='word_1_381' title='bbox 624 4846 799 4918; x_wconf 89' lang='lat' dir='ltr'><strong>puniri</strong></span> <span class='ocrx_word' id='word_1_382' title='bbox 829 4845 1000 4916; x_wconf 81' lang='lat' dir='ltr'><strong>possit</strong></span> <span class='ocrx_word' id='word_1_383' title='bbox 1024 4841 1332 4898; x_wconf 81' lang='lat' dir='ltr'><strong>secundum</strong></span> <span class='ocrx_word' id='word_1_384' title='bbox 1364 4840 1560 4914; x_wconf 89' lang='lat' dir='ltr'><strong>legem,</strong></span> <span class='ocrx_word' id='word_1_385' title='bbox 1592 4847 1647 4897; x_wconf 89' lang='lat' dir='ltr'><strong>et</strong></span> <span class='ocrx_word' id='word_1_386' title='bbox 1673 4840 1753 4896; x_wconf 88' lang='lat' dir='ltr'><strong>vis</strong></span> <span class='ocrx_word' id='word_1_387' title='bbox 1793 4857 1889 4913; x_wconf 90' lang='lat' dir='ltr'><strong>po-</strong></span> 
     </span>
     <span class='ocr_line' id='line_1_53' title="bbox 297 4929 1888 4998; baseline -0.006 -1"><span class='ocrx_word' id='word_1_388' title='bbox 297 4939 459 4998; x_wconf 88' lang='lat' dir='ltr'><strong>nendi</strong></span> <span class='ocrx_word' id='word_1_389' title='bbox 494 4939 724 4994; x_wconf 78' lang='lat' dir='ltr'><strong>sormam</strong></span> <span class='ocrx_word' id='word_1_390' title='bbox 753 4935 806 4990; x_wconf 92' lang='lat' dir='ltr'><strong>in</strong></span> <span class='ocrx_word' id='word_1_391' title='bbox 833 4931 1215 4991; x_wconf 88' lang='lat' dir='ltr'><strong>contractibus</strong></span> <span class='ocrx_word' id='word_1_392' title='bbox 1241 4937 1298 4987; x_wconf 91' lang='lat' dir='ltr'><strong>et</strong></span> <span class='ocrx_word' id='word_1_393' title='bbox 1325 4930 1444 4987; x_wconf 85' lang='lat' dir='ltr'><strong>aliis</strong></span> <span class='ocrx_word' id='word_1_394' title='bbox 1471 4930 1685 4986; x_wconf 89' lang='lat' dir='ltr'><strong>actibus</strong></span> <span class='ocrx_word' id='word_1_395' title='bbox 1709 4929 1888 4988; x_wconf 79' lang='lat' dir='ltr'><strong>soren-</strong></span> 
     </span>
     <span class='ocr_line' id='line_1_54' title="bbox 296 5020 1888 5099; baseline -0.008 -11"><span class='ocrx_word' id='word_1_396' title='bbox 296 5032 474 5098; x_wconf 87' lang='lat' dir='ltr'><strong>sibus‚</strong></span> <span class='ocrx_word' id='word_1_397' title='bbox 515 5042 610 5099; x_wconf 90' lang='lat' dir='ltr'><strong>per</strong></span> <span class='ocrx_word' id='word_1_398' title='bbox 638 5041 802 5099; x_wconf 86' lang='lat' dir='ltr'><strong>quam</strong></span> <span class='ocrx_word' id='word_1_399' title='bbox 831 5021 1102 5079; x_wconf 86' lang='lat' dir='ltr'><strong>interdum</strong></span> <span class='ocrx_word' id='word_1_400' title='bbox 1135 5021 1210 5091; x_wconf 78' lang='lat' dir='ltr'><strong>fit,</strong></span> <span class='ocrx_word' id='word_1_401' title='bbox 1241 5025 1305 5076; x_wconf 90' lang='lat' dir='ltr'><strong>ut</strong></span> <span class='ocrx_word' id='word_1_402' title='bbox 1329 5027 1492 5076; x_wconf 87' lang='lat' dir='ltr'><strong>actus</strong></span> <span class='ocrx_word' id='word_1_403' title='bbox 1520 5020 1672 5077; x_wconf 86' lang='lat' dir='ltr'><strong>aliter</strong></span> <span class='ocrx_word' id='word_1_404' title='bbox 1710 5020 1888 5076; x_wconf 79' lang='lat' dir='ltr'><strong>factus</strong></span> 
     </span>
     <span class='ocr_line' id='line_1_55' title="bbox 297 5108 1888 5184; baseline -0.007 -7"><span class='ocrx_word' id='word_1_405' title='bbox 297 5119 510 5176; x_wconf 88' lang='lat' dir='ltr'><strong>validus</strong></span> <span class='ocrx_word' id='word_1_406' title='bbox 539 5131 646 5173; x_wconf 90' lang='lat' dir='ltr'><strong>non</strong></span> <span class='ocrx_word' id='word_1_407' title='bbox 675 5116 777 5170; x_wconf 87' lang='lat' dir='ltr'><strong>sit:</strong></span> <span class='ocrx_word' id='word_1_408' title='bbox 819 5120 876 5169; x_wconf 90' lang='lat' dir='ltr'><strong>et</strong></span> <span class='ocrx_word' id='word_1_409' title='bbox 914 5110 1096 5184; x_wconf 88' lang='lat' dir='ltr'><strong>quoad</strong></span> <span class='ocrx_word' id='word_1_410' title='bbox 1141 5109 1275 5166; x_wconf 89' lang='lat' dir='ltr'><strong>haec</strong></span> <span class='ocrx_word' id='word_1_411' title='bbox 1313 5110 1414 5165; x_wconf 89' lang='lat' dir='ltr'><strong>tria</strong></span> <span class='ocrx_word' id='word_1_412' title='bbox 1449 5108 1768 5182; x_wconf 81' lang='lat' dir='ltr'><strong>explicanda</strong></span> <span class='ocrx_word' id='word_1_413' title='bbox 1805 5117 1888 5166; x_wconf 88' lang='lat' dir='ltr'><strong>est</strong></span> 
     </span>
     <span class='ocr_line' id='line_1_56' title="bbox 297 5199 1875 5286; baseline -0.008 -17"><span class='ocrx_word' id='word_1_414' title='bbox 297 5208 577 5286; x_wconf 84' lang='lat' dir='ltr'><strong>proposita</strong></span> <span class='ocrx_word' id='word_1_415' title='bbox 595 5205 863 5278; x_wconf 86' lang='lat' dir='ltr'><strong>quaestio,</strong></span> <span class='ocrx_word' id='word_1_416' title='bbox 878 5202 1005 5276; x_wconf 88' lang='lat' dir='ltr'><strong>quia</strong></span> <span class='ocrx_word' id='word_1_417' title='bbox 1027 5201 1276 5274; x_wconf 86' lang='lat' dir='ltr'><strong>proprias</strong></span> <span class='ocrx_word' id='word_1_418' title='bbox 1297 5199 1875 5258; x_wconf 83' lang='lat' dir='ltr'><strong>habentdifflcultates.</strong></span> 
     </span>
    </p>
   </div>
   <div class='ocr_carea' id='block_1_8' title="bbox 3337 313 3459 378">
    <p class='ocr_par' dir='ltr' id='par_1_8' title="bbox 3337 313 3459 378">
     <span class='ocr_line' id='line_1_57' title="bbox 3337 313 3459 378; baseline 0 -1"><span class='ocrx_word' id='word_1_419' title='bbox 3337 313 3459 378; x_wconf 81' lang='lat'><strong>277</strong></span> 
     </span>
    </p>
   </div>
   <div class='ocr_carea' id='block_1_9' title="bbox 1941 452 3547 5269">
    <p class='ocr_par' dir='ltr' id='par_1_9' title="bbox 1941 452 3545 3570">
     <span class='ocr_line' id='line_1_58' title="bbox 2019 452 3531 530; baseline 0.003 -21"><span class='ocrx_word' id='word_1_420' title='bbox 2019 457 2076 509; x_wconf 83' lang='lat'><strong>2.</strong></span> <span class='ocrx_word' id='word_1_421' title='bbox 2108 452 2263 508; x_wconf 89' lang='lat' dir='ltr'><strong>Circa</strong></span> <span class='ocrx_word' id='word_1_422' title='bbox 2294 453 2527 525; x_wconf 90' lang='lat' dir='ltr'><strong>primum</strong></span> <span class='ocrx_word' id='word_1_423' title='bbox 2558 460 2825 525; x_wconf 87' lang='lat' dir='ltr'><strong>punctum</strong></span> <span class='ocrx_word' id='word_1_424' title='bbox 2851 455 3031 511; x_wconf 89' lang='lat' dir='ltr'><strong>variae</strong></span> <span class='ocrx_word' id='word_1_425' title='bbox 3058 461 3189 511; x_wconf 86' lang='lat' dir='ltr'><strong>sunt</strong></span> <span class='ocrx_word' id='word_1_426' title='bbox 3210 458 3531 530; x_wconf 89' lang='lat' dir='ltr'><strong>sententiae,</strong></span> 
     </span>
     <span class='ocr_line' id='line_1_59' title="bbox 1941 543 3533 619; baseline 0.003 -23"><span class='ocrx_word' id='word_1_427' title='bbox 1941 557 2078 614; x_wconf 89' lang='lat' dir='ltr'><strong>quas</strong></span> <span class='ocrx_word' id='word_1_428' title='bbox 2107 544 2274 599; x_wconf 87' lang='lat' dir='ltr'><strong>citato</strong></span> <span class='ocrx_word' id='word_1_429' title='bbox 2304 543 2423 598; x_wconf 91' lang='lat' dir='ltr'><strong>loco</strong></span> <span class='ocrx_word' id='word_1_430' title='bbox 2453 544 2637 600; x_wconf 88' lang='lat' dir='ltr'><strong>retuli.</strong></span> <span class='ocrx_word' id='word_1_431' title='bbox 2670 544 2849 600; x_wconf 88' lang='lat' dir='ltr'><strong>Prima</strong></span> <span class='ocrx_word' id='word_1_432' title='bbox 2886 551 2971 601; x_wconf 85' lang='lat' dir='ltr'><strong>est</strong></span> <span class='ocrx_word' id='word_1_433' title='bbox 3012 544 3258 601; x_wconf 88' lang='lat' dir='ltr'><strong>absolute</strong></span> <span class='ocrx_word' id='word_1_434' title='bbox 3306 561 3533 619; x_wconf 86' lang='lat' dir='ltr'><strong>negans,</strong></span> 
     </span>
     <span class='ocr_line' id='line_1_60' title="bbox 1942 630 3535 705; baseline 0.005 -20"><span class='ocrx_word' id='word_1_435' title='bbox 1942 630 2181 703; x_wconf 88' lang='lat' dir='ltr'><strong>aliquem</strong></span> <span class='ocrx_word' id='word_1_436' title='bbox 2210 631 2435 704; x_wconf 88' lang='lat' dir='ltr'><strong>obligari</strong></span> <span class='ocrx_word' id='word_1_437' title='bbox 2466 633 2669 705; x_wconf 87' lang='lat' dir='ltr'><strong>legibus</strong></span> <span class='ocrx_word' id='word_1_438' title='bbox 2694 633 2820 704; x_wconf 88' lang='lat' dir='ltr'><strong>loci,</strong></span> <span class='ocrx_word' id='word_1_439' title='bbox 2852 635 2953 690; x_wconf 88' lang='lat' dir='ltr'><strong>nisi</strong></span> <span class='ocrx_word' id='word_1_440' title='bbox 2973 634 3025 690; x_wconf 93' lang='lat' dir='ltr'><strong>in</strong></span> <span class='ocrx_word' id='word_1_441' title='bbox 3054 650 3119 690; x_wconf 92' lang='lat' dir='ltr'><strong>eo</strong></span> <span class='ocrx_word' id='word_1_442' title='bbox 3148 634 3342 692; x_wconf 87' lang='lat' dir='ltr'><strong>habeat</strong></span> <span class='ocrx_word' id='word_1_443' title='bbox 3368 635 3535 693; x_wconf 82' lang='lat' dir='ltr'><strong>fixum</strong></span> 
     </span>
     <span class='ocr_line' id='line_1_61' title="bbox 1941 720 3530 796; baseline 0.004 -21"><span class='ocrx_word' id='word_1_444' title='bbox 1941 727 1996 776; x_wconf 91' lang='grc'><strong>61</strong></span> <span class='ocrx_word' id='word_1_445' title='bbox 2023 721 2327 790; x_wconf 81' lang='lat' dir='ltr'><strong>perrectum</strong></span> <span class='ocrx_word' id='word_1_446' title='bbox 2355 720 2711 778; x_wconf 87' lang='lat' dir='ltr'><strong>domicilium.</strong></span> <span class='ocrx_word' id='word_1_447' title='bbox 2742 725 2845 780; x_wconf 86' lang='lat' dir='ltr'><strong>Pro</strong></span> <span class='ocrx_word' id='word_1_448' title='bbox 2866 739 2977 796; x_wconf 90' lang='lat' dir='ltr'><strong>qua</strong></span> <span class='ocrx_word' id='word_1_449' title='bbox 3000 725 3067 780; x_wconf 88' lang='lat' dir='ltr'><strong>ibi</strong></span> <span class='ocrx_word' id='word_1_450' title='bbox 3094 725 3317 796; x_wconf 80' lang='lat' dir='ltr'><strong>allegavi</strong></span> <span class='ocrx_word' id='word_1_451' title='bbox 3342 725 3530 782; x_wconf 88' lang='lat' dir='ltr'><strong>Palud.</strong></span> 
     </span>
     <span class='ocr_line' id='line_1_62' title="bbox 1942 807 3533 887; baseline 0.004 -22"><span class='ocrx_word' id='word_1_452' title='bbox 1942 807 2138 866; x_wconf 70' lang='lat' dir='ltr'><strong>Medin.</strong></span> <span class='ocrx_word' id='word_1_453' title='bbox 2170 808 2394 865; x_wconf 79' lang='lat' dir='ltr'><strong>Archid.</strong></span> <span class='ocrx_word' id='word_1_454' title='bbox 2426 811 2699 868; x_wconf 82' lang='lat' dir='ltr'><strong>Hostiens.</strong></span> <span class='ocrx_word' id='word_1_455' title='bbox 2728 819 2784 868; x_wconf 93' lang='lat' dir='ltr'><strong>et</strong></span> <span class='ocrx_word' id='word_1_456' title='bbox 2804 813 2956 884; x_wconf 86' lang='lat' dir='ltr'><strong>alios,</strong></span> <span class='ocrx_word' id='word_1_457' title='bbox 2981 813 3075 869; x_wconf 89' lang='lat' dir='ltr'><strong>sed</strong></span> <span class='ocrx_word' id='word_1_458' title='bbox 3100 812 3243 870; x_wconf 89' lang='lat' dir='ltr'><strong>illam</strong></span> <span class='ocrx_word' id='word_1_459' title='bbox 3276 820 3533 887; x_wconf 85' lang='lat' dir='ltr'><strong>tanquam</strong></span> 
     </span>
     <span class='ocr_line' id='line_1_63' title="bbox 1944 899 3536 976; baseline 0.003 -21"><span class='ocrx_word' id='word_1_460' title='bbox 1944 899 2352 971; x_wconf 88' lang='lat' dir='ltr'><strong>improbabilem</strong></span> <span class='ocrx_word' id='word_1_461' title='bbox 2378 900 2625 957; x_wconf 80' lang='lat' dir='ltr'><strong>refutavi.</strong></span> <span class='ocrx_word' id='word_1_462' title='bbox 2652 901 2901 958; x_wconf 87' lang='lat' dir='ltr'><strong>Secunda</strong></span> <span class='ocrx_word' id='word_1_463' title='bbox 2921 902 3075 974; x_wconf 91' lang='lat' dir='ltr'><strong>dicit,</strong></span> <span class='ocrx_word' id='word_1_464' title='bbox 3102 904 3244 976; x_wconf 84' lang='lat' dir='ltr'><strong>leges</strong></span> <span class='ocrx_word' id='word_1_465' title='bbox 3274 903 3379 960; x_wconf 91' lang='lat' dir='ltr'><strong>loci</strong></span> <span class='ocrx_word' id='word_1_466' title='bbox 3404 905 3536 960; x_wconf 88' lang='lat' dir='ltr'><strong>obli·</strong></span> 
     </span>
     <span class='ocr_line' id='line_1_64' title="bbox 1941 989 3533 1067; baseline 0.003 -22"><span class='ocrx_word' id='word_1_467' title='bbox 1941 1005 2070 1062; x_wconf 88' lang='lat' dir='ltr'><strong>gare</strong></span> <span class='ocrx_word' id='word_1_468' title='bbox 2099 995 2317 1046; x_wconf 82' lang='lat' dir='ltr'><strong>exteros</strong></span> <span class='ocrx_word' id='word_1_469' title='bbox 2346 990 2418 1045; x_wconf 84' lang='lat' dir='ltr'><strong>ita</strong></span> <span class='ocrx_word' id='word_1_470' title='bbox 2442 989 2512 1045; x_wconf 90' lang='lat' dir='ltr'><strong>ibi</strong></span> <span class='ocrx_word' id='word_1_471' title='bbox 2542 999 2939 1062; x_wconf 72' lang='grc' dir='ltr'><strong>ρει-1116666166,</strong></span> <span class='ocrx_word' id='word_1_472' title='bbox 2965 998 3025 1048; x_wconf 92' lang='lat' dir='ltr'><strong>ut</strong></span> <span class='ocrx_word' id='word_1_473' title='bbox 3055 993 3238 1049; x_wconf 88' lang='lat' dir='ltr'><strong>saltem</strong></span> <span class='ocrx_word' id='word_1_474' title='bbox 3260 994 3415 1067; x_wconf 90' lang='lat' dir='ltr'><strong>quasi</strong></span> <span class='ocrx_word' id='word_1_475' title='bbox 3436 993 3533 1050; x_wconf 91' lang='lat' dir='ltr'><strong>do·</strong></span> 
     </span>
     <span class='ocr_line' id='line_1_65' title="bbox 1946 1077 3527 1156; baseline 0.004 -22"><span class='ocrx_word' id='word_1_476' title='bbox 1946 1078 2207 1134; x_wconf 88' lang='lat' dir='ltr'><strong>micilium</strong></span> <span class='ocrx_word' id='word_1_477' title='bbox 2236 1077 2581 1150; x_wconf 88' lang='lat' dir='ltr'><strong>contrahant,</strong></span> <span class='ocrx_word' id='word_1_478' title='bbox 2612 1096 2718 1136; x_wconf 92' lang='lat' dir='ltr'><strong>non</strong></span> <span class='ocrx_word' id='word_1_479' title='bbox 2751 1096 2879 1136; x_wconf 89' lang='lat' dir='ltr'><strong>vero</strong></span> <span class='ocrx_word' id='word_1_480' title='bbox 2918 1079 3052 1138; x_wconf 88' lang='lat' dir='ltr'><strong>alios</strong></span> <span class='ocrx_word' id='word_1_481' title='bbox 3094 1082 3242 1138; x_wconf 87' lang='lat' dir='ltr'><strong>brevi</strong></span> <span class='ocrx_word' id='word_1_482' title='bbox 3284 1089 3527 1156; x_wconf 88' lang='lat' dir='ltr'><strong>tempore</strong></span> 
     </span>
     <span class='ocr_line' id='line_1_66' title="bbox 1944 1168 3531 1244; baseline 0.003 -21"><span class='ocrx_word' id='word_1_483' title='bbox 1944 1168 2016 1224; x_wconf 88' lang='lat' dir='ltr'><strong>ibi</strong></span> <span class='ocrx_word' id='word_1_484' title='bbox 2043 1171 2361 1240; x_wconf 86' lang='lat' dir='ltr'><strong>existentes,</strong></span> <span class='ocrx_word' id='word_1_485' title='bbox 2396 1168 2478 1224; x_wconf 88' lang='lat' dir='ltr'><strong>vel</strong></span> <span class='ocrx_word' id='word_1_486' title='bbox 2506 1169 2627 1224; x_wconf 92' lang='lat' dir='ltr'><strong>illac</strong></span> <span class='ocrx_word' id='word_1_487' title='bbox 2671 1175 3032 1226; x_wconf 86' lang='lat' dir='ltr'><strong>transeuntes.</strong></span> <span class='ocrx_word' id='word_1_488' title='bbox 3079 1174 3181 1228; x_wconf 89' lang='lat' dir='ltr'><strong>Pro</strong></span> <span class='ocrx_word' id='word_1_489' title='bbox 3220 1187 3327 1244; x_wconf 87' lang='lat' dir='ltr'><strong>qua</strong></span> <span class='ocrx_word' id='word_1_490' title='bbox 3366 1173 3531 1229; x_wconf 84' lang='lat' dir='ltr'><strong>Felin.</strong></span> 
     </span>
     <span class='ocr_line' id='line_1_67' title="bbox 1947 1257 3531 1332; baseline 0.002 -18"><span class='ocrx_word' id='word_1_491' title='bbox 1947 1261 2142 1314; x_wconf 83' lang='lat' dir='ltr'><strong>Anton.</strong></span> <span class='ocrx_word' id='word_1_492' title='bbox 2174 1265 2233 1314; x_wconf 90' lang='lat' dir='ltr'><strong>et</strong></span> <span class='ocrx_word' id='word_1_493' title='bbox 2260 1257 2394 1314; x_wconf 89' lang='lat' dir='ltr'><strong>alios</strong></span> <span class='ocrx_word' id='word_1_494' title='bbox 2424 1257 2647 1314; x_wconf 83' lang='lat' dir='ltr'><strong>adduxi.</strong></span> <span class='ocrx_word' id='word_1_495' title='bbox 2678 1260 2976 1332; x_wconf 89' lang='lat' dir='ltr'><strong>Utriusque</strong></span> <span class='ocrx_word' id='word_1_496' title='bbox 3012 1267 3195 1317; x_wconf 88' lang='lat' dir='ltr'><strong>autem</strong></span> <span class='ocrx_word' id='word_1_497' title='bbox 3236 1263 3531 1317; x_wconf 88' lang='lat' dir='ltr'><strong>sententiae</strong></span> 
     </span>
     <span class='ocr_line' id='line_1_68' title="bbox 1946 1347 3534 1422; baseline 0.001 -18"><span class='ocrx_word' id='word_1_498' title='bbox 1946 1348 2086 1404; x_wconf 86' lang='lat' dir='ltr'><strong>idem</strong></span> <span class='ocrx_word' id='word_1_499' title='bbox 2108 1348 2221 1404; x_wconf 82' lang='lat' dir='ltr'><strong>sere</strong></span> <span class='ocrx_word' id='word_1_500' title='bbox 2248 1355 2335 1404; x_wconf 87' lang='lat' dir='ltr'><strong>est</strong></span> <span class='ocrx_word' id='word_1_501' title='bbox 2371 1347 2779 1404; x_wconf 79' lang='lat' dir='ltr'><strong>fundamentum</strong></span> <span class='ocrx_word' id='word_1_502' title='bbox 2803 1391 2817 1419; x_wconf 89' lang='lat'><strong>,</strong></span> <span class='ocrx_word' id='word_1_503' title='bbox 2862 1349 3069 1406; x_wconf 88' lang='lat' dir='ltr'><strong>scilicet</strong></span> <span class='ocrx_word' id='word_1_504' title='bbox 3102 1351 3233 1421; x_wconf 89' lang='lat' dir='ltr'><strong>quia</strong></span> <span class='ocrx_word' id='word_1_505' title='bbox 3266 1350 3534 1422; x_wconf 86' lang='lat' dir='ltr'><strong>peregrini</strong></span> 
     </span>
     <span class='ocr_line' id='line_1_69' title="bbox 1947 1434 3539 1511; baseline 0.001 -18"><span class='ocrx_word' id='word_1_506' title='bbox 1947 1454 2056 1494; x_wconf 89' lang='lat' dir='ltr'><strong>non</strong></span> <span class='ocrx_word' id='word_1_507' title='bbox 2086 1445 2215 1494; x_wconf 89' lang='lat' dir='ltr'><strong>sunt</strong></span> <span class='ocrx_word' id='word_1_508' title='bbox 2242 1434 2461 1509; x_wconf 69' lang='lat' dir='ltr'><strong>subditi,</strong></span> <span class='ocrx_word' id='word_1_509' title='bbox 2496 1453 2619 1494; x_wconf 88' lang='lat' dir='ltr'><strong>nam</strong></span> <span class='ocrx_word' id='word_1_510' title='bbox 2648 1437 2911 1494; x_wconf 88' lang='lat' dir='ltr'><strong>subiectio</strong></span> <span class='ocrx_word' id='word_1_511' title='bbox 2938 1436 3115 1511; x_wconf 90' lang='lat' dir='ltr'><strong>quoad</strong></span> <span class='ocrx_word' id='word_1_512' title='bbox 3156 1453 3370 1494; x_wconf 89' lang='lat' dir='ltr'><strong>morum</strong></span> <span class='ocrx_word' id='word_1_513' title='bbox 3400 1437 3539 1494; x_wconf 89' lang='lat' dir='ltr'><strong>dire·</strong></span> 
     </span>
     <span class='ocr_line' id='line_1_70' title="bbox 1947 1527 3539 1600; baseline 0.001 -18"><span class='ocrx_word' id='word_1_514' title='bbox 1947 1529 2185 1582; x_wconf 84' lang='lat' dir='ltr'><strong>ctionem</strong></span> <span class='ocrx_word' id='word_1_515' title='bbox 2214 1534 2269 1584; x_wconf 91' lang='lat' dir='ltr'><strong>et</strong></span> <span class='ocrx_word' id='word_1_516' title='bbox 2296 1527 2677 1600; x_wconf 88' lang='lat' dir='ltr'><strong>obligationem</strong></span> <span class='ocrx_word' id='word_1_517' title='bbox 2706 1543 2811 1582; x_wconf 91' lang='lat' dir='ltr'><strong>non</strong></span> <span class='ocrx_word' id='word_1_518' title='bbox 2843 1529 3173 1600; x_wconf 88' lang='lat' dir='ltr'><strong>acquiritur,</strong></span> <span class='ocrx_word' id='word_1_519' title='bbox 3197 1528 3300 1582; x_wconf 91' lang='lat' dir='ltr'><strong>nisi</strong></span> <span class='ocrx_word' id='word_1_520' title='bbox 3324 1543 3420 1599; x_wconf 91' lang='lat' dir='ltr'><strong>per</strong></span> <span class='ocrx_word' id='word_1_521' title='bbox 3444 1527 3539 1584; x_wconf 89' lang='lat' dir='ltr'><strong>do-</strong></span> 
     </span>
     <span class='ocr_line' id='line_1_71' title="bbox 1949 1615 3541 1688; baseline 0.001 -17"><span class='ocrx_word' id='word_1_522' title='bbox 1949 1615 2231 1686; x_wconf 86' lang='lat' dir='ltr'><strong>micilium,</strong></span> <span class='ocrx_word' id='word_1_523' title='bbox 2263 1615 2348 1671; x_wconf 90' lang='lat' dir='ltr'><strong>vel</strong></span> <span class='ocrx_word' id='word_1_524' title='bbox 2390 1615 2579 1672; x_wconf 88' lang='lat' dir='ltr'><strong>saltem</strong></span> <span class='ocrx_word' id='word_1_525' title='bbox 2624 1632 2717 1687; x_wconf 90' lang='lat' dir='ltr'><strong>per</strong></span> <span class='ocrx_word' id='word_1_526' title='bbox 2746 1617 2899 1688; x_wconf 89' lang='lat' dir='ltr'><strong>quasi</strong></span> <span class='ocrx_word' id='word_1_527' title='bbox 2926 1615 3284 1672; x_wconf 87' lang='lat' dir='ltr'><strong>domicilium.</strong></span> <span class='ocrx_word' id='word_1_528' title='bbox 3314 1619 3541 1672; x_wconf 88' lang='lat' dir='ltr'><strong>Praeter</strong></span> 
     </span>
     <span class='ocr_line' id='line_1_72' title="bbox 1949 1693 3540 1778; baseline 0.001 -18"><span class='ocrx_word' id='word_1_529' title='bbox 1949 1705 2088 1761; x_wconf 88' lang='lat' dir='ltr'><strong>hanc</strong></span> <span class='ocrx_word' id='word_1_530' title='bbox 2130 1706 2393 1762; x_wconf 83' lang='lat' dir='ltr'><strong>rationem</strong></span> <span class='ocrx_word' id='word_1_531' title='bbox 2424 1693 2657 1761; x_wconf 78' lang='lat' dir='ltr'><strong>afferunt</strong></span> <span class='ocrx_word' id='word_1_532' title='bbox 2684 1705 2927 1776; x_wconf 82' lang='lat' dir='ltr'><strong>exempla</strong></span> <span class='ocrx_word' id='word_1_533' title='bbox 2965 1704 3031 1761; x_wconf 91' lang='lat' dir='ltr'><strong>de</strong></span> <span class='ocrx_word' id='word_1_534' title='bbox 3067 1705 3403 1776; x_wconf 81' lang='lat' dir='ltr'><strong>infidelibus,</strong></span> <span class='ocrx_word' id='word_1_535' title='bbox 3448 1708 3540 1778; x_wconf 88' lang='lat' dir='ltr'><strong>qui</strong></span> 
     </span>
     <span class='ocr_line' id='line_1_73' title="bbox 1951 1795 3542 1868; baseline 0 -18"><span class='ocrx_word' id='word_1_536' title='bbox 1951 1810 2062 1850; x_wconf 90' lang='lat' dir='ltr'><strong>non</strong></span> <span class='ocrx_word' id='word_1_537' title='bbox 2091 1795 2409 1867; x_wconf 86' lang='lat' dir='ltr'><strong>obligantur</strong></span> <span class='ocrx_word' id='word_1_538' title='bbox 2440 1795 2647 1868; x_wconf 86' lang='lat' dir='ltr'><strong>legibus</strong></span> <span class='ocrx_word' id='word_1_539' title='bbox 2677 1795 3097 1852; x_wconf 85' lang='lat' dir='ltr'><strong>christianorum</strong></span> <span class='ocrx_word' id='word_1_540' title='bbox 3118 1839 3131 1865; x_wconf 90' lang='lat'><strong>,</strong></span> <span class='ocrx_word' id='word_1_541' title='bbox 3160 1795 3287 1851; x_wconf 87' lang='lat' dir='ltr'><strong>licet</strong></span> <span class='ocrx_word' id='word_1_542' title='bbox 3313 1798 3455 1852; x_wconf 88' lang='lat' dir='ltr'><strong>inter</strong></span> <span class='ocrx_word' id='word_1_543' title='bbox 3482 1796 3542 1851; x_wconf 91' lang='lat' dir='ltr'><strong>il·</strong></span> 
     </span>
     <span class='ocr_line' id='line_1_74' title="bbox 1951 1883 3544 1957; baseline 0.001 -18"><span class='ocrx_word' id='word_1_544' title='bbox 1951 1884 2031 1940; x_wconf 91' lang='lat' dir='ltr'><strong>los</strong></span> <span class='ocrx_word' id='word_1_545' title='bbox 2063 1885 2265 1952; x_wconf 76' lang='lat' dir='ltr'><strong>vivant,</strong></span> <span class='ocrx_word' id='word_1_546' title='bbox 2294 1891 2353 1940; x_wconf 89' lang='lat' dir='ltr'><strong>et</strong></span> <span class='ocrx_word' id='word_1_547' title='bbox 2378 1883 2443 1939; x_wconf 90' lang='lat' dir='ltr'><strong>de</strong></span> <span class='ocrx_word' id='word_1_548' title='bbox 2475 1884 2736 1957; x_wconf 86' lang='lat' dir='ltr'><strong>religiosis</strong></span> <span class='ocrx_word' id='word_1_549' title='bbox 2764 1891 3021 1956; x_wconf 86' lang='lat' dir='ltr'><strong>respectu</strong></span> <span class='ocrx_word' id='word_1_550' title='bbox 3050 1885 3445 1951; x_wconf 87' lang='lat' dir='ltr'><strong>saecularium,</strong></span> <span class='ocrx_word' id='word_1_551' title='bbox 3487 1891 3544 1941; x_wconf 91' lang='lat' dir='ltr'><strong>et</strong></span> 
     </span>
     <span class='ocr_line' id='line_1_75' title="bbox 1949 1973 3537 2046; baseline 0.001 -17"><span class='ocrx_word' id='word_1_552' title='bbox 1949 1973 2016 2029; x_wconf 90' lang='lat' dir='ltr'><strong>de</strong></span> <span class='ocrx_word' id='word_1_553' title='bbox 2046 1974 2260 2030; x_wconf 87' lang='lat' dir='ltr'><strong>novitiis</strong></span> <span class='ocrx_word' id='word_1_554' title='bbox 2288 1981 2545 2045; x_wconf 88' lang='lat' dir='ltr'><strong>respectu</strong></span> <span class='ocrx_word' id='word_1_555' title='bbox 2573 1975 2968 2046; x_wconf 76' lang='lat' dir='ltr'><strong>professorum.</strong></span> <span class='ocrx_word' id='word_1_556' title='bbox 3008 1975 3109 2032; x_wconf 90' lang='lat' dir='ltr'><strong>Sed</strong></span> <span class='ocrx_word' id='word_1_557' title='bbox 3152 1975 3286 2031; x_wconf 85' lang='lat' dir='ltr'><strong>haec</strong></span> <span class='ocrx_word' id='word_1_558' title='bbox 3327 1975 3537 2045; x_wconf 82' lang='lat' dir='ltr'><strong>omitte,</strong></span> 
     </span>
     <span class='ocr_line' id='line_1_76' title="bbox 1952 2063 3539 2135; baseline 0.001 -18"><span class='ocrx_word' id='word_1_559' title='bbox 1952 2065 2080 2134; x_wconf 88' lang='lat' dir='ltr'><strong>quia</strong></span> <span class='ocrx_word' id='word_1_560' title='bbox 2118 2079 2226 2118; x_wconf 90' lang='lat' dir='ltr'><strong>non</strong></span> <span class='ocrx_word' id='word_1_561' title='bbox 2258 2063 2483 2119; x_wconf 89' lang='lat' dir='ltr'><strong>suntad</strong></span> <span class='ocrx_word' id='word_1_562' title='bbox 2515 2079 2647 2129; x_wconf 84' lang='lat' dir='ltr'><strong>rem,</strong></span> <span class='ocrx_word' id='word_1_563' title='bbox 2682 2081 2811 2120; x_wconf 90' lang='lat' dir='ltr'><strong>cum</strong></span> <span class='ocrx_word' id='word_1_564' title='bbox 2851 2065 2985 2120; x_wconf 90' lang='lat' dir='ltr'><strong>haec</strong></span> <span class='ocrx_word' id='word_1_565' title='bbox 3022 2065 3267 2135; x_wconf 85' lang='lat' dir='ltr'><strong>exempla</strong></span> <span class='ocrx_word' id='word_1_566' title='bbox 3305 2081 3409 2120; x_wconf 91' lang='lat' dir='ltr'><strong>non</strong></span> <span class='ocrx_word' id='word_1_567' title='bbox 3452 2081 3539 2119; x_wconf 88' lang='lat' dir='ltr'><strong>so-</strong></span> 
     </span>
     <span class='ocr_line' id='line_1_77' title="bbox 1952 2152 3544 2220; baseline 0 -12"><span class='ocrx_word' id='word_1_568' title='bbox 1952 2153 2068 2209; x_wconf 88' lang='lat' dir='ltr'><strong>lum</strong></span> <span class='ocrx_word' id='word_1_569' title='bbox 2098 2155 2150 2208; x_wconf 90' lang='lat' dir='ltr'><strong>in</strong></span> <span class='ocrx_word' id='word_1_570' title='bbox 2178 2153 2609 2220; x_wconf 86' lang='lat' dir='ltr'><strong>transeuntibus,</strong></span> <span class='ocrx_word' id='word_1_571' title='bbox 2632 2154 2725 2210; x_wconf 83' lang='lat' dir='ltr'><strong>sed</strong></span> <span class='ocrx_word' id='word_1_572' title='bbox 2748 2155 2909 2210; x_wconf 86' lang='lat' dir='ltr'><strong>etiam</strong></span> <span class='ocrx_word' id='word_1_573' title='bbox 2934 2153 2984 2209; x_wconf 88' lang='lat' dir='ltr'><strong>in</strong></span> <span class='ocrx_word' id='word_1_574' title='bbox 3009 2154 3329 2210; x_wconf 82' lang='lat' dir='ltr'><strong>habentibus</strong></span> <span class='ocrx_word' id='word_1_575' title='bbox 3349 2152 3544 2209; x_wconf 88' lang='lat' dir='ltr'><strong>ibido·</strong></span> 
     </span>
     <span class='ocr_line' id='line_1_78' title="bbox 1955 2241 3541 2316; baseline 0.001 -19"><span class='ocrx_word' id='word_1_576' title='bbox 1955 2241 2215 2298; x_wconf 81' lang='lat' dir='ltr'><strong>micitium</strong></span> <span class='ocrx_word' id='word_1_577' title='bbox 2248 2243 2427 2298; x_wconf 88' lang='lat' dir='ltr'><strong>locum</strong></span> <span class='ocrx_word' id='word_1_578' title='bbox 2458 2243 2717 2307; x_wconf 84' lang='lat' dir='ltr'><strong>habeant,</strong></span> <span class='ocrx_word' id='word_1_579' title='bbox 2748 2251 2803 2300; x_wconf 92' lang='lat' dir='ltr'><strong>et</strong></span> <span class='ocrx_word' id='word_1_580' title='bbox 2830 2244 2879 2300; x_wconf 91' lang='lat' dir='ltr'><strong>in</strong></span> <span class='ocrx_word' id='word_1_581' title='bbox 2912 2247 3155 2316; x_wconf 84' lang='lat' dir='ltr'><strong>sequenti</strong></span> <span class='ocrx_word' id='word_1_582' title='bbox 3186 2245 3321 2300; x_wconf 89' lang='lat' dir='ltr'><strong>libro</strong></span> <span class='ocrx_word' id='word_1_583' title='bbox 3362 2245 3541 2314; x_wconf 86' lang='lat' dir='ltr'><strong>capite</strong></span> 
     </span>
     <span class='ocr_line' id='line_1_79' title="bbox 1953 2330 3538 2401; baseline 0.001 -15"><span class='ocrx_word' id='word_1_584' title='bbox 1953 2331 2150 2387; x_wconf 89' lang='lat' dir='ltr'><strong>ultimo</strong></span> <span class='ocrx_word' id='word_1_585' title='bbox 2181 2331 2245 2387; x_wconf 87' lang='lat' dir='ltr'><strong>de</strong></span> <span class='ocrx_word' id='word_1_586' title='bbox 2274 2330 2354 2386; x_wconf 88' lang='lat' dir='ltr'><strong>his</strong></span> <span class='ocrx_word' id='word_1_587' title='bbox 2383 2331 2649 2388; x_wconf 89' lang='lat' dir='ltr'><strong>dicemus.</strong></span> <span class='ocrx_word' id='word_1_588' title='bbox 2681 2333 3046 2390; x_wconf 77' lang='lat' dir='ltr'><strong>confirmatur</strong></span> <span class='ocrx_word' id='word_1_589' title='bbox 3068 2333 3134 2388; x_wconf 89' lang='lat' dir='ltr'><strong>ab</strong></span> <span class='ocrx_word' id='word_1_590' title='bbox 3162 2333 3538 2401; x_wconf 82' lang='lat' dir='ltr'><strong>incommodis,</strong></span> 
     </span>
     <span class='ocr_line' id='line_1_80' title="bbox 1952 2421 3545 2494; baseline 0.001 -18"><span class='ocrx_word' id='word_1_591' title='bbox 1952 2421 2080 2492; x_wconf 88' lang='lat' dir='ltr'><strong>quia</strong></span> <span class='ocrx_word' id='word_1_592' title='bbox 2108 2421 2240 2476; x_wconf 90' lang='lat' dir='ltr'><strong>alias</strong></span> <span class='ocrx_word' id='word_1_593' title='bbox 2282 2427 2597 2478; x_wconf 82' lang='lat' dir='ltr'><strong>tenerentur</strong></span> <span class='ocrx_word' id='word_1_594' title='bbox 2634 2422 2903 2494; x_wconf 77' lang='lat' dir='ltr'><strong>infideles,</strong></span> <span class='ocrx_word' id='word_1_595' title='bbox 2946 2421 3077 2478; x_wconf 89' lang='lat' dir='ltr'><strong>dum</strong></span> <span class='ocrx_word' id='word_1_596' title='bbox 3120 2428 3407 2478; x_wconf 87' lang='lat' dir='ltr'><strong>transeunt</strong></span> <span class='ocrx_word' id='word_1_597' title='bbox 3448 2437 3545 2493; x_wconf 88' lang='lat' dir='ltr'><strong>per</strong></span> 
     </span>
     <span class='ocr_line' id='line_1_81' title="bbox 1955 2511 3539 2586; baseline 0.003 -22"><span class='ocrx_word' id='word_1_598' title='bbox 1955 2511 2260 2581; x_wconf 89' lang='lat' dir='ltr'><strong>provincias</strong></span> <span class='ocrx_word' id='word_1_599' title='bbox 2303 2511 2572 2582; x_wconf 83' lang='lat' dir='ltr'><strong>fidelium,</strong></span> <span class='ocrx_word' id='word_1_600' title='bbox 2605 2528 2823 2568; x_wconf 88' lang='lat' dir='ltr'><strong>servare</strong></span> <span class='ocrx_word' id='word_1_601' title='bbox 2864 2513 3004 2586; x_wconf 89' lang='lat' dir='ltr'><strong>leges</strong></span> <span class='ocrx_word' id='word_1_602' title='bbox 3034 2527 3130 2568; x_wconf 88' lang='lat' dir='ltr'><strong>seu</strong></span> <span class='ocrx_word' id='word_1_603' title='bbox 3158 2513 3296 2568; x_wconf 90' lang='lat' dir='ltr'><strong>ritus</strong></span> <span class='ocrx_word' id='word_1_604' title='bbox 3324 2526 3539 2582; x_wconf 89' lang='lat' dir='ltr'><strong>eorum,</strong></span> 
     </span>
     <span class='ocr_line' id='line_1_82' title="bbox 1954 2599 3541 2674; baseline 0.001 -19"><span class='ocrx_word' id='word_1_605' title='bbox 1954 2599 2271 2657; x_wconf 83' lang='lat' dir='ltr'><strong>abstinendo</strong></span> <span class='ocrx_word' id='word_1_606' title='bbox 2314 2619 2345 2658; x_wconf 90' lang='lat' dir='ltr'><strong>a</strong></span> <span class='ocrx_word' id='word_1_607' title='bbox 2385 2603 2644 2659; x_wconf 89' lang='lat' dir='ltr'><strong>carnibus</strong></span> <span class='ocrx_word' id='word_1_608' title='bbox 2686 2603 2879 2658; x_wconf 89' lang='lat' dir='ltr'><strong>diebus</strong></span> <span class='ocrx_word' id='word_1_609' title='bbox 2907 2601 3222 2673; x_wconf 88' lang='lat' dir='ltr'><strong>prohibitis,</strong></span> <span class='ocrx_word' id='word_1_610' title='bbox 3252 2607 3361 2658; x_wconf 90' lang='lat' dir='ltr'><strong>etc.</strong></span> <span class='ocrx_word' id='word_1_611' title='bbox 3394 2600 3541 2674; x_wconf 89' lang='lat' dir='ltr'><strong>quod</strong></span> 
     </span>
     <span class='ocr_line' id='line_1_83' title="bbox 1951 2691 3541 2766; baseline 0 -20"><span class='ocrx_word' id='word_1_612' title='bbox 1951 2696 2038 2746; x_wconf 89' lang='lat' dir='ltr'><strong>est</strong></span> <span class='ocrx_word' id='word_1_613' title='bbox 2065 2691 2386 2748; x_wconf 88' lang='lat' dir='ltr'><strong>absurdum.</strong></span> <span class='ocrx_word' id='word_1_614' title='bbox 2418 2695 2546 2748; x_wconf 89' lang='lat' dir='ltr'><strong>Item</strong></span> <span class='ocrx_word' id='word_1_615' title='bbox 2571 2693 2947 2766; x_wconf 86' lang='lat' dir='ltr'><strong>obligarentur</strong></span> <span class='ocrx_word' id='word_1_616' title='bbox 2970 2691 3216 2748; x_wconf 88' lang='lat' dir='ltr'><strong>monachi</strong></span> <span class='ocrx_word' id='word_1_617' title='bbox 3238 2691 3541 2747; x_wconf 84' lang='lat' dir='ltr'><strong>habitantes</strong></span> 
     </span>
     <span class='ocr_line' id='line_1_84' title="bbox 1957 2781 3539 2857; baseline 0.001 -23"><span class='ocrx_word' id='word_1_618' title='bbox 1957 2796 2179 2836; x_wconf 84' lang='lat' dir='ltr'><strong>servare</strong></span> <span class='ocrx_word' id='word_1_619' title='bbox 2220 2781 2411 2837; x_wconf 88' lang='lat' dir='ltr'><strong>ieiunia</strong></span> <span class='ocrx_word' id='word_1_620' title='bbox 2450 2781 2757 2857; x_wconf 81' lang='lat' dir='ltr'><strong>synodalia,</strong></span> <span class='ocrx_word' id='word_1_621' title='bbox 2802 2781 2950 2856; x_wconf 88' lang='lat' dir='ltr'><strong>quod</strong></span> <span class='ocrx_word' id='word_1_622' title='bbox 2991 2787 3139 2837; x_wconf 85' lang='lat' dir='ltr'><strong>esset</strong></span> <span class='ocrx_word' id='word_1_623' title='bbox 3177 2793 3341 2853; x_wconf 86' lang='lat' dir='ltr'><strong>grave</strong></span> <span class='ocrx_word' id='word_1_624' title='bbox 3378 2796 3539 2850; x_wconf 89' lang='lat' dir='ltr'><strong>onus,</strong></span> 
     </span>
     <span class='ocr_line' id='line_1_85' title="bbox 1954 2867 3543 2944; baseline 0 -17"><span class='ocrx_word' id='word_1_625' title='bbox 1954 2887 2082 2927; x_wconf 89' lang='lat' dir='ltr'><strong>cum</strong></span> <span class='ocrx_word' id='word_1_626' title='bbox 2112 2871 2211 2942; x_wconf 88' lang='lat' dir='ltr'><strong>ipsi</strong></span> <span class='ocrx_word' id='word_1_627' title='bbox 2240 2871 2471 2928; x_wconf 87' lang='lat' dir='ltr'><strong>habeant</strong></span> <span class='ocrx_word' id='word_1_628' title='bbox 2498 2872 2651 2943; x_wconf 87' lang='lat' dir='ltr'><strong>plura</strong></span> <span class='ocrx_word' id='word_1_629' title='bbox 2680 2872 2785 2928; x_wconf 88' lang='lat' dir='ltr'><strong>alia</strong></span> <span class='ocrx_word' id='word_1_630' title='bbox 2814 2873 3007 2928; x_wconf 86' lang='lat' dir='ltr'><strong>ieiunia</strong></span> <span class='ocrx_word' id='word_1_631' title='bbox 3038 2871 3277 2944; x_wconf 89' lang='lat' dir='ltr'><strong>propria,</strong></span> <span class='ocrx_word' id='word_1_632' title='bbox 3310 2867 3374 2925; x_wconf 88' lang='lat' dir='ltr'><strong>ad</strong></span> <span class='ocrx_word' id='word_1_633' title='bbox 3402 2886 3543 2942; x_wconf 89' lang='lat' dir='ltr'><strong>quae</strong></span> 
     </span>
     <span class='ocr_line' id='line_1_86' title="bbox 1953 2958 3545 3032; baseline -0.001 -17"><span class='ocrx_word' id='word_1_634' title='bbox 1953 2975 2060 3015; x_wconf 90' lang='lat' dir='ltr'><strong>non</strong></span> <span class='ocrx_word' id='word_1_635' title='bbox 2089 2958 2399 3032; x_wconf 86' lang='lat' dir='ltr'><strong>obligantur</strong></span> <span class='ocrx_word' id='word_1_636' title='bbox 2428 2959 2547 3016; x_wconf 90' lang='lat' dir='ltr'><strong>laici</strong></span> <span class='ocrx_word' id='word_1_637' title='bbox 2572 2967 2791 3032; x_wconf 89' lang='lat' dir='ltr'><strong>propter</strong></span> <span class='ocrx_word' id='word_1_638' title='bbox 2815 2962 3055 3032; x_wconf 85' lang='lat' dir='ltr'><strong>ipsorum</strong></span> <span class='ocrx_word' id='word_1_639' title='bbox 3078 2959 3413 3031; x_wconf 84' lang='lat' dir='ltr'><strong>regularium</strong></span> <span class='ocrx_word' id='word_1_640' title='bbox 3436 2965 3545 3014; x_wconf 89' lang='lat' dir='ltr'><strong>sta-</strong></span> 
     </span>
     <span class='ocr_line' id='line_1_87' title="bbox 1952 3047 3541 3122; baseline -0.001 -17"><span class='ocrx_word' id='word_1_641' title='bbox 1952 3056 2092 3106; x_wconf 91' lang='lat' dir='ltr'><strong>tuta.</strong></span> <span class='ocrx_word' id='word_1_642' title='bbox 2124 3051 2259 3105; x_wconf 88' lang='grc'><strong>116111</strong></span> <span class='ocrx_word' id='word_1_643' title='bbox 2290 3050 2567 3122; x_wconf 90' lang='lat' dir='ltr'><strong>sequitur,</strong></span> <span class='ocrx_word' id='word_1_644' title='bbox 2597 3051 2763 3105; x_wconf 88' lang='lat' dir='ltr'><strong>teneri</strong></span> <span class='ocrx_word' id='word_1_645' title='bbox 2792 3050 3103 3122; x_wconf 86' lang='lat' dir='ltr'><strong>religiosum</strong></span> <span class='ocrx_word' id='word_1_646' title='bbox 3134 3051 3295 3104; x_wconf 83' lang='lat' dir='ltr'><strong>unius</strong></span> <span class='ocrx_word' id='word_1_647' title='bbox 3327 3047 3541 3119; x_wconf 83' lang='lat' dir='ltr'><strong>provin·</strong></span> 
     </span>
     <span class='ocr_line' id='line_1_88' title="bbox 1955 3119 3545 3210; baseline -0.003 -14"><span class='ocrx_word' id='word_1_648' title='bbox 1955 3141 2070 3196; x_wconf 88' lang='lat' dir='ltr'><strong>ciae</strong></span> <span class='ocrx_word' id='word_1_649' title='bbox 2101 3140 2168 3196; x_wconf 88' lang='lat' dir='ltr'><strong>ad</strong></span> <span class='ocrx_word' id='word_1_650' title='bbox 2200 3139 2465 3196; x_wconf 88' lang='lat' dir='ltr'><strong>servanda</strong></span> <span class='ocrx_word' id='word_1_651' title='bbox 2493 3119 2716 3210; x_wconf 69' lang='lat' dir='ltr'><strong>ieiunia,</strong></span> <span class='ocrx_word' id='word_1_652' title='bbox 2747 3139 3091 3208; x_wconf 79' lang='lat' dir='ltr'><strong>festivitates,</strong></span> <span class='ocrx_word' id='word_1_653' title='bbox 3136 3143 3191 3194; x_wconf 93' lang='lat' dir='ltr'><strong>et</strong></span> <span class='ocrx_word' id='word_1_654' title='bbox 3220 3136 3407 3193; x_wconf 89' lang='lat' dir='ltr'><strong>similia</strong></span> <span class='ocrx_word' id='word_1_655' title='bbox 3436 3142 3545 3192; x_wconf 86' lang='lat' dir='ltr'><strong>sta-</strong></span> 
     </span>
     <span class='ocr_line' id='line_1_89' title="bbox 1953 3225 3542 3302; baseline -0.003 -16"><span class='ocrx_word' id='word_1_656' title='bbox 1953 3235 2074 3286; x_wconf 89' lang='lat' dir='ltr'><strong>tuta</strong></span> <span class='ocrx_word' id='word_1_657' title='bbox 2101 3231 2321 3302; x_wconf 88' lang='lat' dir='ltr'><strong>propria</strong></span> <span class='ocrx_word' id='word_1_658' title='bbox 2350 3229 2573 3285; x_wconf 89' lang='lat' dir='ltr'><strong>alterius</strong></span> <span class='ocrx_word' id='word_1_659' title='bbox 2603 3229 2943 3300; x_wconf 89' lang='lat' dir='ltr'><strong>provinciae,</strong></span> <span class='ocrx_word' id='word_1_660' title='bbox 2974 3225 3192 3300; x_wconf 85' lang='lat' dir='ltr'><strong>quando</strong></span> <span class='ocrx_word' id='word_1_661' title='bbox 3220 3233 3308 3282; x_wconf 89' lang='lat' dir='ltr'><strong>est</strong></span> <span class='ocrx_word' id='word_1_662' title='bbox 3346 3225 3542 3297; x_wconf 90' lang='lat' dir='ltr'><strong>hospes</strong></span> 
     </span>
     <span class='ocr_line' id='line_1_90' title="bbox 1955 3316 3545 3391; baseline -0.003 -17"><span class='ocrx_word' id='word_1_663' title='bbox 1955 3322 2008 3374; x_wconf 91' lang='lat' dir='ltr'><strong>in</strong></span> <span class='ocrx_word' id='word_1_664' title='bbox 2039 3319 2148 3391; x_wconf 90' lang='lat' dir='ltr'><strong>illa,</strong></span> <span class='ocrx_word' id='word_1_665' title='bbox 2180 3319 2521 3376; x_wconf 84' lang='lat' dir='ltr'><strong>etiamsinon</strong></span> <span class='ocrx_word' id='word_1_666' title='bbox 2550 3319 2657 3374; x_wconf 88' lang='lat' dir='ltr'><strong>sint</strong></span> <span class='ocrx_word' id='word_1_667' title='bbox 2696 3319 3005 3374; x_wconf 90' lang='lat' dir='ltr'><strong>communia</strong></span> <span class='ocrx_word' id='word_1_668' title='bbox 3046 3317 3139 3372; x_wconf 91' lang='lat' dir='ltr'><strong>toti</strong></span> <span class='ocrx_word' id='word_1_669' title='bbox 3179 3316 3440 3386; x_wconf 79' lang='lat' dir='ltr'><strong>religioni.</strong></span> <span class='ocrx_word' id='word_1_670' title='bbox 3476 3316 3545 3370; x_wconf 85' lang='lat' dir='ltr'><strong>Et</strong></span> 
     </span>
     <span class='ocr_line' id='line_1_91' title="bbox 1956 3405 3540 3479; baseline -0.003 -16"><span class='ocrx_word' id='word_1_671' title='bbox 1956 3408 2197 3464; x_wconf 90' lang='lat' dir='ltr'><strong>similiter</strong></span> <span class='ocrx_word' id='word_1_672' title='bbox 2226 3408 2463 3465; x_wconf 87' lang='lat' dir='ltr'><strong>novitius</strong></span> <span class='ocrx_word' id='word_1_673' title='bbox 2505 3415 2788 3465; x_wconf 89' lang='lat' dir='ltr'><strong>teneretur</strong></span> <span class='ocrx_word' id='word_1_674' title='bbox 2826 3421 3041 3463; x_wconf 88' lang='lat' dir='ltr'><strong>servare</strong></span> <span class='ocrx_word' id='word_1_675' title='bbox 3071 3407 3215 3478; x_wconf 86' lang='lat' dir='ltr'><strong>leges</strong></span> <span class='ocrx_word' id='word_1_676' title='bbox 3244 3405 3540 3479; x_wconf 86' lang='lat' dir='ltr'><strong>religionis,</strong></span> 
     </span>
     <span class='ocr_line' id='line_1_92' title="bbox 1955 3495 3459 3570; baseline -0.002 -18"><span class='ocrx_word' id='word_1_677' title='bbox 1955 3498 2219 3570; x_wconf 89' lang='lat' dir='ltr'><strong>quamdiu</strong></span> <span class='ocrx_word' id='word_1_678' title='bbox 2252 3497 2318 3552; x_wconf 89' lang='lat' dir='ltr'><strong>ibi</strong></span> <span class='ocrx_word' id='word_1_679' title='bbox 2347 3505 2615 3569; x_wconf 88' lang='lat' dir='ltr'><strong>moratur,</strong></span> <span class='ocrx_word' id='word_1_680' title='bbox 2647 3511 2785 3570; x_wconf 88' lang='lat' dir='ltr'><strong>quae</strong></span> <span class='ocrx_word' id='word_1_681' title='bbox 2814 3495 3145 3552; x_wconf 88' lang='lat' dir='ltr'><strong>admittenda</strong></span> <span class='ocrx_word' id='word_1_682' title='bbox 3171 3511 3279 3550; x_wconf 90' lang='lat' dir='ltr'><strong>non</strong></span> <span class='ocrx_word' id='word_1_683' title='bbox 3307 3502 3459 3550; x_wconf 88' lang='lat' dir='ltr'><strong>sunt.</strong></span> 
     </span>
    </p>

    <p class='ocr_par' dir='ltr' id='par_1_10' title="bbox 1953 3583 3547 5269">
     <span class='ocr_line' id='line_1_93' title="bbox 2031 3583 3544 3656; baseline -0.004 -12"><span class='ocrx_word' id='word_1_684' title='bbox 2031 3591 2084 3644; x_wconf 80' lang='lat'><strong>3.</strong></span> <span class='ocrx_word' id='word_1_685' title='bbox 2110 3587 2467 3645; x_wconf 87' lang='lat' dir='ltr'><strong>Nihilominus</strong></span> <span class='ocrx_word' id='word_1_686' title='bbox 2491 3587 2785 3644; x_wconf 89' lang='lat' dir='ltr'><strong>dicendum</strong></span> <span class='ocrx_word' id='word_1_687' title='bbox 2806 3593 2911 3655; x_wconf 88' lang='lat' dir='ltr'><strong>est,</strong></span> <span class='ocrx_word' id='word_1_688' title='bbox 2936 3584 3107 3656; x_wconf 84' lang='lat' dir='ltr'><strong>legem</strong></span> <span class='ocrx_word' id='word_1_689' title='bbox 3132 3585 3388 3640; x_wconf 90' lang='lat' dir='ltr'><strong>territorii</strong></span> <span class='ocrx_word' id='word_1_690' title='bbox 3410 3583 3544 3639; x_wconf 90' lang='lat' dir='ltr'><strong>obli·</strong></span> 
     </span>
     <span class='ocr_line' id='line_1_94' title="bbox 1954 3673 3542 3749; baseline -0.002 -19"><span class='ocrx_word' id='word_1_691' title='bbox 1954 3690 2084 3749; x_wconf 86' lang='lat' dir='ltr'><strong>gare</strong></span> <span class='ocrx_word' id='word_1_692' title='bbox 2106 3675 2343 3732; x_wconf 87' lang='lat' dir='ltr'><strong>advenas</strong></span> <span class='ocrx_word' id='word_1_693' title='bbox 2362 3683 2420 3732; x_wconf 87' lang='lat' dir='ltr'><strong>et</strong></span> <span class='ocrx_word' id='word_1_694' title='bbox 2446 3676 2706 3748; x_wconf 81' lang='lat' dir='ltr'><strong>hospites,</strong></span> <span class='ocrx_word' id='word_1_695' title='bbox 2738 3673 3080 3748; x_wconf 88' lang='lat' dir='ltr'><strong>quamdiuibi</strong></span> <span class='ocrx_word' id='word_1_696' title='bbox 3106 3679 3542 3742; x_wconf 87' lang='lat' dir='ltr'><strong>commorantur,</strong></span> 
     </span>
     <span class='ocr_line' id='line_1_95' title="bbox 1957 3761 3543 3836; baseline -0.001 -16"><span class='ocrx_word' id='word_1_697' title='bbox 1957 3765 2006 3820; x_wconf 90' lang='lat' dir='ltr'><strong>in</strong></span> <span class='ocrx_word' id='word_1_698' title='bbox 2037 3765 2391 3836; x_wconf 88' lang='lat' dir='ltr'><strong>conscientia,</strong></span> <span class='ocrx_word' id='word_1_699' title='bbox 2422 3771 2479 3821; x_wconf 92' lang='lat' dir='ltr'><strong>et</strong></span> <span class='ocrx_word' id='word_1_700' title='bbox 2504 3780 2569 3822; x_wconf 91' lang='lat' dir='ltr'><strong>eo</strong></span> <span class='ocrx_word' id='word_1_701' title='bbox 2598 3763 2782 3835; x_wconf 89' lang='lat' dir='ltr'><strong>modo,</strong></span> <span class='ocrx_word' id='word_1_702' title='bbox 2806 3779 2919 3836; x_wconf 90' lang='lat' dir='ltr'><strong>quo</strong></span> <span class='ocrx_word' id='word_1_703' title='bbox 2940 3762 3140 3834; x_wconf 84' lang='lat' dir='ltr'><strong>obligat</strong></span> <span class='ocrx_word' id='word_1_704' title='bbox 3160 3761 3381 3818; x_wconf 88' lang='lat' dir='ltr'><strong>incolas.</strong></span> <span class='ocrx_word' id='word_1_705' title='bbox 3398 3763 3543 3818; x_wconf 87' lang='lat' dir='ltr'><strong>Haec</strong></span> 
     </span>
     <span class='ocr_line' id='line_1_96' title="bbox 1957 3850 3545 3926; baseline -0.003 -16"><span class='ocrx_word' id='word_1_706' title='bbox 1957 3862 2044 3911; x_wconf 86' lang='lat' dir='ltr'><strong>est</strong></span> <span class='ocrx_word' id='word_1_707' title='bbox 2070 3855 2381 3910; x_wconf 89' lang='lat' dir='ltr'><strong>communis</strong></span> <span class='ocrx_word' id='word_1_708' title='bbox 2424 3855 2689 3910; x_wconf 86' lang='lat' dir='ltr'><strong>sententia</strong></span> <span class='ocrx_word' id='word_1_709' title='bbox 2732 3855 3091 3926; x_wconf 87' lang='lat' dir='ltr'><strong>interpretum</strong></span> <span class='ocrx_word' id='word_1_710' title='bbox 3132 3853 3184 3907; x_wconf 89' lang='lat' dir='ltr'><strong>in</strong></span> <span class='ocrx_word' id='word_1_711' title='bbox 3225 3850 3260 3907; x_wconf 92' lang='lat' dir='ltr'><strong>l.</strong></span> <span class='ocrx_word' id='word_1_712' title='bbox 3306 3855 3545 3908; x_wconf 72' lang='lat' dir='ltr'><strong>cunctos</strong></span> 
     </span>
     <span class='ocr_line' id='line_1_97' title="bbox 1953 3940 3533 4018; baseline -0.003 -18"><span class='ocrx_word' id='word_1_713' title='bbox 1953 3942 2222 4018; x_wconf 80' lang='lat' dir='ltr'><strong>populos,</strong></span> <span class='ocrx_word' id='word_1_714' title='bbox 2253 3943 2314 4000; x_wconf 90' lang='lat' dir='ltr'><strong>C.</strong></span> <span class='ocrx_word' id='word_1_715' title='bbox 2346 3944 2413 4000; x_wconf 90' lang='lat' dir='ltr'><strong>de</strong></span> <span class='ocrx_word' id='word_1_716' title='bbox 2440 3959 2656 4000; x_wconf 88' lang='lat' dir='ltr'><strong>summa</strong></span> <span class='ocrx_word' id='word_1_717' title='bbox 2673 3944 2951 4005; x_wconf 76' lang='lat' dir='ltr'><strong>Trinitate,</strong></span> <span class='ocrx_word' id='word_1_718' title='bbox 2976 3941 3101 3998; x_wconf 89' lang='lat' dir='ltr'><strong>etin</strong></span> <span class='ocrx_word' id='word_1_719' title='bbox 3122 3957 3244 4011; x_wconf 85' lang='lat' dir='ltr'><strong>cap.</strong></span> <span class='ocrx_word' id='word_1_720' title='bbox 3272 3945 3328 3996; x_wconf 84' lang='lat' dir='ltr'><em>A</em></span> <span class='ocrx_word' id='word_1_721' title='bbox 3347 3940 3533 4007; x_wconf 79' lang='lat' dir='ltr'><strong>nobis,</strong></span> 
     </span>
     <span class='ocr_line' id='line_1_98' title="bbox 1965 4031 3540 4104; baseline -0.003 -15"><span class='ocrx_word' id='word_1_722' title='bbox 1965 4040 2012 4090; x_wconf 91' lang='lat'><strong>1.</strong></span> <span class='ocrx_word' id='word_1_723' title='bbox 2044 4033 2109 4089; x_wconf 90' lang='lat' dir='ltr'><strong>de</strong></span> <span class='ocrx_word' id='word_1_724' title='bbox 2152 4039 2386 4089; x_wconf 87' lang='lat' dir='ltr'><strong>sentent.</strong></span> <span class='ocrx_word' id='word_1_725' title='bbox 2428 4037 2886 4090; x_wconf 80' lang='lat' dir='ltr'><strong>excommunicat.</strong></span> <span class='ocrx_word' id='word_1_726' title='bbox 2915 4031 3232 4104; x_wconf 88' lang='lat' dir='ltr'><strong>praesertim</strong></span> <span class='ocrx_word' id='word_1_727' title='bbox 3260 4031 3540 4086; x_wconf 81' lang='lat' dir='ltr'><strong>innocent.</strong></span> 
     </span>
     <span class='ocr_line' id='line_1_99' title="bbox 1957 4119 3542 4191; baseline -0.004 -12"><span class='ocrx_word' id='word_1_728' title='bbox 1957 4123 2230 4180; x_wconf 85' lang='lat' dir='ltr'><strong>Hostiens.</strong></span> <span class='ocrx_word' id='word_1_729' title='bbox 2263 4129 2319 4179; x_wconf 89' lang='lat' dir='ltr'><strong>et</strong></span> <span class='ocrx_word' id='word_1_730' title='bbox 2344 4123 2707 4180; x_wconf 80' lang='lat' dir='ltr'><strong>Panormitan.</strong></span> <span class='ocrx_word' id='word_1_731' title='bbox 2739 4131 2796 4179; x_wconf 88' lang='lat' dir='ltr'><strong>et</strong></span> <span class='ocrx_word' id='word_1_732' title='bbox 2822 4123 2873 4178; x_wconf 88' lang='lat' dir='ltr'><strong>in</strong></span> <span class='ocrx_word' id='word_1_733' title='bbox 2911 4137 3033 4191; x_wconf 89' lang='lat' dir='ltr'><strong>cap.</strong></span> <span class='ocrx_word' id='word_1_734' title='bbox 3074 4125 3129 4177; x_wconf 77' lang='lat'><strong>2.</strong></span> <span class='ocrx_word' id='word_1_735' title='bbox 3170 4119 3237 4176; x_wconf 89' lang='lat' dir='ltr'><strong>de</strong></span> <span class='ocrx_word' id='word_1_736' title='bbox 3273 4120 3542 4174; x_wconf 86' lang='lat' dir='ltr'><strong>constitu-</strong></span> 
     </span>
     <span class='ocr_line' id='line_1_100' title="bbox 1956 4208 3541 4286; baseline -0.006 -15"><span class='ocrx_word' id='word_1_737' title='bbox 1956 4217 2086 4271; x_wconf 90' lang='lat' dir='ltr'><strong>tion.</strong></span> <span class='ocrx_word' id='word_1_738' title='bbox 2121 4217 2176 4269; x_wconf 90' lang='lat' dir='ltr'><strong>in</strong></span> <span class='ocrx_word' id='word_1_739' title='bbox 2210 4220 2264 4286; x_wconf 85' lang='lat'><strong>6,</strong></span> <span class='ocrx_word' id='word_1_740' title='bbox 2296 4214 2387 4270; x_wconf 90' lang='lat' dir='ltr'><strong>ubi</strong></span> <span class='ocrx_word' id='word_1_741' title='bbox 2415 4213 2521 4269; x_wconf 87' lang='lat' dir='ltr'><strong>late</strong></span> <span class='ocrx_word' id='word_1_742' title='bbox 2548 4215 2749 4270; x_wconf 90' lang='lat' dir='ltr'><strong>Gemin.</strong></span> <span class='ocrx_word' id='word_1_743' title='bbox 2784 4219 2839 4268; x_wconf 90' lang='lat' dir='ltr'><strong>et</strong></span> <span class='ocrx_word' id='word_1_744' title='bbox 2867 4211 3079 4268; x_wconf 86' lang='lat' dir='ltr'><strong>Silvest.</strong></span> <span class='ocrx_word' id='word_1_745' title='bbox 3109 4208 3275 4264; x_wconf 90' lang='lat' dir='ltr'><strong>verbo</strong></span> <span class='ocrx_word' id='word_1_746' title='bbox 3312 4223 3541 4264; x_wconf 73' lang='lat' dir='ltr'><strong>excom-</strong></span> 
     </span>
     <span class='ocr_line' id='line_1_101' title="bbox 1955 4299 3546 4375; baseline -0.003 -15"><span class='ocrx_word' id='word_1_747' title='bbox 1955 4307 2304 4371; x_wconf 73' lang='lat' dir='ltr'><strong>municatio,</strong></span> <span class='ocrx_word' id='word_1_748' title='bbox 2341 4309 2396 4370; x_wconf 79' lang='lat'><strong>2,</strong></span> <span class='ocrx_word' id='word_1_749' title='bbox 2431 4321 2485 4358; x_wconf 90' lang='lat' dir='ltr'><strong>n.</strong></span> <span class='ocrx_word' id='word_1_750' title='bbox 2524 4308 2577 4374; x_wconf 77' lang='lat'><strong>4,</strong></span> <span class='ocrx_word' id='word_1_751' title='bbox 2602 4310 2659 4360; x_wconf 89' lang='lat' dir='ltr'><strong>et</strong></span> <span class='ocrx_word' id='word_1_752' title='bbox 2689 4304 2872 4375; x_wconf 84' lang='lat' dir='ltr'><strong>plures</strong></span> <span class='ocrx_word' id='word_1_753' title='bbox 2896 4302 3028 4359; x_wconf 90' lang='lat' dir='ltr'><strong>alios</strong></span> <span class='ocrx_word' id='word_1_754' title='bbox 3052 4305 3105 4358; x_wconf 86' lang='lat' dir='ltr'><strong>in</strong></span> <span class='ocrx_word' id='word_1_755' title='bbox 3128 4304 3296 4358; x_wconf 87' lang='lat' dir='ltr'><strong>citato</strong></span> <span class='ocrx_word' id='word_1_756' title='bbox 3324 4301 3444 4357; x_wconf 90' lang='lat' dir='ltr'><strong>loco</strong></span> <span class='ocrx_word' id='word_1_757' title='bbox 3468 4299 3546 4356; x_wconf 88' lang='lat' dir='ltr'><strong>al-</strong></span> 
     </span>
     <span class='ocr_line' id='line_1_102' title="bbox 1958 4391 3543 4466; baseline -0.002 -17"><span class='ocrx_word' id='word_1_758' title='bbox 1958 4393 2147 4464; x_wconf 82' lang='lat' dir='ltr'><strong>legavi.</strong></span> <span class='ocrx_word' id='word_1_759' title='bbox 2198 4393 2443 4466; x_wconf 89' lang='lat' dir='ltr'><strong>Eamque</strong></span> <span class='ocrx_word' id='word_1_760' title='bbox 2483 4393 2773 4466; x_wconf 80' lang='lat' dir='ltr'><strong>Augustini</strong></span> <span class='ocrx_word' id='word_1_761' title='bbox 2816 4393 3143 4450; x_wconf 90' lang='lat' dir='ltr'><strong>auctoritate</strong></span> <span class='ocrx_word' id='word_1_762' title='bbox 3178 4397 3237 4447; x_wconf 87' lang='lat' dir='ltr'><strong>et</strong></span> <span class='ocrx_word' id='word_1_763' title='bbox 3268 4391 3543 4447; x_wconf 85' lang='lat' dir='ltr'><strong>Ecclesiae</strong></span> 
     </span>
     <span class='ocr_line' id='line_1_103' title="bbox 1958 4481 3541 4556; baseline -0.001 -18"><span class='ocrx_word' id='word_1_764' title='bbox 1958 4483 2355 4541; x_wconf 89' lang='lat' dir='ltr'><strong>consuetudine</strong></span> <span class='ocrx_word' id='word_1_765' title='bbox 2385 4484 2655 4556; x_wconf 90' lang='lat' dir='ltr'><strong>variisque</strong></span> <span class='ocrx_word' id='word_1_766' title='bbox 2689 4481 2990 4539; x_wconf 89' lang='lat' dir='ltr'><strong>rationibus</strong></span> <span class='ocrx_word' id='word_1_767' title='bbox 3020 4481 3541 4554; x_wconf 86' lang='lat' dir='ltr'><strong>comprobavi.Pro-</strong></span> 
     </span>
     <span class='ocr_line' id='line_1_104' title="bbox 1957 4569 3542 4645; baseline -0.001 -19"><span class='ocrx_word' id='word_1_768' title='bbox 1957 4573 2076 4643; x_wconf 87' lang='lat' dir='ltr'><strong>pria</strong></span> <span class='ocrx_word' id='word_1_769' title='bbox 2102 4587 2235 4628; x_wconf 86' lang='lat' dir='ltr'><strong>vero</strong></span> <span class='ocrx_word' id='word_1_770' title='bbox 2264 4572 2400 4628; x_wconf 87' lang='lat' dir='ltr'><strong>ratio</strong></span> <span class='ocrx_word' id='word_1_771' title='bbox 2438 4577 2543 4639; x_wconf 89' lang='lat' dir='ltr'><strong>est,</strong></span> <span class='ocrx_word' id='word_1_772' title='bbox 2575 4574 2707 4645; x_wconf 89' lang='lat' dir='ltr'><strong>quia</strong></span> <span class='ocrx_word' id='word_1_773' title='bbox 2746 4571 2829 4628; x_wconf 79' lang='lat' dir='ltr'><strong>lex</strong></span> <span class='ocrx_word' id='word_1_774' title='bbox 2870 4571 3190 4643; x_wconf 87' lang='lat' dir='ltr'><strong>generaliter</strong></span> <span class='ocrx_word' id='word_1_775' title='bbox 3230 4569 3401 4626; x_wconf 78' lang='lat' dir='ltr'><strong>fertur</strong></span> <span class='ocrx_word' id='word_1_776' title='bbox 3442 4583 3542 4640; x_wconf 90' lang='lat' dir='ltr'><strong>pro</strong></span> 
     </span>
     <span class='ocr_line' id='line_1_105' title="bbox 1957 4660 3538 4755; baseline 0 -39"><span class='ocrx_word' id='word_1_777' title='bbox 1957 4660 2048 4717; x_wconf 87' lang='lat' dir='ltr'><strong>tali</strong></span> <span class='ocrx_word' id='word_1_778' title='bbox 2078 4662 2369 4729; x_wconf 87' lang='lat' dir='ltr'><strong>territorio,</strong></span> <span class='ocrx_word' id='word_1_779' title='bbox 2404 4669 2463 4718; x_wconf 94' lang='lat' dir='ltr'><strong>ut</strong></span> <span class='ocrx_word' id='word_1_780' title='bbox 2506 4664 2897 4755; x_wconf 70' lang='lat' dir='ltr'><strong>supponimus3</strong></span> <span class='ocrx_word' id='word_1_781' title='bbox 2936 4676 3068 4733; x_wconf 88' lang='lat' dir='ltr'><strong>ergo</strong></span> <span class='ocrx_word' id='word_1_782' title='bbox 3106 4660 3308 4731; x_wconf 90' lang='lat' dir='ltr'><strong>obligat</strong></span> <span class='ocrx_word' id='word_1_783' title='bbox 3347 4677 3538 4716; x_wconf 88' lang='lat' dir='ltr'><strong>omnes</strong></span> 
     </span>
     <span class='ocr_line' id='line_1_106' title="bbox 1957 4749 3541 4823; baseline 0.001 -18"><span class='ocrx_word' id='word_1_784' title='bbox 1957 4755 2085 4806; x_wconf 91' lang='lat' dir='ltr'><strong>actu</strong></span> <span class='ocrx_word' id='word_1_785' title='bbox 2123 4750 2192 4806; x_wconf 91' lang='lat' dir='ltr'><strong>ibi</strong></span> <span class='ocrx_word' id='word_1_786' title='bbox 2217 4749 2473 4822; x_wconf 88' lang='lat' dir='ltr'><strong>degentes</strong></span> <span class='ocrx_word' id='word_1_787' title='bbox 2503 4766 2599 4822; x_wconf 91' lang='lat' dir='ltr'><strong>pro</strong></span> <span class='ocrx_word' id='word_1_788' title='bbox 2630 4758 2871 4823; x_wconf 88' lang='lat' dir='ltr'><strong>tempore</strong></span> <span class='ocrx_word' id='word_1_789' title='bbox 2895 4791 2910 4820; x_wconf 96' lang='lat'><strong>,</strong></span> <span class='ocrx_word' id='word_1_790' title='bbox 2939 4765 3050 4822; x_wconf 90' lang='lat' dir='ltr'><strong>qno</strong></span> <span class='ocrx_word' id='word_1_791' title='bbox 3091 4749 3159 4804; x_wconf 88' lang='lat' dir='ltr'><strong>ibi</strong></span> <span class='ocrx_word' id='word_1_792' title='bbox 3198 4765 3541 4806; x_wconf 89' lang='lat' dir='ltr'><strong>commoran-</strong></span> 
     </span>
     <span class='ocr_line' id='line_1_107' title="bbox 1956 4839 3543 4912; baseline 0.001 -17"><span class='ocrx_word' id='word_1_793' title='bbox 1956 4846 2069 4895; x_wconf 90' lang='lat' dir='ltr'><strong>tur.</strong></span> <span class='ocrx_word' id='word_1_794' title='bbox 2103 4839 2369 4895; x_wconf 83' lang='lat' dir='ltr'><strong>Probatur</strong></span> <span class='ocrx_word' id='word_1_795' title='bbox 2406 4841 2793 4912; x_wconf 87' lang='lat' dir='ltr'><strong>consequentia</strong></span> <span class='ocrx_word' id='word_1_796' title='bbox 2833 4839 3009 4910; x_wconf 90' lang='lat' dir='ltr'><strong>primo</strong></span> <span class='ocrx_word' id='word_1_797' title='bbox 3046 4853 3109 4894; x_wconf 81' lang='lat' dir='ltr'><strong>ex</strong></span> <span class='ocrx_word' id='word_1_798' title='bbox 3150 4846 3304 4910; x_wconf 91' lang='lat' dir='ltr'><strong>parte</strong></span> <span class='ocrx_word' id='word_1_799' title='bbox 3342 4855 3543 4897; x_wconf 88' lang='lat' dir='ltr'><strong>causae</strong></span> 
     </span>
     <span class='ocr_line' id='line_1_108' title="bbox 1957 4927 3542 5010; baseline 0.001 -26"><span class='ocrx_word' id='word_1_800' title='bbox 1957 4929 2127 4985; x_wconf 83' lang='lat' dir='ltr'><strong>finalis</strong></span> <span class='ocrx_word' id='word_1_801' title='bbox 2151 4969 2167 4999; x_wconf 89' lang='lat'><strong>,</strong></span> <span class='ocrx_word' id='word_1_802' title='bbox 2212 4928 2337 5002; x_wconf 90' lang='lat' dir='ltr'><strong>quia</strong></span> <span class='ocrx_word' id='word_1_803' title='bbox 2374 4928 2439 4984; x_wconf 91' lang='lat' dir='ltr'><strong>ad</strong></span> <span class='ocrx_word' id='word_1_804' title='bbox 2481 4928 2677 4986; x_wconf 90' lang='lat' dir='ltr'><strong>bonam</strong></span> <span class='ocrx_word' id='word_1_805' title='bbox 2717 4927 3165 5001; x_wconf 89' lang='lat' dir='ltr'><strong>gubernationem</strong></span> <span class='ocrx_word' id='word_1_806' title='bbox 3208 4929 3542 5010; x_wconf 83' lang='lat' dir='ltr'><strong>provinciae,</strong></span> 
     </span>
     <span class='ocr_line' id='line_1_109' title="bbox 1957 5017 3547 5090; baseline -0.001 -13"><span class='ocrx_word' id='word_1_807' title='bbox 1957 5020 2084 5090; x_wconf 89' lang='lat' dir='ltr'><strong>loci,</strong></span> <span class='ocrx_word' id='word_1_808' title='bbox 2117 5035 2217 5075; x_wconf 88' lang='lat' dir='ltr'><strong>seu</strong></span> <span class='ocrx_word' id='word_1_809' title='bbox 2248 5019 2522 5090; x_wconf 90' lang='lat' dir='ltr'><strong>territorii,</strong></span> <span class='ocrx_word' id='word_1_810' title='bbox 2550 5026 2635 5076; x_wconf 90' lang='lat' dir='ltr'><strong>est</strong></span> <span class='ocrx_word' id='word_1_811' title='bbox 2662 5017 2935 5075; x_wconf 86' lang='lat' dir='ltr'><strong>moraliter</strong></span> <span class='ocrx_word' id='word_1_812' title='bbox 2966 5017 3361 5089; x_wconf 89' lang='lat' dir='ltr'><strong>necessarium,</strong></span> <span class='ocrx_word' id='word_1_813' title='bbox 3389 5019 3547 5075; x_wconf 81' lang='grc'><strong>11116-</strong></span> 
     </span>
     <span class='ocr_line' id='line_1_110' title="bbox 1958 5107 3542 5182; baseline 0.001 -17"><span class='ocrx_word' id='word_1_814' title='bbox 1958 5125 2053 5182; x_wconf 87' lang='lat' dir='ltr'><strong>ges</strong></span> <span class='ocrx_word' id='word_1_815' title='bbox 2082 5124 2183 5181; x_wconf 89' lang='lat' dir='ltr'><strong>pro</strong></span> <span class='ocrx_word' id='word_1_816' title='bbox 2210 5108 2303 5166; x_wconf 91' lang='lat' dir='ltr'><strong>illo</strong></span> <span class='ocrx_word' id='word_1_817' title='bbox 2330 5107 2469 5164; x_wconf 86' lang='lat' dir='ltr'><strong>latae</strong></span> <span class='ocrx_word' id='word_1_818' title='bbox 2500 5107 2637 5164; x_wconf 89' lang='lat' dir='ltr'><strong>hanc</strong></span> <span class='ocrx_word' id='word_1_819' title='bbox 2676 5109 2781 5164; x_wconf 83' lang='lat' dir='ltr'><strong>vim</strong></span> <span class='ocrx_word' id='word_1_820' title='bbox 2808 5107 3059 5178; x_wconf 90' lang='lat' dir='ltr'><strong>habeant,</strong></span> <span class='ocrx_word' id='word_1_821' title='bbox 3089 5107 3215 5180; x_wconf 90' lang='lat' dir='ltr'><strong>quia</strong></span> <span class='ocrx_word' id='word_1_822' title='bbox 3241 5107 3309 5163; x_wconf 90' lang='lat' dir='ltr'><strong>ad</strong></span> <span class='ocrx_word' id='word_1_823' title='bbox 3350 5123 3542 5180; x_wconf 88' lang='lat' dir='ltr'><strong>pacem</strong></span> 
     </span>
     <span class='ocr_line' id='line_1_111' title="bbox 1957 5196 3545 5269; baseline 0 -13"><span class='ocrx_word' id='word_1_824' title='bbox 1957 5206 2016 5257; x_wconf 92' lang='lat' dir='ltr'><strong>et</strong></span> <span class='ocrx_word' id='word_1_825' title='bbox 2041 5199 2214 5257; x_wconf 85' lang='lat' dir='ltr'><strong>bonos</strong></span> <span class='ocrx_word' id='word_1_826' title='bbox 2243 5214 2423 5257; x_wconf 87' lang='lat' dir='ltr'><strong>mores</strong></span> <span class='ocrx_word' id='word_1_827' title='bbox 2449 5197 2555 5255; x_wconf 87' lang='lat' dir='ltr'><strong>loci</strong></span> <span class='ocrx_word' id='word_1_828' title='bbox 2583 5213 2808 5256; x_wconf 86' lang='lat' dir='ltr'><strong>necesse</strong></span> <span class='ocrx_word' id='word_1_829' title='bbox 2835 5205 2941 5269; x_wconf 87' lang='lat' dir='ltr'><strong>est,</strong></span> <span class='ocrx_word' id='word_1_830' title='bbox 2972 5205 3034 5254; x_wconf 92' lang='lat' dir='ltr'><strong>ut</strong></span> <span class='ocrx_word' id='word_1_831' title='bbox 3061 5197 3299 5254; x_wconf 89' lang='lat' dir='ltr'><strong>advenae</strong></span> <span class='ocrx_word' id='word_1_832' title='bbox 3327 5196 3545 5256; x_wconf 79' lang='lat' dir='ltr'><strong>contor-</strong></span> 
     </span>
    </p>
   </div>
  </div>
 </body>
</html>
