4325 6267
814 371 939 436 302

730 512 909 587 cedit,
940 513 1089 589 quod
1120 515 1255 574 haec
1287 521 1530 590 potestas
1557 514 1793 588 pertinet
1820 514 1889 571 ad
1907 516 2123 591 claves,
2147 515 2335 573 claves

732 611 915 661 autem
952 605 1103 679 regni
1144 606 1427 664 caelorum
1468 612 1600 663 sunt
1636 606 1891 678 propriae
1932 605 2065 681 legis
2094 608 2331 681 gratiae,

730 693 922 751 Mattb.
965 696 1065 768 163
1095 711 1250 770 ergo.
1910 686 1915 692 ’

806 789 864 841 2.
894 784 1219 858 Respondeo
1244 828 1259 857 ,
1301 785 1591 861 vestigium
1633 784 1884 860 aliquod,
1914 800 2012 843 seu
2042 785 2330 858 participa·

730 872 933 930 tionem
964 871 1209 947 aliquam
1240 874 1403 933 buius
1430 876 1716 949 potestatis
1745 880 1868 932 ante
1898 874 2071 951 legem
2098 875 2330 948 gratiae,

730 966 896 1034 atque
924 962 1059 1021 adeo
1093 980 1310 1037 semper
1328 968 1385 1023 in
1413 954 1663 1023 Ecclesia
1683 965 1872 1037 fuisse,
1905 965 2204 1038 perfectam
2234 979 2332 1021 au·

729 1056 840 1109 tem
882 1058 1207 1124 potestatem
1234 1098 1248 1126 ,
1290 1064 1454 1127 prout
1492 1070 1639 1113 nunc
1680 1062 1767 1113 est
1806 1056 1859 1111 in
1893 1054 2174 1124 Ecclesia,
2209 1068 2334 1125 pro-

729 1140 899 1209 priam
930 1159 1055 1200 esse
1084 1143 1217 1217 legis
1243 1148 1479 1219 gratiae,
1512 1152 1569 1202 et
1594 1162 1626 1202 a
1659 1144 1872 1203 Christo
1901 1145 2129 1201 Domino
2161 1143 2330 1200 fuisse

634 1286 646 1299 ,
728 1229 1008 1290 collatam.
1033 1235 1186 1292 Hanc
1216 1236 1573 1292 assertionem
1595 1234 1761 1291 'sumo
1802 1250 1867 1291 ex
1894 1234 2178 1291 communi
2207 1248 2334 1289 sen-

726 1321 893 1377 tentia
922 1322 1305 1396 theologorum
1335 1325 1385 1379 in
1426 1324 1651 1381 materia
1687 1323 1754 1380 de
1782 1322 2062 1396 clavibus,
2093 1324 2145 1379 in
2177 1327 2237 1392 4,
2268 1320 2326 1379 d.

734 1407 825 1466 18.
856 1410 1028 1477 Quam
1072 1412 1385 1470 distinctius
1414 1419 1470 1470 et
1494 1414 1770 1485 copiosius
1800 1415 2058 1470 tractavit
2082 1413 2326 1470 Victoria

727 1496 920 1555 relect.
966 1504 1014 1558 1.
1053 1500 1125 1559 de
1157 1507 1370 1577 potest.
1402 1501 1739 1570 Ecclesiae,
1774 1518 1833 1575 q.
1865 1508 1895 1561 2
1920 1542 1935 1573 ,
1966 1510 2025 1559 et
2053 1506 2105 1561 4.
2132 1502 2204 1559 Ut
2232 1518 2328 1557 au-

640 1637 649 1643 .
726 1590 835 1643 tem
874 1589 1122 1664 singulas
1163 1598 1345 1664 partes
1387 1592 1715 1665 probemus,
1746 1598 1965 1664 oportet
2005 1591 2324 1650 discurrere

726 1690 826 1745 per
863 1693 1053 1735 omnes
1092 1688 1273 1739 status
1315 1683 1530 1753 generis
1558 1681 1812 1755 humani,
1842 1682 2163 1754 praesertim
2195 1682 2330 1755 legis

726 1772 981 1839 naturae,
1016 1772 1277 1843 scriptae,
1308 1778 1364 1829 et
1390 1775 1617 1845 gratiae.

805 1860 860 1914 3.
888 1858 1047 1916 Circa
1071 1859 1244 1933 legem
1264 1877 1395 1935 ergo
1421 1869 1646 1919 naturae
1671 1860 2025 1919 recolendum
2048 1867 2154 1933 est,
2181 1859 2330 1933 quod

726 1960 887 2017 saepe
926 1946 1074 2019 dixi,
1106 1952 1347 2022 spectari
1386 1967 1551 2024 posse
1589 1952 1673 2007 vel
1716 1951 1767 2008 in
1809 1951 1998 2009 ordine
2039 1950 2104 2008 ad
2133 1966 2330 2023 puram

724 2041 1005 2108 naturam,
1023 2054 1122 2096 seu
1148 2040 1215 2098 ad
1240 2042 1503 2098 rationem
1528 2042 1831 2099 naturalem
1854 2040 1999 2099 nude
2022 2049 2326 2113 sumptam,

724 2126 809 2182 vel
838 2134 1007 2198 prout
1044 2124 1403 2187 illuminatam
1443 2130 1647 2188 lumine
1684 2130 1824 2188 fidei.
1858 2132 2031 2189 Priori
2060 2131 2222 2189 modo
2249 2132 2329 2187 in-

726 2213 887 2289 telligi
926 2223 1107 2288 potest
1144 2220 1195 2274 in
1231 2220 1470 2277 humano
1500 2236 1700 2293 genere
1731 2222 2022 2293 vestigium
2050 2220 2328 2294 quoddam

721 2304 890 2361 huius
920 2308 1239 2381 potestatis,
1272 2326 1378 2366 non
1408 2310 1629 2383 quidem
1662 2310 2123 2382 supernaturalis,
2142 2316 2208 2367 ut
2231 2325 2328 2381 per

724 2410 781 2450 se
810 2401 1002 2453 notum
1028 2405 1145 2469 est,
1175 2400 1309 2472 quia
1336 2406 1536 2457 natura
1563 2416 1629 2456 ex
1660 2417 1718 2457 se
1748 2389 1875 2456 nihil
1906 2399 2328 2472 supernaturale

725 2484 886 2543 habet
910 2529 925 2559 ,
970 2487 1067 2545 sed
1108 2488 1372 2546 naturalis
1413 2504 1543 2545 cum
1583 2489 1821 2562 quadam
1864 2490 2218 2561 proportione
2259 2490 2328 2546 ad

722 2576 862 2633 hanc
892 2584 1217 2649 potestatem
1248 2578 1606 2650 spiritualem.
1638 2578 1792 2647 Quod
1822 2581 1899 2635 ita
1925 2578 2172 2650 declaro,
2197 2580 2326 2653 quia

722 2672 926 2728 natura
962 2666 1194 2723 hominis
1236 2682 1333 2739 per
1375 2684 1433 2725 se
1468 2669 1698 2741 requirit
1725 2684 1910 2726 veram
1939 2670 2032 2726 Dei
2061 2670 2324 2743 cognitio-

722 2771 847 2812 nem
876 2759 1017 2812 intra
1039 2755 1284 2813 ordinem
1307 2763 1558 2828 naturae,
1584 2765 1647 2815 ut
1666 2760 1721 2830 in
1741 2759 1931 2816 eodem
1957 2759 2141 2817 ordine
2165 2776 2324 2817 suam

720 2847 1103 2917 perfectionem
1122 2854 1178 2904 et
1200 2846 1589 2905 beatitudinem
1607 2849 1915 2906 naturalem
1934 2849 2178 2906 obtinere
2201 2866 2326 2921 pos-

720 2938 822 3008 sit,
854 2938 945 2994 cui
989 2939 1284 3012 cognitioni
1326 2938 1591 2995 accedere
1620 2937 1781 2996 debet
1808 2939 1999 2995 cultus
2030 2941 2141 2996 Deo
2173 2938 2327 2997 debi-

721 3032 812 3082 tus
831 3068 845 3097 ,
869 3042 936 3083 ne
959 3027 1233 3085 incidatur
1254 3030 1306 3084 in
1331 3026 1813 3100 reprehensionem
1833 3026 2005 3084 Pauli:
2040 3030 2324 3103 Quicum

717 3121 1117 3188 coynovtssent
1142 3120 1363 3183 Deam,
1398 3134 1517 3174 non
1546 3120 1700 3174 sicut
1731 3121 1926 3174 Deum
1954 3115 2321 3191 ylorificave·

714 3211 889 3263 runt.-
915 3221 1051 3281 ergo
1080 3206 1393 3280 respublica
1423 3206 1664 3263 bumana
1692 3208 1857 3263 etiam
1884 3206 1935 3263 in
1960 3221 2103 3277 pura
2122 3213 2318 3266 natura

716 3301 964 3367 spectata
1003 3284 1508 3369 indigerefunionc
1548 3302 1601 3353 et
1630 3296 2015 3353 conformitate
2042 3298 2097 3353 in
2127 3295 2323 3370 buius:

716 3384 861 3442 modi
901 3386 1212 3460 cognitione
1252 3392 1307 3443 et
1347 3385 1505 3443 cultu
1547 3387 1659 3443 veri
1700 3386 1823 3457 Dei3
1877 3401 2007 3458 ergo
2056 3384 2321 3459 indigeret

711 3475 871 3531 etiam
903 3480 1198 3547 potestate,
1231 3490 1371 3549 quae
1400 3474 1545 3532 illam
1577 3475 1911 3548 gubernaret
1943 3476 1999 3531 in
2032 3476 2218 3531 ordine
2247 3476 2316 3533 ad

710 3562 858 3622 hunc
890 3566 1080 3634 finem,
1108 3570 1162 3620 et
1189 3565 1589 3635 praescriberet
1610 3565 1895 3635 sacrificia,
1921 3564 2313 3639 caeremonias,

707 3660 765 3711 et
788 3654 920 3710 alias
945 3654 1391 3711 circumstantias
1412 3656 1752 3711 necessarias
1774 3652 1839 3710 ad
1864 3670 2057 3711 verum
2079 3655 2173 3712 Dei
2195 3656 2317 3714 cul-

708 3749 857 3813 tum3
884 3758 1016 3818 ergo
1039 3743 1175 3799 haec
1198 3749 1442 3815 potestas
1462 3758 1529 3803 ax
1550 3744 1666 3814 ipsa
1688 3744 1897 3799 ratione
1924 3744 2161 3801 naturali
2183 3760 2316 3801 con-

709 3833 854 3889 venit
896 3832 1203 3890 bominibus
1240 3848 1348 3888 nou
1391 3834 1603 3903 minus,
1646 3848 1813 3905 quam
1854 3840 2096 3905 potestas
2133 3834 2315 3907 politi·

709 3939 796 3979 ca.
828 3924 900 3980 Et
926 3923 1311 3992 confirmatum
1339 3937 1463 3978 nam
1491 3923 1544 3977 in
1573 3922 1715 3978 omni
1744 3924 1965 3978 natione
1984 3962 1999 3993 ,
2024 3922 2185 3979 etiam
2214 3922 2326 3979 fal-'

596 4070 621 4077 ,
704 4029 796 4070 sos
838 4013 968 4069 deos
1010 4010 1258 4082 colente,
1302 4024 1514 4081 semper
1554 4011 1661 4066 fuit
1687 4017 1928 4082 potestas
1959 4010 2314 4068 sacerdotalis

707 4104 791 4161 vel
820 4102 1099 4175 pontificia
1124 4099 1375 4157 distincta
1403 4116 1434 4156 a
1460 4098 1647 4173 regali,
1676 4100 1867 4156 saltem
1895 4100 1946 4156 in
1968 4116 2071 4157 sua
2095 4100 2308 4158 formali

648 4222 657 4229 ·
703 4192 910 4249 ratione
952 4189 1232 4262 potestatis
1275 4188 1538 4259 moralis,
1580 4188 1705 4245 licet
1742 4204 1849 4245 non
1878 4204 2097 4261 semper
2122 4196 2312 4247 essent

704 4284 757 4339 in
788 4281 1044 4339 distincta
1070 4293 1316 4352 persona.
1344 4280 1421 4335 De
1444 4292 1557 4350 quo
1581 4293 1689 4334 usu
1716 4277 1887 4336 videri
1906 4284 2143 4350 possunt
2165 4278 2309 4335 mul-

702 4378 758 4427 ta
800 4369 946 4442 apud
987 4366 1357 4426 Alexandrum
1400 4366 1469 4423 ab
1503 4366 1806 4425 Alexandro
1840 4383 1971 4425 cum
1998 4368 2306 4441 Tiraquello

704 4458 897 4516 ibidem
927 4458 1019 4514 lib.
1054 4461 1108 4515 2.
1143 4455 1471 4529 yeniacium
1498 4454 1757 4525 dierum,
1789 4472 1913 4530 cap.
1945 4464 1996 4516 8.
2030 4460 2176 4515 Haec
2209 4475 2307 4515 au·

701 4553 812 4604 tem
839 4544 1109 4619 generalis
1137 4544 1481 4602 consuetudo
1510 4543 1755 4602 declarat
1791 4547 2111 4605 instinctum
2140 4555 2300 4605 natu-

698 4653 825 4708 rae,
848 4652 984 4709 ergo
1013 4635 1099 4691 hic
1130 4635 1303 4692 multo
1335 4636 1504 4708 magis
1533 4635 1804 4692 invenitur
1833 4638 1986 4693 circa
2008 4637 2224 4694 cultum
2248 4644 2305 4694 et

698 4725 1207 4799 cognitionem'veri
1243 4724 1366 4791 Dei,
1398 4724 1466 4807 ad
1496 4740 1664 4799 quem
1694 4730 1893 4786 natura
1920 4727 2221 4785 intrinsece
2248 4734 2305 4785 et

598 4860 609 4869 .
696 4830 795 4887 per
822 4830 881 4871 se
910 4811 1218 4871 ordinatur.

774 4901 930 4961 Unde
954 4908 1359 4975 consequenter
1380 4902 1475 4974 iit,
1502 4902 1576 4959 ita
1596 4917 1718 4960 esse
1741 4903 2083 4961 sentiendum
2106 4904 2174 4963 de
2195 4908 2303 4962 ori·

694 4994 821 5067 gine
846 4996 903 5049 et
928 4991 1179 5049 subiecto
1209 4991 1355 5048 sslius
1385 4994 1671 5065 potestatis
1698 4994 1943 5067 praecise
1966 4999 2218 5065 sumptae
2240 4996 2296 5050 in

694 5099 761 5140 eo
791 5080 999 5157 gradu,
1032 5083 1179 5138 sieut
1204 5079 1272 5138 de
1297 5087 1569 5153 potestate
1598 5081 1759 5139 civili.
1792 5084 1956 5140 Esset
1981 5084 2126 5139 enim
2154 5082 2299 5140 radi-

2209 389 2411 441 mmm
2441 391 2538 441 w.

2406 524 2518 589 cta,
2550 533 2648 590 per
2677 517 2826 575 illam
2843 520 2982 575 *vero
3009 517 3248 576 conferri
3278 524 3462 592 posset
3491 518 3572 575 vel
3603 520 3694 576 uni
3714 534 4010 593 personae,

2403 604 2487 667 ve'l
2517 610 2704 667 multis
2733 611 2788 665 in
2819 625 2992 665 unum
3021 609 3393 683 congregatis,
3418 616 3481 666 ut
3506 607 4010 679 administraretur.

2402 698 2552 767 Quae
2594 701 2777 756 omnia
2817 698 3020 757 eisdem
3050 699 3357 757 rationibus
3384 696 3665 771 probanda
3692 694 3850 771 sunt,
3883 698 4014 773 qui-

2401 786 2507 845 bus
2525 789 2722 846 similia
2739 788 2804 846 de
2825 795 3098 862 potestate
3120 788 3262 845 cirili
3285 789 3648 846 ostendimus.
3663 786 3816 847 Unde
3837 790 4008 846 etiam

2401 878 2493 950 fit,
2536 881 2779 951 potuisse
2821 878 2962 935 hanc
3005 884 3360 951 potestatem,
3392 884 3447 940 et
3481 877 3697 935 civilem
3726 879 4002 937 constitui

2400 969 2453 1025 in
2484 970 2716 1027 diversis
2747 970 3026 1042 personis,
3057 974 3112 1025 et
3141 967 3192 1023 in
3221 968 3410 1025 eadem
3439 983 3538 1040 pro
3569 967 3794 1026 arbitrio
3820 968 4001 1025 homi-

2401 1074 2568 1128 num,
2611 1060 2742 1131 quia
2785 1064 2983 1115 natura
3020 1056 3106 1113 vel
3146 1059 3284 1115 ratio
3311 1057 3437 1114 nihil
3465 1059 3518 1114 in
3547 1056 3651 1115 hoc
3685 1060 4006 1116 necessario

2404 1148 2750 1205 determinat.
2783 1149 3008 1220 Semper
3037 1154 3224 1205 autem
3250 1153 3530 1205 servatum
3561 1145 3780 1205 videtur
3806 1148 3875 1205 ab
3905 1146 4008 1203 ho·

2400 1237 2670 1310 minibus,
2702 1243 2764 1295 ut
2792 1236 2920 1295 licet
2953 1236 3315 1308 particulares
3342 1236 3698 1311 magistratus
3726 1238 3920 1293 civiles
3945 1242 4010 1293 et

2401 1326 2772 1384 sacerdotales
2810 1326 3044 1383 dirersis
3087 1326 3400 1383 hominibus
3427 1325 3839 1396 tribuerentur,
3870 1327 4006 1398 quia

2397 1418 2637 1475 varietas
2664 1417 2945 1474 actionum
2968 1416 3112 1473 illam
3133 1416 3540 1473 distinctionem
3559 1416 3891 1487 postulabat3
3919 1416 3999 1472 ni-

2399 1505 2694 1564 hilominus
2723 1521 2984 1579 suprema
3009 1512 3253 1577 potestas
3281 1506 3569 1578 utriusque
3591 1504 3816 1572 ordinis,
3841 1519 4005 1576 prae-

2399 1598 2582 1655 sertim
2615 1595 2796 1671 quoad
2827 1595 2974 1669 leges
3001 1592 3287 1667 ferendas,
3325 1596 3377 1651 in
3414 1610 3528 1651 uno
3557 1585 3798 1667 principe
3824 1593 4001 1650 collo-

2397 1692 2646 1743 caretur.
2679 1684 2748 1743 Et
2775 1685 2847 1742 ita
2875 1682 3098 1757 regibus
3125 1690 3182 1741 et
3207 1684 3626 1757 imperatoribus
3653 1698 3868 1754 semper
3896 1682 4006 1739 fuit

2398 1774 2606 1831 tributa
2632 1774 2716 1831 vel
2739 1772 3098 1832 subordinate
3117 1774 3254 1831 haec
3276 1781 3520 1847 potestas
3539 1774 3590 1829 in
3613 1786 3840 1830 romana
3863 1773 4002 1829 urbe

2351 1872 2360 1878 ’
2397 1872 2452 1923 et
2479 1866 2736 1937 imperio,
2767 1871 2831 1921 ut
2855 1880 2926 1921 ex
2953 1863 3190 1922 historiis
3217 1870 3464 1933 coastat3
3499 1862 3753 1935 idemque
3780 1862 3849 1919 de
3877 1860 3998 1918 aliis

2400 1952 2883 2041 communitatibus
2923 1952 3213 2010 verisimile
3253 1960 3373 2024 est,
3403 1959 3466 2010 ut
3489 1951 3797 2010 videbimus
3825 1954 3998 2009 etiam

2395 2046 2450 2099 in
2493 2044 2742 2117 sequenti
2784 2042 3048 2114 membro.
3078 2044 3362 2100 Rationem
3406 2056 3536 2099 vero
3563 2042 3743 2114 attigit
3768 2041 3824 2098 d.
3855 2042 4002 2098 Tho-

2397 2148 2514 2190 mas
2553 2137 2602 2190 1.
2633 2137 2665 2190 2
2689 2176 2702 2203 ,
2734 2148 2790 2206 q.
2825 2138 2929 2202 99,
2961 2138 3066 2189 art.
3101 2136 3132 2189 3
3155 2172 3171 2204 ,
3199 2130 3420 2205 dicens,
3453 2146 3672 2203 sempor
3701 2130 3999 2189 humanam

2395 2224 2794 2297 rempublicam
2826 2228 3068 2279 utentem
3091 2221 3206 2278 sola
3233 2228 3504 2294 potestate
3521 2222 3756 2279 naturali
3779 2210 4002 2280 habuis·

2397 2329 2456 2371 se
2483 2328 2678 2371 curam
2707 2313 2869 2370 divini
2897 2311 3087 2370 cultus
3116 2318 3174 2369 et
3197 2326 3388 2369 rerum
3416 2311 3662 2369 omnium
3689 2310 3757 2368 ad
3780 2311 4002 2385 religio-

2394 2418 2516 2459 nem
2545 2404 2930 2476 pertinentium
2959 2402 3011 2457 in
3039 2400 3224 2458 ordine
3251 2400 3316 2459 ad
3347 2416 3698 2458 communem
3725 2418 3918 2473 pacem
3943 2408 4004 2459 et

2393 2492 2673 2564 politicam
2704 2492 3192 2565 gubernationem,
3213 2497 3271 2547 et
3299 2491 3428 2563 quia
3457 2488 3540 2547 bic
3561 2498 3650 2547 est
3668 2490 3784 2547 finis
3817 2492 4002 2564 regiae

2393 2583 2712 2653 potestatis,
2746 2582 2864 2640 ideo
2906 2587 3090 2637 cetera
3133 2581 3312 2636 omnia
3340 2582 3390 2635 ei
3419 2579 3772 2637 subordinate
3797 2580 3992 2637 fuisse.

2391 2670 2492 2729 Ubi
2517 2672 2804 2729 caietanus
2833 2670 3134 2743 significat,
3159 2669 3264 2725 hoc
3288 2684 3395 2725 non
3417 2669 3598 2726 solum
3621 2669 3879 2727 babuisse
3907 2670 3990 2729 lo·

2391 2776 2523 2819 cum
2564 2762 2614 2818 in
2655 2760 2737 2817 his
2764 2759 3051 2834 gentibus,
3084 2773 3228 2832 quae
3256 2757 3424 2815 falsos
3447 2757 3584 2815 deos
3613 2758 3896 2830 colebant,
3925 2759 3998 2817 de

2393 2851 2596 2925 quibus
2623 2852 2826 2907 mirum
2854 2865 2964 2905 non
2991 2854 3097 2918 est,
3129 2848 3278 2921 quod
3308 2847 3524 2905 cultum
3549 2849 3645 2905 Dei
3677 2848 3999 2906 ordinarent

2391 2942 2460 2998 ad
2502 2939 2854 2998 commodum
2897 2939 3231 3009 humanum,
3276 2937 3374 2995 sed
3407 2939 3568 2993 etiam
3597 2939 3650 2993 in
3679 2937 3995 2995 colentibus

2395 3044 2587 3087 verum
2617 3031 2787 3087 Deum
2819 3028 2936 3097 solo
2965 3028 3166 3084 lumine
3195 3026 3460 3083 naturali:
3505 3025 3880 3101 quiaillud,
3911 3030 3994 3084 in-

2391 3120 2539 3191 quit,
2568 3134 2686 3175 non
2723 3124 2810 3175 est
2847 3120 3169 3175 intrinsece
3207 3114 3473 3185 malum,
3507 3120 3650 3190 quia
3687 3132 3804 3173 non
3830 3120 3994 3175 Deus

2387 3210 2529 3283 ipse,
2561 3208 2664 3265 sed
2690 3206 2888 3265 cultus
2915 3210 3030 3264 Det
3051 3204 3370 3263 ordinatur
3389 3204 3474 3263 ad
3481 3221 3716 3283 pacem,
3745 3212 3804 3262 et
3819 3210 3992 3264 unio·

2391 3313 2528 3355 nem
2574 3299 2883 3354 homimem
2934 3300 3093 3354 inter
3137 3307 3224 3362 se,
3259 3293 3416 3369 quod
3460 3288 3582 3352 πὀπ
3616 3300 3706 3353 est
3730 3294 3984 3357 malum.

2392 3389 2635 3444 etiamsi
2659 3403 2780 3443 non
2807 3382 3247 3460 supersectam.
3273 3383 3425 3444 Unde
3446 3384 3574 3459 quia
3593 3384 3758 3441 bomo
3780 3386 3832 3439 in
3853 3400 3994 3456 pura

2388 3484 2615 3548 natura,
2646 3474 2732 3533 vel
2773 3474 3019 3531 absolute
3059 3489 3165 3530 non
3211 3480 3419 3546 potest,
3449 3474 3537 3532 vel,
3561 3473 3781 3531 difficile
3810 3479 3994 3546 potest

2390 3562 2647 3638 diligere,
2680 3572 2736 3623 et
2767 3564 2948 3621 colere
2983 3566 3154 3621 Deum
3193 3564 3434 3637 perfecte
3461 3570 3690 3636 propter
3717 3566 3987 3637 seipsum3

2387 3654 2510 3719 ideo
2539 3662 2786 3727 potestas
2827 3654 2963 3711 haec
3003 3654 3052 3709 in
3085 3670 3221 3726 pura
3249 3659 3446 3710 natura
3475 3653 3824 3711 considerata
3849 3670 3992 3711 sem-

2387 3760 2485 3818 per
2523 3745 2748 3801 baberet
2787 3742 2930 3800 illam
2973 3743 3442 3815 imperfectionem
3481 3742 3828 3815 adiunctam,
3861 3760 3994 3817 pro-

2382 3840 2566 3906 pterea
2603 3836 2658 3889 in
2701 3848 2960 3904 supremo
3001 3834 3322 3905 magistratu
3359 3848 3468 3890 non
3495 3841 3644 3889 esset
3667 3841 3924 3905 separata
3957 3854 3992 3895 a

2384 3923 2528 3982 civili
2547 3967 2560 3993 ,
2591 3923 2871 3980 moraliter
2898 3937 2998 3979 seu
3024 3921 3349 3995 regulariter
3376 3920 3672 3995 loquendo.

2461 4010 2759 4086 Loquendo
2781 4017 2966 4069 autem
2985 4011 3054 4067 de
3077 4010 3196 4083 lege
3217 4016 3448 4068 naturae
3466 4011 3734 4079 intordine
3752 4014 3982 4085 gratiae,

2383 4107 2790 4175 consequenter
2828 4100 3126 4158 dicendum
3170 4098 3417 4171 videtur,
3467 4115 3682 4173 semper
3727 4102 3988 4159 habuisse

2379 4194 2731 4250 coniunctam
2761 4195 3088 4262 potestatem
3118 4188 3355 4261 aliquam
3384 4189 3804 4262 sacerdotalem,
3834 4193 3890 4247 in
3921 4206 3980 4247 se

2377 4280 2596 4356 quidem
2627 4278 3108 4352 supernaturalem
3139 4286 3196 4335 et
3236 4278 3572 4350 spiritualem
3593 4321 3608 4349 ‚
3649 4289 3986 4339 connatura-

2379 4372 2486 4428 lem
2515 4376 2694 4427 autem
2733 4370 2834 4441 ipsi
2874 4370 3103 4442 gratiae.
3135 4369 3213 4425 lta
3242 4368 3405 4425 sentit
3432 4367 3644 4425 Victor.
3685 4386 3858 4442 supra
3880 4412 3898 4443 ,
3926 4378 3986 4428 et

2373 4460 2636 4532 probatur
2657 4458 2958 4515 efficaciter
2981 4459 3191 4513 ratione
3210 4455 3494 4513 dubitandi
3517 4458 3570 4514 in
3593 4459 3858 4532 principio
3883 4476 3983 4532 po·

2376 4551 2503 4606 sita.
2534 4551 2668 4605 ltem
2709 4562 2777 4605 ex
2816 4548 3164 4619 proportione
3190 4547 3336 4603 inter
3373 4552 3624 4604 naturam
3651 4547 3799 4606 nude
3830 4566 3986 4606 sum-

2373 4646 2522 4711 ptam
2565 4635 2632 4693 ad
2675 4636 2978 4693 naturalem
3019 4636 3178 4692 finem
3205 4641 3610 4709 comparatam,
3635 4644 3694 4693 et
3721 4644 3984 4697 naturam

2372 4728 2636 4784 elevatam
2679 4742 2775 4798 per
2814 4723 3038 4798 gratiam
3089 4723 3342 4781 collatam
3391 4739 3522 4780 cum
3570 4728 3978 4797 supernaturali

2370 4815 2725 4874 beatitudine.
2759 4814 3002 4886 Denique
3029 4815 3160 4886 quia
3186 4814 3242 4869 in
3271 4812 3362 4870 illo
3391 4818 3541 4870 statu
3568 4821 3718 4871 esset
3739 4816 3793 4872 in
3823 4832 3981 4874 com-

2372 4907 2640 4964 munitate
2681 4904 2922 4960 humana
2960 4902 3202 4959 exterior
3227 4900 3350 4959 fidei
3378 4902 3676 4976 professio,
3704 4912 3766 4962 et
3789 4908 3982 4965 cultus

2369 4996 2491 5066 Dei,
2534 5000 2600 5051 ut
2637 4991 3068 5065 supernaturalis
3102 4991 3249 5064 finis,
3279 5006 3424 5074 quae
3449 5008 3561 5050 non
3589 5002 3774 5052 essent
3800 4997 3982 5055 deter-

2372 5083 2576 5140 minata
2615 5098 2682 5139 ex
2721 5082 2840 5139 solo
2879 5081 3066 5138 divino
3107 5080 3260 5151 iure,
3301 5087 3570 5155 quantum
3610 5082 3680 5140 ad
3718 5086 3972 5162 modum,

696 5172 887 5229 caliter
914 5186 946 5227 a
972 5170 1107 5241 Deo,
1136 5170 1313 5228 medio
1340 5169 1601 5229 discursu
1630 5172 1875 5246 rationis,
1904 5178 1961 5229 et
1984 5188 2052 5229 ex
2080 5172 2198 5230 sola
2219 5177 2296 5232 rei
2365 5181 2612 5246 tempus,
2641 5170 2858 5228 stelias
2885 5171 3360 5242 circumstantias3
3391 5171 3804 5233 determinanda
3831 5192 3974 5251 argo

693 5267 891 5319 natura
929 5266 1078 5346 esset
1111 5258 1422 5319 immediate
1463 5262 1518 5317 in
1547 5261 1662 5318 sola
1690 5261 2085 5319 communitate
2113 5262 2308 5334 perses
2361 5268 2520 5321 arant
2547 5262 2666 5319 iure
2695 5260 2969 5331 humano,
2996 5274 3130 5332 ergo
3159 5260 3469 5317 necessaria
3495 5268 3616 5319 erat
3642 5262 3696 5320 in
3723 5265 3987 5326 Ecclesia
