4325 6267
748 354 871 417 156

670 506 921 569 traneos,
951 504 1009 554 et
1037 497 1443 568 cuiuscumque
1474 496 1729 551 nationis.
1764 496 2103 567 Quapropter
2130 493 2264 548 licet

667 600 1032 659 unaquaeque
1076 585 1267 641 civitas
1310 583 1587 657 perfecta,
1632 584 1977 656 respublica,
2031 590 2128 639 aut
2181 598 2266 638 re·

664 692 831 747 gnum
852 718 866 744 ,
903 676 973 731 sit
1004 673 1053 729 in
1082 688 1139 728 se
1168 676 1541 729 communitas
1571 673 1834 745 perfecta,
1860 679 1917 729 et
1945 672 2061 729 suis
2092 687 2262 728 mem-

665 764 775 820 bris
813 771 1105 831 constanS,
1148 762 1499 818 nibilominus
1527 762 1796 834 quaelibet
1824 761 2041 817 illarum
2070 769 2155 817 est
2185 765 2266 815 et-

664 853 771 907 iam
812 850 1114 907 membrum
1155 849 1343 922 aliquo
1385 848 1547 907 modo
1592 851 1755 907 huius
1800 850 2071 915 universi,
2105 855 2268 919 prout

671 942 737 997 ad
778 957 954 1014 genus
998 939 1299 997 humanum
1342 946 1583 1012 spectat;
1630 956 1913 1011 nunquam
1954 942 2097 995 enim
2144 938 2266 994 illae

668 1030 1089 1087 communitates
1120 1028 1255 1085 adeo
1284 1036 1413 1085 sum
1444 1029 1544 1085 sibi
1567 1029 1903 1085 sufficientes
1934 1027 2264 1099 singillatim,

669 1120 799 1193 quin
832 1117 1103 1191 indigeant
1128 1117 1310 1189 aliquo
1341 1126 1532 1173 mutuo
1561 1118 1867 1186 iuvamine,
1900 1122 1955 1172 et
1981 1116 2263 1185 societate,

670 1224 734 1264 ac
766 1206 1263 1263 communicatione
1282 1246 1297 1277 ,
1326 1205 1597 1263 interdum
1627 1205 1693 1261 ad
1726 1205 1920 1261 melius
1944 1220 2063 1259 esse
2098 1206 2266 1259 maio-

667 1311 897 1368 remque
940 1294 1257 1365 utilitatem,
1301 1293 1575 1350 interdum
1620 1310 1747 1350 vero
1786 1294 1949 1351 etiam
1986 1293 2057 1349 ob
2088 1308 2268 1348 mora-

666 1386 773 1443 lem
798 1386 1182 1441 necessitatem
1205 1391 1262 1441 et
1282 1384 1630 1456 indigentiam
1646 1425 1661 1456 ,
1690 1389 1754 1439 ut
1773 1399 1839 1439 ex
1860 1384 1977 1453 ipso
2005 1399 2112 1439 usu
2134 1398 2268 1439 con-

670 1483 798 1533 stat.
835 1476 947 1531 Hac
964 1486 1109 1545 ‘ergo
1144 1475 1353 1529 ratione
1383 1471 1625 1544 indigent
1652 1472 1835 1545 aliquo
1866 1472 1983 1527 iure
2002 1510 2016 1534 ,
2047 1486 2159 1543 quo
2184 1470 2266 1527 di-

667 1568 952 1637 rigantur,
985 1570 1041 1619 et
1071 1568 1219 1618 recte
1244 1562 1567 1617 ordinentur
1590 1562 1640 1615 in
1666 1560 1771 1617 hoc
1794 1575 1991 1632 genere
2014 1576 2267 1618 commu-

668 1652 957 1709 nicationis
1002 1659 1057 1707 et
1087 1650 1379 1707 societatis.
1416 1650 1485 1705 Et
1512 1650 1762 1723 quamvis
1793 1664 1989 1723 magna
2017 1665 2085 1705 ex
2114 1656 2266 1719 parte

666 1743 775 1799 hoc
818 1743 909 1797 liat
945 1756 1039 1811 per
1080 1742 1343 1796 rationem
1382 1737 1721 1809 naturalem,
1753 1756 1862 1795 non
1903 1746 2081 1795 tamen
2112 1738 2267 1795 suffl-

668 1834 875 1888 cienter
917 1836 971 1885 et
1020 1828 1323 1886 immediate
1363 1827 1547 1902 quoad
1588 1828 1797 1901 omnia3
1829 1828 2057 1900 ideoque
2088 1827 2270 1900 aliqua

670 1919 927 1993 specialia
956 1922 1075 1975 iura
1106 1926 1407 1991 potuerunt
1433 1935 1540 1976 usu
1570 1918 1886 1975 earumdem
1914 1920 2163 1990 gentium
2185 1918 2263 1973 in-

673 2010 910 2068 troduci.
932 2011 1066 2067 Nam
1090 2011 1239 2066 sicut
1278 2010 1327 2065 in
1354 2025 1461 2065 una
1482 2007 1701 2065 civitate
1732 2007 1813 2063 vel
1838 2008 2113 2079 provincia
2134 2022 2269 2062 con-

672 2100 909 2158 suetudo
946 2098 1245 2157 introducit
1280 2099 1397 2170 ius,
1435 2099 1509 2154 ita
1538 2099 1590 2153 in
1622 2098 1874 2154 universo
1906 2098 2145 2152 humano
2174 2111 2268 2168 ge-

672 2206 799 2246 nere
828 2195 1131 2263 potueruut
1161 2189 1280 2244 iura
1310 2189 1557 2260 gentium
1589 2187 1833 2243 moribus
1862 2184 2159 2242 introduci.
2189 2186 2268 2241 Eo
2297 2246 2302 2255 ,

670 2282 751 2337 vel
782 2282 1049 2350 maxime,
1082 2278 1231 2351 quod
1262 2293 1358 2348 ea,
1384 2294 1525 2350 quae
1555 2277 1620 2333 ad
1652 2278 1754 2333 boc
1785 2280 1869 2332 ius
1894 2277 2186 2348 pertinent,
2213 2282 2268 2332 et

668 2384 845 2440 pauca
869 2374 1020 2435 sunt,
1046 2374 1103 2424 et
1126 2366 1229 2422 iuri
1255 2366 1486 2422 naturali
1512 2364 1665 2421 valde
1692 2366 2017 2439 propinqua,
2043 2372 2097 2422 et
2124 2380 2266 2438 quae

671 2456 984 2514 facillimam
1016 2454 1219 2511 habent
1240 2455 1306 2510 ab
1328 2454 1417 2511 illo
1437 2453 1825 2511 deductionem
1845 2496 1859 2525 ,
1884 2453 2133 2525 adeoque
2160 2456 2266 2510 uti-

671 2546 777 2602 lem
817 2555 871 2601 et
913 2552 1336 2601 consentaneam
1378 2544 1477 2615 ipsi
1516 2550 1774 2613 naturae,
1810 2549 1873 2599 ut
1900 2542 2030 2599 licet
2056 2560 2161 2599 non
2195 2547 2269 2602 sit

670 2634 891 2691 evidens
936 2633 1197 2690 deductio
1229 2640 1486 2704 tanquam
1516 2632 1583 2689 de
1612 2648 1669 2689 se
1699 2632 1919 2689 omnino
1954 2636 2270 2689 necessaria

676 2724 743 2781 ad
790 2725 1130 2781 honestatem
1175 2738 1421 2792 morum,
1453 2723 1523 2778 sit
1550 2728 1728 2778 tamen
1756 2721 1909 2778 valde
1942 2723 2268 2779 conveniens

676 2820 936 2885 naturae,
970 2819 1027 2869 et
1052 2810 1117 2867 de
1147 2826 1205 2867 se
1234 2810 1584 2881 acceptabilis
1612 2810 1679 2866 ab
1708 2811 1982 2867 omnibus.

754 2902 1027 2959 Posterior
1061 2900 1259 2957 modus
1288 2900 1418 2955 iuris
1446 2900 1689 2972 gentium
1728 2901 1971 2958 continet
1999 2902 2268 2974 quaedam

672 2998 1001 3065 praecepta,
1035 2990 1117 3046 vel
1153 2990 1325 3061 ritus,
1350 2996 1446 3047 aut
1476 2989 1665 3046 modos
1694 2990 1931 3060 vivendi,
1957 2994 2053 3064 qui
2084 3008 2180 3063 per
2209 3009 2269 3049 se

672 3089 728 3137 et
750 3080 955 3138 directe
988 3096 1091 3137 non
1122 3079 1437 3135 reseruntur
1467 3079 1535 3137 ad
1563 3079 1847 3136 universos
1876 3080 2145 3153 homines,
2177 3097 2271 3138 ne-

676 3188 785 3246 que
816 3171 1015 3227 babent
1035 3170 1201 3228 veluti
1226 3185 1326 3241 pro
1350 3170 1452 3225 line
1472 3170 1719 3241 proximo
1741 3174 2157 3227 convenientem
2183 3188 2269 3228 so-

675 3263 925 3318 cietatem
950 3266 1004 3317 et
1025 3259 1583 3316 communicationem
1608 3260 1851 3314 omnium
1880 3260 2163 3316 nationum
2191 3260 2269 3316 in·

674 3359 755 3409 ter
785 3366 874 3422 se,
909 3350 1003 3407 sed
1035 3353 1087 3405 in
1122 3364 1452 3424 unaquaque
1484 3348 1761 3421 republica
1791 3350 1905 3406 loro
1936 3365 2041 3406 suo
2070 3365 2272 3406 conve-

674 3443 858 3497 niente
888 3440 1147 3513 regimine
1188 3439 1622 3495 constituuntur.
1661 3438 1731 3493 Et
1758 3437 2103 3517 nihilominus
2135 3438 2269 3494 tales

678 3538 842 3601 sunt,
884 3536 947 3585 ut
996 3529 1046 3584 in
1088 3544 1195 3585 usu
1240 3527 1493 3583 similium
1542 3527 1750 3588 rituum
1796 3534 1893 3583 aut
1936 3528 2116 3600 legum
2160 3529 2269 3584 sere

675 3635 865 3677 omnes
899 3620 1146 3674 nationes
1176 3617 1313 3671 inter
1358 3631 1415 3671 se
1453 3618 1808 3687 conveniant,
1840 3617 1924 3672 vel
1964 3616 2272 3674 similitudi-

676 3724 799 3765 nem
839 3707 1073 3764 habeant
1106 3704 1382 3761 interdum
1418 3707 1761 3778 genericam‚
1798 3705 2073 3763 interdum
2107 3706 2270 3764 veluti

674 3799 1009 3872 specificam.
1042 3798 1157 3852 Hoc
1201 3797 1367 3852 etiam
1396 3793 1656 3865 exemplis
1685 3795 1945 3852 illustrari
1975 3802 2183 3867 potest3
2215 3802 2272 3853 et

673 3894 859 3963 potest
879 3888 931 3943 in
950 3886 1135 3959 primis
1158 3884 1223 3941 ad
1248 3885 1393 3941 bunc
1416 3884 1638 3941 modum
1661 3883 2065 3940 accommodari
2086 3901 2270 3942 exem·

671 3977 825 4050 plum
855 3975 921 4033 de
950 3974 1237 4048 religione,
1262 3990 1374 4046 quo
1406 3991 1541 4031 usus
1568 3980 1653 4030 est
1681 3975 2116 4049 lureconsultus3
2142 3992 2267 4032 nam

674 4065 863 4124 cultus
904 4066 993 4123 Dei
1022 4064 1275 4121 absolute
1302 4070 1387 4121 est
1414 4063 1480 4119 de
1508 4066 1625 4120 iure
1652 4070 1910 4135 naturae,
1942 4064 2266 4121 determina·

676 4158 747 4213 tio
780 4172 909 4212 vero
946 4154 1063 4210 eius
1101 4154 1317 4209 omnino
1348 4152 1599 4225 specifica
1628 4158 1685 4208 et
1712 4153 2059 4225 particularis
2088 4160 2173 4209 est
2202 4153 2267 4210 de

670 4248 791 4302 iure
833 4244 1065 4316 positivo
1108 4241 1322 4313 divino,
1366 4248 1424 4297 et
1460 4242 1511 4297 in
1553 4241 1741 4298 ordine
1770 4248 1998 4299 naturae
2026 4250 2173 4298 esset
2199 4241 2266 4299 de

673 4336 789 4391 iure
822 4333 994 4405 civili,
1025 4348 1119 4388 seu
1150 4334 1391 4405 privato,
1419 4341 1473 4389 at
1503 4347 1633 4388 vero
1662 4331 1837 4389 medio
1860 4332 2267 4404 quodammodo

668 4424 885 4482 videtur
937 4423 1108 4479 fuisse
1156 4421 1223 4479 de
1274 4424 1394 4479 iure
1443 4423 1722 4495 gentium,
1755 4427 1820 4478 ut
1862 4425 2002 4478 ritus
2051 4421 2265 4479 colendi

670 4524 845 4579 Deum
892 4536 987 4592 per
1028 4517 1295 4575 sacrificia
1334 4530 1443 4571 non
1470 4521 1555 4570 est
1582 4513 1902 4585 simpliciter
1930 4513 1996 4569 de
2023 4514 2141 4569 iure
2173 4529 2265 4569 na-

670 4610 865 4680 turali,
896 4615 951 4665 et
993 4614 1173 4665 tamen
1214 4606 1266 4662 in
1308 4620 1372 4662 eo
1416 4603 1667 4661 videntur
1708 4603 1817 4659 sere
1857 4620 2047 4660 omnes
2073 4610 2265 4677 gentes

667 4700 1023 4769 convenisse,
1057 4703 1120 4754 ut
1158 4697 1213 4751 in
1248 4694 1469 4766 propria
1507 4696 1730 4750 materia
1769 4691 2033 4762 diximus3
2070 4694 2262 4749 merito

664 4805 795 4862 ergo
827 4788 1025 4860 poterit
1054 4785 1161 4842 dici
1190 4783 1257 4841 de
1282 4786 1402 4840 iure
1432 4782 1691 4856 gentium.
1725 4781 1977 4839 Similiter
2011 4782 2162 4854 quod
2195 4783 2262 4838 sit

664 4880 715 4934 in
761 4876 1039 4948 republica
1081 4880 1261 4931 status
1302 4872 1583 4929 hominum
1624 4872 1931 4942 specialiter
1957 4870 2258 4941 deputatus

662 4967 731 5025 ad
759 4966 974 5024 cultum
1004 4965 1117 5036 Dei,
1144 4980 1248 5019 non
1276 4962 1490 5019 videtur
1511 4977 1633 5018 esse
1654 4960 1722 5017 de
1749 4960 1999 5017 absoluto
2020 4961 2139 5017 iure
2162 4976 2257 5017 na-

663 5057 853 5131 turali,
896 5063 1073 5113 tamen
1120 5060 1203 5109 est
1252 5050 1865 5131 adeo‚consentaneum
1906 5048 2015 5122 illi,
2050 5057 2111 5107 ut
2146 5051 2256 5107 sere

660 5164 847 5207 omnes
890 5146 1166 5213 nationes,
1208 5150 1266 5199 et
1307 5141 1649 5213 respublicae
1691 5140 1740 5195 in
1784 5140 1886 5195 hac
1915 5140 2254 5197 institutione

658 5236 1040 5295 consenserint
1067 5234 1261 5291 saltem
1290 5231 1340 5288 in
1368 5232 1685 5300 communi,
1717 5231 1967 5303 quamvis
1996 5232 2047 5286 in
2083 5231 2247 5303 parti·

2144 368 2346 417 unna
2373 370 2426 418 11
2436 399 2452 415 .

2338 492 2513 549 culari
2545 493 2707 550 modo
2737 494 2901 550 suerit
2929 509 3122 566 magna
3153 494 3415 562 varietas,
3449 494 3632 566 quoad
3663 492 3768 550 hoc
3797 508 3934 567 ergo

2341 588 2519 653 potest
2545 583 2706 638 etiam
2737 582 2926 655 religio
2953 582 3059 638 dici
3099 581 3164 639 de
3205 582 3323 638 iure
3349 584 3616 655 gentium.
3652 583 3743 638 Sic
3772 584 3936 639 etiam

2343 669 2514 727 multa
2543 687 2610 727 ex
2640 672 2902 743 exemplis
2934 671 3118 727 lsidori
3149 670 3403 729 videntur
3431 670 3537 729 dici
3567 672 3635 728 de
3657 674 3778 729 iure
3807 689 3941 743 gen-

2339 760 2509 830 tium,
2538 766 2598 816 ut
2625 759 2837 816 sedium
2868 763 3184 832 occupatio,
3217 760 3481 829 aedificia,
3517 762 3763 832 munitio,
3796 778 3934 819 usus

2344 848 2639 919 pecuniae3
2679 856 3002 905 contractus
3041 850 3393 906 etiam'multi
3425 850 3783 921 particulares
3814 867 3940 922 pos·

2342 942 2476 992 sunt
2502 937 2605 992 hoc
2649 938 2812 993 modo
2849 938 2953 993 dici
2982 938 3050 993 de
3081 936 3196 994 iure
3223 939 3502 1011 gentium,
3537 946 3598 994 ut
3624 940 3854 1010 emptio,
3887 947 3945 995 et

2340 1024 2572 1080 venditio
2591 1068 2606 1093 ,
2634 1032 2692 1081 et
2736 1026 2927 1081 similia
2951 1068 2965 1093 ,
3008 1027 3208 1098 quibus
3249 1026 3491 1083 nationes
3519 1026 3768 1099 singulae
3797 1029 3937 1084 intra

2340 1129 2398 1169 se
2431 1119 2694 1186 utuntur3
2728 1120 2782 1170 et
2823 1113 2888 1170 ad
2925 1116 3180 1172 eumdem
3215 1116 3440 1174 modum
3471 1118 3647 1173 resero
3679 1118 3942 1187 postlimi-

2343 1202 2460 1273 nia,
2494 1204 2538 1258 si
2582 1219 2706 1259 vera
2748 1205 2800 1259 in
2844 1204 2946 1260 illis
2975 1212 3061 1261 est
3089 1208 3463 1263 convenientia
3493 1207 3630 1263 inter
3657 1209 3926 1277 nationes3

2336 1306 2495 1361 nam,
2531 1298 2588 1347 ut
2624 1292 2765 1363 dixi,
2801 1296 3046 1363 proxime
3091 1294 3346 1352 videntur
3377 1301 3626 1364 spectare
3657 1298 3838 1367 potius
3873 1297 3942 1353 ad

2337 1380 2426 1434 ius
2457 1381 2638 1437 civile.
2674 1380 2932 1454 Idemque
2975 1385 3168 1440 maiori
3201 1385 3410 1440 ratione
3439 1400 3628 1441 assero
3656 1385 3723 1442 de
3754 1388 3932 1457 prohi-

2336 1467 2538 1525 bitione
2585 1472 2976 1543 coniugiorum
3026 1488 3155 1528 cum
3203 1474 3516 1545 alienigenis
3557 1474 3607 1529 in
3651 1474 3931 1547 religione3

2339 1572 2460 1612 nam
2498 1573 2556 1613 re
2587 1573 2716 1615 vera
2748 1560 2839 1614 ubi
2867 1565 2954 1616 est
2981 1560 3101 1616 talis
3131 1561 3446 1633 prohibitio,
3471 1578 3576 1617 uon
3601 1565 3827 1636 respicit
3848 1569 3941 1636 ge-

2336 1644 2576 1701 neralem
2617 1649 3209 1718 communicationem,
3254 1658 3310 1706 et
3351 1652 3668 1707 societatem
3709 1655 3930 1725 generis

2339 1734 2558 1791 humani
2583 1778 2596 1807 ,
2625 1736 2720 1793 sed
2768 1740 3042 1809 propriam
3083 1738 3372 1796 utilitatem
3400 1740 3542 1796 illius
3569 1742 3934 1797 communita-

2336 1824 2405 1879 tis
2425 1865 2440 1893 ,
2473 1825 2522 1879 in
2554 1840 2664 1897 qua
2691 1826 2748 1882 fit
2779 1827 2901 1883 talis
2931 1827 3248 1898 prohibitio3
3279 1828 3380 1883 etsi
3405 1828 3456 1883 in
3487 1829 3587 1885 hac
3619 1829 3931 1900 probibitio-

2337 1928 2402 1967 ne
2441 1921 2523 1969 est
2571 1930 2765 1986 magna
2807 1916 3106 1973 similitudo
3145 1918 3284 1973 inter
3313 1917 3558 1974 nationes
3590 1917 3768 1991 (quod
3799 1918 3928 1975 mibi

2340 2004 2472 2057 satis
2501 2006 2774 2060 incertum
2806 2004 2961 2078 est),
2992 2021 3057 2063 ex
3093 2008 3301 2063 ratione
3325 2007 3525 2079 poterit
3545 2005 3630 2062 illa
3655 2006 3840 2063 rel'erri
3861 2008 3930 2063 ad

2337 2092 2425 2145 ius
2453 2093 2718 2164 gentium.
2753 2095 2833 2149 Ex
2875 2094 2959 2149 bis
2995 2110 3130 2169 ergo
3159 2097 3290 2151 satis
3318 2094 3599 2152 declarata
3624 2102 3678 2151 et
3707 2096 3938 2167 probata

2339 2188 2520 2237 manet
2549 2188 2739 2238 nostra
2771 2185 3053 2240 sententia.

2898 2360 3180 2429 CAPUT
3225 2360 3375 2427 XX.

2381 2540 2731 2609 Coro'llaria
2757 2569 2832 2609 ear
2861 2556 3155 2627 superiori
3185 2553 3489 2621 doctrina,
3527 2558 3583 2610 et
3607 2554 3898 2626 quomodo

2515 2644 2611 2698 ius
2637 2645 2900 2714 qentium
2928 2648 2982 2699 et
3003 2646 3225 2698 iustum
3255 2646 3333 2698 sit
3358 2647 3415 2699 et
3442 2641 3746 2699 namabilis.

2903 2822 3388 2885 summarium

2343 3007 2389 3056 1-.
2420 3006 2677 3069 Quomodo
2701 3007 2783 3057 ius
2814 3009 3046 3070 gentium
3078 3009 3147 3059 sit
3181 3008 3415 3059 omnibus
3450 3021 3743 3068 commune,
3781 3016 3834 3057 et
3861 3016 3941 3058 ta·-

2407 3090 2522 3127 men
2561 3090 2660 3127 non
2696 3080 2765 3127 sit
2800 3078 3200 3127 naturale—2.
3229 3076 3488 3139 Quomodo
3516 3078 3586 3127 sit
3611 3078 3942 3141 explicandus

2407 3146 2458 3196 d.
2488 3145 2730 3206 Thomas,
2751 3159 2868 3196 cum
2893 3148 3077 3197 asserit
3093 3184 3108 3209 ‚
3129 3153 3403 3211 praecepta
3423 3148 3554 3197 iuris
3569 3148 3800 3209 gentium
3825 3160 3942 3197 esse

2405 3217 2760 3267 conclusiones
2783 3216 3032 3267 deductas
3055 3230 3117 3267 ex
3143 3218 3410 3280 principiis
3435 3217 3564 3266 iuris
3585 3216 3858 3267 naturalis.
3872 3243 3945 3252 —-

2409 3286 2461 3335 3.
2493 3286 2548 3334 ln
2573 3288 2686 3335 iure
2709 3286 2939 3353 gentium
2971 3299 3093 3335 vera
3127 3288 3358 3349 aequitas
3385 3294 3438 3336 et
3464 3286 3662 3336 iustitia
3687 3285 3939 3335 servanda

2407 3361 2504 3405 est.
2527 3382 2594 3391 —
2615 3354 2909 3411 Differentia
2955 3355 3092 3405 inter
3135 3356 3217 3406 ius
3250 3356 3483 3420 gentium
3514 3362 3569 3404 et
3594 3354 3850 3405 naturale.
3875 3381 3944 3390 —

2406 3425 2460 3475 4.
2487 3423 2741 3475 obiectio.
2764 3452 2834 3460 —
2852 3424 2904 3474 5.
2932 3424 3014 3475 lus
3045 3432 3125 3475 est
3157 3425 3404 3475 mutabile
3437 3424 3696 3475 hominum
3725 3436 3940 3474 consen-

2409 3507 2487 3545 su·
2509 3519 2577 3532 -
2598 3494 2650 3544 6.
2679 3496 2721 3543 Α
2743 3506 2848 3557 quo
2869 3500 2922 3543 et
2957 3493 3208 3558 quomodo
3239 3496 3398 3559 possit
3434 3494 3618 3544 cadere
3643 3494 3864 3544 mutatio
3887 3493 3942 3542 in

2406 3564 2525 3680 iure!
2552 3564 2804 3625 gentium.
2826 3589 2896 3597 —
2915 3564 2964 3615 7.
3003 3562 3298 3615 Differentia
3332 3564 3470 3613 inter
3506 3564 3588 3614 ius
3621 3563 3854 3626 gentium
3886 3570 3942 3613 et

2404 3645 2505 3682 civi
2528 3644 2576 3681 e.

2424 3796 2470 3849 i.
2495 3793 2575 3848 Ex
2598 3791 2760 3848 dictis
2783 3791 2942 3848 l'acile
2963 3798 3048 3847 est
3067 3792 3288 3848 definire
3310 3798 3548 3860 caetera,
3563 3805 3704 3863 quae
3726 3788 3794 3846 de
3819 3789 3940 3847 iure

2336 3881 2578 3952 gentium
2607 3879 2900 3935 desiderari
2929 3886 3184 3952 possunt.
3201 3880 3271 3935 Et
3297 3881 3471 3951 primo
3501 3879 3828 3951 intelligitur
3858 3879 3936 3935 l'a-

2337 3969 2442 4026 cile
2469 3970 2749 4043 quomodo
2769 3970 2940 4041 possit
2962 3970 3050 4025 ius
3071 3969 3176 4025 hoc
3205 3984 3328 4025 esse
3359 3961 3654 4025 commune
3683 3969 3936 4025 omnibus

2337 4060 2589 4132 gentibus
2613 4103 2626 4130 ,
2659 4059 2785 4116 licet
2810 4056 3193 4115 naturale‘non
3226 4060 3318 4130 sit3
3350 4064 3408 4113 et
3435 4058 3671 4115 solvitur
3699 4056 3937 4113 difficul-

2336 4156 2419 4205 tas
2447 4148 2714 4222 quaedam
2744 4151 2798 4204 in
2830 4150 3099 4220 superiori
3130 4149 3313 4220 capite
3347 4147 3559 4204 relicta.
3582 4149 3713 4203 Nam
3745 4147 3788 4202 si
3819 4162 3939 4201 ser-

2338 4255 2427 4295 mo
2457 4240 2530 4293 sit
2555 4238 2622 4294 de
2653 4240 2873 4309 proprio
2903 4239 3022 4295 iure
3052 4239 3300 4311 gentium
3339 4238 3510 4309 priori
3552 4236 3714 4293 modo
3753 4236 3939 4292 decla·

2335 4336 2476 4399 rato,
2510 4328 2668 4384 l'acile
2698 4334 2948 4401 constat,
2981 4330 3223 4399 potuisse
3253 4330 3371 4399 ipso
3415 4344 3522 4384 usu
3563 4334 3620 4383 et
3651 4326 3939 4383 traditione

2337 4422 2388 4477 in
2420 4420 2676 4476 universo
2702 4417 2979 4474 introduci
3005 4417 3264 4489 paulatim
3291 4425 3348 4475 et
3382 4433 3477 4489 per
3499 4418 3933 4486 successionem,

2335 4510 2820 4584 propagationem,
2851 4513 2904 4564 et
2933 4508 3283 4564 imitationem
3312 4514 3565 4564 mutuam
3599 4506 3932 4577 populorum

2335 4602 2451 4657 sine
2480 4597 2700 4670 speciali
2728 4603 3006 4654 conventu
3045 4596 3126 4653 vel
3159 4613 3438 4654 consensu
3475 4600 3725 4653 omnium
3753 4612 3932 4669 popu-

2334 4689 2512 4746 lorum
2556 4703 2665 4743 uno
2708 4694 2950 4758 tempore
2994 4685 3178 4755 sacto,
3231 4693 3315 4742 est
3361 4686 3500 4742 enim
3545 4687 3650 4742 boc
3688 4687 3776 4741 ius
3821 4691 3930 4742 tam

2331 4780 2703 4851 propinquum
2729 4782 2978 4842 naturae,
2995 4783 3180 4831 ettam
3205 4778 3538 4833 conveniens
3560 4776 3812 4832 omnibus
3835 4792 3932 4831 na-

2331 4868 2573 4924 tionibus
2604 4873 2659 4923 et
2687 4865 2935 4922 societati
2965 4880 3190 4936 earum,
3223 4871 3287 4921 ut
3312 4866 3423 4920 sere
3455 4864 3778 4921 naturaliter
3805 4880 3933 4936 pro-

2327 4963 2586 5032 pagatum
2627 4956 2793 5011 ruerit
2829 4970 2960 5011 cum
2998 4955 3236 5011 humano
3276 4970 3496 5028 genere,
3539 4962 3596 5012 et
3633 4954 3752 5011 ideo
3791 4954 3933 5009 scri-

2325 5055 2485 5119 ptum
2514 5062 2619 5101 non
2649 5051 2758 5115 est,
2788 5047 2921 5117 quia
2948 5061 2979 5101 a
3007 5043 3156 5101 nullo
3187 5044 3496 5117 legislatore
3525 5052 3609 5101 est
3635 5044 3926 5115 dictatum,

2323 5137 2422 5196 sed
2453 5153 2558 5193 usu
2587 5133 2888 5192 convaluit.
2924 5136 2998 5191 De
3028 5133 3131 5191 alio
3161 5150 3292 5190 vero
3318 5134 3478 5191 modo
3507 5136 3642 5191 iuris
3667 5136 3916 5207 gentium

2322 5226 2478 5287 facile
2508 5225 2767 5299 explicari
2798 5230 2999 5299 potest,
3031 5223 3174 5283 unde
3217 5231 3340 5282 orta
3379 5226 3433 5282 in
3477 5223 3568 5281 illo
3609 5225 3678 5282 sit
3719 5212 3915 5297 magna
