4325 6267
772 338 898 403 134

692 495 801 536 non
836 478 1125 551 prohibere
1154 476 1293 535 mala
1319 476 1405 534 illa
1432 518 1446 547 ,
1476 491 1618 549 quae
1648 477 1787 533 ratio
1820 474 2085 533 naturalis
2113 481 2298 532 osten-

691 568 771 625 dit
797 582 916 623 esse
946 567 1106 623 mala.
1140 565 1246 623 Sed
1277 566 1404 622 licet
1436 565 1725 638 tingamus,
1754 565 2174 638 prohibitionem
2205 563 2298 621 ad-

691 656 857 714 ditam
889 672 986 727 per
1018 656 1357 711 voluntatem
1389 657 1479 712 Dei
1506 669 1665 727 posse
1691 656 1917 727 auferri3
1943 655 2299 712 nihilominus

692 762 921 819 prorsus
952 750 1252 817 repugnat,
1286 743 1353 800 ad
1382 745 1455 813 id,
1491 744 1640 817 quod
1673 760 1768 817 per
1812 762 1869 803 se
1913 751 1969 801 et
2007 746 2298 801 intrinsece

692 834 897 891 malum
927 843 1032 903 est,
1057 834 1307 901 desinere
1328 850 1447 890 esse
1472 834 1843 909 malum,quia
1867 836 1941 892 rei
1966 842 2161 891 natura
2190 850 2299 891 non

693 930 875 995 potest
906 925 1110 980 mutari
1132 965 1147 994 ,
1175 923 1319 980 unde
1348 940 1447 979 nec
1480 931 1659 995 potest
1687 925 1806 982 talis
1832 933 1991 981 actus
2016 924 2181 985 libere
2205 926 2294 979 tie·

693 1015 771 1085 ri,
803 1016 935 1086 quin
980 1013 1181 1069 malum
1223 1014 1327 1085 sit,
1360 1021 1419 1070 et
1446 1013 1733 1070 dissonum
1764 1021 1990 1072 naturae
2021 1011 2295 1081 rationali,

692 1110 757 1162 ut
794 1120 860 1162 ex
901 1103 1193 1161 Aristotele
1234 1109 1289 1159 et
1330 1102 1447 1160 aliis
1488 1104 1559 1160 ibi
1596 1104 1958 1161 ostendimus.
1989 1106 2057 1160 Et
2083 1103 2299 1159 videtur

695 1208 793 1267 per
816 1209 874 1249 se
902 1200 1133 1263 notum,
1167 1192 1446 1266 quomodo
1473 1194 1614 1251 enim
1642 1195 1755 1250 fieri
1784 1200 1993 1266 potest,
2026 1200 2088 1250 ut
2114 1191 2300 1249 odium

692 1284 787 1339 Dei
816 1282 898 1339 vel
922 1280 1271 1339 'mendacium
1295 1282 1459 1339 libere
1490 1283 1638 1339 facta
1666 1300 1771 1340 non
1802 1286 1911 1339 sint
1937 1282 2134 1355 prava?
2157 1284 2300 1339 Fun-

693 1371 1015 1428 damentum
1039 1387 1171 1443 ergo
1200 1370 1361 1428 huius
1384 1375 1701 1445 sententiae,
1719 1373 1929 1430 scilicet
1948 1373 2095 1446 quod
2122 1374 2300 1430 omnis

694 1461 897 1516 malitia
928 1459 1292 1517 humanorum
1329 1466 1557 1517 actuum
1590 1462 1873 1541 proveniat
1891 1478 1953 1520 ex
1982 1462 2302 1535 prohibitio-

694 1564 762 1607 ne
802 1549 1144 1621 extrinseca,
1198 1550 1416 1606 omnino
1466 1550 1663 1607 salsum
1714 1556 1816 1607 est.
1848 1550 2085 1624 ideoque
2138 1566 2206 1607 ne
2247 1552 2298 1605 in

694 1639 997 1712 aequivoco
1033 1638 1367 1699 laboremus,
1383 1639 1684 1710 separanda
1705 1646 1787 1695 est
1807 1640 2057 1713 quaestio
2084 1638 2153 1696 de
2173 1655 2303 1717 prq-

697 1727 950 1783 hibitione
987 1728 1297 1785 extrinseca
1326 1727 1448 1799 Dei,
1480 1744 1548 1783 an
1576 1728 1751 1800 possit
1786 1729 1854 1785 ab
1881 1730 1998 1800 ipso
2027 1744 2135 1784 non
2166 1728 2298 1797 lieri,

696 1818 778 1874 vel
807 1824 1062 1888 respectu
1092 1818 1364 1885 omnium,
1392 1816 1477 1873 vel
1510 1824 1768 1891 respectu
1796 1818 2049 1874 alicuius.
2076 1819 2208 1873 Nam
2235 1817 2302 1873 de

696 1906 796 1962 hac
828 1905 1187 1977 prohibitione
1222 1920 1342 1962 esse
1381 1913 1561 1978 potest
1596 1922 1683 1963 res
1720 1910 1893 1979 magis
1922 1906 2123 1979 dubia,
2158 1912 2220 1962 ut
2251 1907 2301 1962 in

696 1996 843 2051 dicto
881 1996 1057 2065 eapite
1099 1996 1187 2052 Vl.
1230 1994 1368 2067 dixi,
1399 1996 1731 2067 probabilius
1761 2004 1938 2053 tamen
1968 2011 2090 2053 esse
2121 2001 2301 2051 osten-

696 2084 779 2150 di,
809 2100 929 2140 esse
958 2099 989 2139 a
1010 2082 1188 2139 divina
1228 2085 1568 2155 providentia
1590 2085 2031 2156 inseparabilem:
2059 2082 2147 2139 illa
2169 2099 2302 2140 vero

697 2174 1017 2245 quaestione
1054 2173 1291 2243 omissa,
1317 2171 1404 2227 hic
1434 2172 1683 2230 absolute
1705 2176 2063 2247 inquirimus,
2087 2189 2153 2229 an
2188 2173 2302 2230 lieri

692 2262 869 2332 possit
896 2278 927 2316 a
956 2264 1097 2331 Deo,
1132 2267 1196 2317 ut
1237 2263 1482 2317 actiones
1512 2261 1668 2331 illae,
1702 2278 1845 2334 quae
1874 2278 1970 2333 per
1998 2264 2173 2337 legem
2204 2266 2303 2319 De-

694 2349 870 2421 calogi
902 2349 1258 2421 prohibentur
1278 2392 1293 2421 ,
1328 2350 1501 2407 malae
1530 2368 1637 2407 non
1665 2353 1774 2408 sint
1796 2352 1907 2409 ullo
1932 2353 2115 2415 modo.
2145 2356 2220 2409 ita
2245 2359 2308 2409 ut

694 2455 797 2495 nec
828 2455 922 2509 per
947 2439 1119 2511 legem
1155 2439 1485 2495 ostensivum
1510 2441 1771 2497 naturalis
1802 2442 2022 2497 rationis
2051 2450 2305 2499 vetentur

695 2532 762 2582 ut
792 2526 993 2599 malae,
1016 2533 1074 2583 et
1098 2527 1149 2582 in
1183 2526 1288 2583 hoc
1315 2543 1482 2585 sensu
1505 2528 1753 2587 dicemus
1773 2574 1786 2599 ,
1808 2546 1928 2586 esse
1954 2530 2143 2586 salsam
2183 2546 2307 2586 sen-

695 2617 919 2671 tentiam
952 2615 1183 2671 Ochami
1212 2622 1265 2671 et
1293 2616 1547 2673 aliorum.

774 2708 827 2759 5.
854 2703 1008 2763 Unde
1033 2720 1061 2760 a
1084 2705 1295 2761 fortiori
1325 2712 1577 2778 constat,
1603 2706 1779 2765 multo
1801 2709 1977 2765 maius
1999 2707 2306 2766 absurdum

694 2807 817 2849 esse
865 2792 1049 2851 dicere
1077 2837 1089 2862 ,
1140 2809 1300 2865 posse
1356 2798 1529 2852 Deum
1578 2796 1781 2852 homini
1834 2799 2191 2869 praecipere,
2242 2805 2304 2854 ut

695 2882 994 2955 ipsummet
1038 2886 1209 2941 Deum
1250 2885 1373 2941 odio
1412 2885 1640 2957 habeat,
1684 2886 1830 2959 quod
1862 2886 2017 2958 plane
2047 2887 2302 2959 sequitur

694 2986 764 3027 ex
808 2971 897 3028 illa
936 2975 1222 3029 sententia.
1270 2974 1408 3029 Nam
1451 2974 1494 3029 si
1530 2981 1717 3046 potest
1759 2974 1911 3031 illum
1958 2981 2143 3032 actum
2195 2992 2302 3032 non

695 3060 987 3132 prohibere
1004 3103 1019 3132 ,
1045 3068 1102 3119 et
1121 3060 1297 3119 ablata
1326 3063 1686 3134 prohibitione
1711 3081 1817 3121 non
1840 3071 1923 3121 est
1944 3066 2142 3138 malus;
2169 3082 2303 3140 ergo

695 3157 875 3221 potest
910 3150 1060 3209 illum
1090 3153 1425 3225 praecipere.
1467 3154 1820 3228 Consequens
1848 3160 2029 3211 autem
2058 3170 2179 3211 esse
2208 3156 2301 3210 ab·

697 3240 929 3296 surdum
960 3247 1140 3314 patet,
1165 3244 1293 3314 quia
1324 3258 1429 3298 non
1470 3249 1650 3313 potest
1677 3245 1820 3299 Deus
1849 3244 2052 3314 facere,
2080 3250 2141 3300 ut
2161 3246 2306 3315 ipse-

696 3336 809 3385 met
836 3329 906 3385 sit
933 3329 1055 3386 odio
1083 3328 1302 3403 dignus,
1337 3346 1458 3386 nam
1498 3338 1767 3403 repugnat
1786 3334 1907 3389 eius
1930 3333 2176 3390 bonitati:
2210 3349 2306 3391 ne·

696 3434 805 3491 que
832 3419 989 3475 etiam
1021 3426 1198 3491 potest
1228 3420 1407 3476 facere
1430 3461 1445 3491 ,
1480 3428 1540 3476 ut
1568 3422 1637 3477 sit
1667 3427 1882 3477 rectum
1908 3428 1963 3478 et
1991 3424 2305 3480 ordinatum

698 3506 895 3563 habere
924 3506 1049 3563 odio
1082 3523 1196 3564 rem
1229 3523 1416 3564 amore
1450 3508 1693 3581 dignam.
1719 3511 1850 3567 ltem
1872 3520 2019 3567 esset
2050 3510 2118 3566 ibi
2140 3527 2307 3584 quae-

698 3596 821 3653 dam
848 3596 1251 3669 contradictio3
1288 3614 1411 3654 nam
1444 3597 1664 3654 obedire
1694 3600 1803 3655 Deo
1832 3598 2163 3671 estquidam
2196 3604 2305 3656 vir-

698 3686 859 3743 tualis
902 3702 1056 3743 amor
1097 3687 1247 3758 eius,
1286 3693 1342 3743 et
1381 3688 1634 3759 obligatio
1663 3687 1732 3745 ad
1761 3688 2119 3746 obediendum
2149 3706 2305 3761 prae·

699 3774 883 3830 sertim
915 3776 1161 3831 nascitur
1198 3790 1265 3831 ex
1290 3790 1509 3848 amore;
1536 3791 1667 3849 ergo
1691 3783 1962 3849 repugnat
1988 3778 2216 3851 obligari
2236 3796 2300 3836 ex

699 3871 991 3935 praecepto
1020 3864 1087 3921 ad
1118 3864 1410 3935 ipsummet
1446 3868 1617 3923 Deum
1648 3866 1769 3922 odio
1800 3865 2129 3923 habendum.
2158 3867 2303 3924 ldem

700 3960 1087 4025 argumentum
1120 3954 1233 4009 lieri
1268 3960 1449 4025 potest
1474 3952 1540 4009 de
1581 3955 1898 4027 mendacio,
1932 3972 2053 4011 nam
2084 3958 2131 4011 si
2162 3959 2304 4013 Deus

699 4040 831 4097 illud
872 4050 1063 4114 posset
1119 4042 1465 4113 praecipere,
1508 4042 1672 4099 etiam
1713 4051 1893 4114 posset
1934 4046 2047 4116 ipse
2086 4044 2305 4102 menda·

700 4131 849 4184 cium
870 4128 1082 4197 dicere,
1112 4130 1257 4201 quod
1296 4146 1585 4187 erroneum
1616 4138 1731 4205 est3
1764 4133 1844 4187 sic
1872 4132 2013 4189 enim
2043 4140 2152 4189 tota
2183 4149 2306 4191 cer·

702 4218 878 4274 titudo
921 4218 1040 4274 tidei
1083 4220 1305 4289 periret.
1340 4222 1518 4292 Atque
1557 4220 1691 4277 haec
1732 4222 1891 4277 etiam
1936 4223 2073 4279 ratio
2112 4223 2306 4294 probat

703 4306 771 4363 de
806 4306 1241 4379 dispensatione,
1288 4324 1408 4363 nam
1452 4309 1495 4363 si
1528 4314 1707 4380 potest
1736 4312 1877 4366 Deus
1909 4311 2220 4382 dispensare
2249 4313 2304 4368 in

702 4396 985 4461 omnibus,
1027 4411 1160 4468 ergo
1190 4396 1252 4452 in
1295 4395 1579 4454 mendacio
1621 4414 1728 4454 non
1776 4404 1988 4455 tantum
2032 4400 2302 4472 officioso,

702 4484 800 4541 sed
829 4488 989 4541 etiam
1016 4486 1345 4557 pernicioso,
1365 4488 1490 4542 etin
1515 4502 1865 4559 quacumque
1890 4489 2135 4561 materia3
2162 4490 2305 4547 rnul-

707 4583 762 4632 to
794 4590 927 4647 ergo
958 4576 1127 4648 magis
1157 4576 1355 4647 poterit
1385 4575 1475 4649 (ut
1500 4577 1575 4631 ita
1602 4576 1805 4649 dicam)
1831 4592 2023 4633 secum
2052 4579 2167 4649 ipse
2195 4578 2306 4635 dis-

703 4682 966 4740 pensare,
1006 4667 1087 4722 vel
1117 4668 1302 4739 potius
1332 4666 1445 4721 sine
1474 4664 1873 4738 dispensatione
1903 4668 2149 4736 mentiri,
2181 4670 2306 4740 quia

702 4763 959 4829 respectu
1001 4756 1144 4812 illius
1184 4755 1339 4812 nulla
1372 4763 1459 4812 est
1486 4756 1809 4826 prohibitio,
1840 4763 1895 4813 et
1921 4757 2049 4813 alias
2076 4756 2303 4831 dicitur,

702 4854 889 4903 actum
919 4846 1224 4902 secundum
1256 4862 1313 4901 se
1344 4845 1540 4902 malum
1574 4862 1680 4901 non
1710 4862 1854 4903 esse.

782 4940 836 4994 6.
869 4935 1123 4993 Secunda
1151 4938 1417 4992 sententia
1444 4942 1529 4991 est
1551 4936 1700 4993 Scoti
1725 4938 1777 4992 in
1811 4944 1841 4993 3
1864 4979 1877 5007 ,
1903 4936 1959 4993 d.
1986 4938 2078 5003 37,
2101 4952 2158 5010 q.
2185 4937 2308 4994 uni-

708 5041 807 5097 ca,
838 5040 1004 5099 quem
1042 5025 1109 5080 ibi
1141 5027 1391 5096 seqnitur
1419 5024 1629 5081 Gabriel
1659 5041 1715 5098 q.
1754 5028 1804 5095 1,
1838 5032 1943 5082 art.
1976 5031 2034 5097 2,
2058 5033 2113 5083 et
2142 5026 2308 5084 refert

700 5117 861 5171 etiam
900 5113 1097 5170 ibidem
1156 5112 1385 5170 Almain.
1433 5112 1822 5187 distinguitque
1850 5114 1988 5171 inter
2016 5123 2308 5188 praecepta

700 5204 905 5277 primae
930 5211 985 5262 et
1007 5202 1279 5267 secundae
1304 5202 1547 5259 tubulas.
1578 5204 1788 5261 Primae
1814 5205 2027 5263 tabulae
2048 5205 2308 5264 dicuntur

2165 351 2368 401 LIBER
2395 354 2473 401 11.

2371 476 2474 533 tria
2505 480 2790 547 praecepta
2813 474 3064 546 Decalogi
3080 513 3095 541 ,
3120 487 3261 546 quae
3285 479 3576 529 versantur
3595 472 3744 529 circa
3769 474 3962 543 Deum,

2371 562 2437 620 de
2477 565 2681 637 quibus
2724 566 2916 632 sentit,
2963 563 3071 619 duo
3117 562 3322 633 prima,
3366 577 3508 634 quae
3537 563 3784 633 negativa
3812 568 3964 631 sunt,

2369 668 2490 709 esse
2519 651 2988 724 indispensabilia3
3015 652 3234 707 tertium
3258 656 3466 717 autem,
3491 656 3763 723 quatenus
3790 650 3968 705 invol-

2368 742 2446 799 vit
2477 741 2946 809 circumstantiam
2977 740 3223 809 sabbati,
3255 747 3310 796 et
3335 737 3698 811 dispensabile
3726 745 3779 794 et
3805 739 3966 795 abro-

2366 830 2541 902 gabile
2567 830 2730 886 fuisse
2755 829 2930 903 (quod
2950 834 3035 883 est
3055 829 3402 884 manifestum
3425 829 3569 899 apud
3595 844 3807 895 omnes,
3831 830 3966 899 quia

2368 919 2552 991 quoad
2584 916 2636 974 id
2667 933 2772 973 non
2801 917 2902 973 suit
2930 917 3212 989 naturale,
3246 916 3340 973 sed
3371 917 3660 989 positivum
3683 916 3733 987 );
3765 923 3956 988 quate·

2370 1025 2480 1073 nus,
2503 1023 2631 1064 vero
2658 1008 2907 1064 absolute
2931 1008 3169 1062 continet
3191 1006 3576 1062 affirmativum
3601 1014 3959 1077 praeceptum

2369 1097 2557 1154 cultus
2587 1097 2780 1167 divini,
2804 1095 3045 1168 dubitat,
3068 1111 3135 1150 an
3163 1096 3522 1167 dispensabile
3552 1096 3642 1151 sit.
3671 1096 3738 1152 Et
3757 1094 3824 1151 de
3847 1101 3962 1151 tota

2370 1187 2471 1245 hac
2501 1192 2654 1259 parte
2685 1186 2851 1243 huius
2879 1186 3137 1257 opinionis
3167 1186 3302 1243 intra
3333 1185 3532 1241 dicam.
3561 1186 3859 1255 Praecepta
3882 1200 3968 1239 se-

2369 1278 2582 1335 eundae
2627 1275 2840 1333 tabulae
2882 1274 3146 1332 dicuntur
3177 1274 3385 1347 reliqua
3415 1279 3652 1345 septem,
3683 1280 3736 1329 et
3766 1275 3816 1329 in
3851 1274 3969 1328 uni-

2369 1382 2594 1423 versum
2631 1366 2844 1436 omnia,
2876 1378 3016 1437 quae
3047 1366 3196 1421 cirea
3224 1365 3500 1436 proximos
3521 1406 3544 1435 ,
3567 1364 3650 1419 vel
3679 1370 3966 1419 creaturas

2371 1462 2658 1513 versantur
2676 1498 2690 1527 ,
2716 1454 2782 1511 de
2809 1456 3012 1528 quibus
3041 1454 3290 1511 omnibus
3315 1455 3477 1511 sentit
3503 1456 3729 1525 ScotuS,
3755 1452 3970 1525 dispen-

2373 1543 2562 1601 sabilia
2588 1560 2732 1601 esse.

2451 1636 2568 1690 Duo
2597 1633 2945 1690 fundamenta
2969 1636 3264 1705 praecipua
3285 1631 3508 1690 adducit
3527 1634 3752 1689 Scotus.
3781 1634 3964 1690 Unum

2371 1728 2488 1792 est,
2519 1724 2646 1795 qnia
2688 1724 2730 1777 si
2771 1729 2952 1777 essent
2993 1721 3458 1793 indispensabilia,
3492 1722 3800 1778 intellectus
3830 1722 3964 1777 divi-

2373 1827 2514 1881 nus,
2548 1817 2610 1867 ut
2652 1813 2928 1883 praevenit
2969 1812 3299 1868 voluntatem
3329 1828 3517 1882 suam,
3548 1812 3855 1867 necessario
3883 1813 3968 1867 iu-

2373 1899 2614 1969 dicaret,
2658 1900 2760 1956 hos
2802 1910 2962 1957 aetus
3001 1917 3125 1958 esse
3167 1900 3426 1957 amandos
3448 1945 3462 1971 ,
3493 1911 3549 1958 et
3575 1902 3694 1958 illos
3724 1901 3844 1957 odio
3875 1900 3970 1958 ha-

2373 1990 2610 2058 bendos3
2638 1999 2692 2046 et
2721 1998 3123 2063 consequenter
3151 1993 3534 2047 necessitatem
3562 1992 3863 2063 imponeret
3888 1990 3966 2046 di-

2375 2080 2527 2135 vinae
2559 2078 2824 2135 voluntati
2854 2078 2918 2135 ad
2943 2080 3204 2135 amandos
3229 2087 3412 2150 actus,
3437 2096 3580 2151 quos
3603 2080 3889 2151 praecipit,
3913 2086 3972 2133 et

2375 2168 2497 2225 odio
2527 2168 2826 2239 habendos,
2859 2184 2998 2240 quos
3029 2170 3310 2241 prohibet,
3341 2168 3488 2241 quod
3522 2177 3740 2242 reputat
3767 2169 3963 2225 absur-

2371 2257 2504 2314 dum
2523 2299 2538 2330 ,
2567 2264 2623 2314 et
2652 2257 2782 2314 dicit
2811 2258 2934 2314 alibi
2961 2258 3242 2330 probasse.
3275 2258 3592 2315 Secundum
3619 2260 3738 2315 eius
3774 2258 3970 2315 sunda-

2376 2354 2620 2404 mentum
2662 2354 2776 2417 est,
2823 2348 2950 2420 quia
2978 2346 3251 2403 beatitudo
3281 2348 3514 2405 hominis
3543 2364 3648 2403 non
3677 2348 3876 2420 pendet
3901 2364 3968 2404 ex

2375 2438 2560 2511 aliquo
2605 2443 2732 2493 actu
2776 2439 2922 2492 circa
2965 2446 3312 2507 creaturam,
3357 2454 3480 2494 nam
3523 2438 3637 2494 solo
3665 2453 3852 2494 amore
3882 2439 3967 2493 sui

2375 2534 2557 2598 potest
2589 2529 2732 2584 Deus
2762 2526 3032 2583 hominem
3063 2527 3394 2598 beatificare3
3425 2542 3558 2599 ergo
3589 2526 3772 2585 nullus
3803 2534 3966 2583 actus

2377 2616 2672 2674 voluntatis
2705 2610 2972 2672 Humanae
2999 2618 3147 2673 circa
3171 2624 3482 2673 creaturam
3503 2622 3588 2671 est
3610 2616 3848 2672 medium
3873 2631 3966 2672 ne·

2375 2710 2679 2765 cessarium
2723 2705 3027 2763 secundum
3071 2708 3364 2777 potentiam
3410 2707 3498 2762 Dei
3549 2706 3851 2763 absolutam
3901 2706 3968 2762 ad

2375 2795 2768 2853 beatitudinem
2799 2795 3056 2865 hominis,
3092 2810 3192 2851 nec
3215 2795 3379 2874 etiam
3405 2799 3492 2850 est
3519 2793 3967 2866 impedimentum

2381 2888 2692 2943 necessario
2733 2885 2876 2941 illam
2919 2882 3253 2957 excludens3
3287 2900 3420 2957 ergo
3447 2882 3634 2941 nullus
3664 2884 3781 2940 talis
3810 2890 3972 2940 actus

2375 2978 2529 3033 circa
2555 2982 2867 3032 creaturam
2913 2974 3224 3031 necessario
3262 2973 3632 3045 praecipitur,
3663 2980 3761 3029 aut
3785 2973 3976 3045 prohi-

2375 3066 2535 3122 betur
2563 3080 2593 3121 a
2623 3066 2754 3137 Deo,
2785 3079 2917 3135 ergo
2946 3070 3124 3134 potest
3151 3064 3206 3119 in
3235 3064 3379 3119 omni
3409 3062 3499 3119 tali
3529 3071 3660 3119 actu
3692 3060 3972 3134 dispensa-

2377 3172 2456 3213 re.
2484 3155 2636 3212 Unde
2661 3142 2947 3211 concludit
2973 3156 3195 3226 Scotus,
3220 3161 3424 3225 septem
3449 3153 3533 3208 illa
3557 3157 3846 3223 praecepta
3869 3153 3973 3207 De-

2375 3244 2553 3316 calogi
2583 3261 2690 3300 non
2732 3258 2852 3299 esse
2881 3242 3267 3298 conclusiones
3286 3282 3300 3309 ,
3331 3258 3473 3315 quae
3503 3241 3755 3297 absoluta
3784 3256 3973 3296 neces·

2376 3333 2533 3389 sitate
2563 3332 2872 3389 inserantur
2891 3346 2955 3385 ex
2981 3330 3252 3402 principiis
3273 3345 3371 3401 per
3392 3346 3450 3386 se
3473 3332 3638 3399 notia,
3663 3328 3758 3385 sed
3785 3329 3962 3385 solum

2377 3421 2576 3478 habere
2606 3420 2897 3493 quamdam
2928 3419 3358 3475 convenientiam
3395 3420 3685 3475 maximam
3715 3434 3844 3475 cum
3875 3434 3970 3473 na-

2378 3517 2501 3566 tura
2541 3509 2806 3573 hominis,
2853 3512 2914 3562 ut
2951 3507 3025 3563 illi
3065 3508 3504 3579 praecipiantur,
3535 3506 3618 3563 vel
3648 3506 3974 3577 prehibean·

2378 3608 2488 3672 tur,
2505 3615 2570 3655 ac
2601 3598 2821 3669 proinde
2843 3613 2961 3653 esse
2983 3598 3208 3668 capacia
3231 3596 3672 3668 dispensationis.
3703 3594 3972 3669 P'onitque

2373 3688 2682 3766 exemplum
2704 3688 2754 3742 in
2780 3686 3059 3742 occisione
3082 3685 3335 3756 hominis,
3353 3688 3518 3742 cuius
3542 3686 3832 3757 prohibitio
3858 3702 3964 3742 non

2376 3779 2686 3833 necessario
2714 3777 2946 3831 insertur
2971 3790 3034 3831 ex
3068 3776 3338 3847 principiis
3361 3782 3612 3844 naturae,
3637 3777 3768 3831 utin
3795 3777 3966 3831 Abra-

2376 3864 2536 3922 hamo
2569 3864 2812 3939 (inquit)
2844 3869 3125 3921 ostensum
3167 3872 3270 3921 est.
3317 3868 3493 3937 Atque
3535 3865 3675 3921 banc
3707 3865 3818 3921 lere
3849 3881 3975 3921 sen-

2383 3956 2605 4012 tentiam
2636 3955 2876 4011 tenuisse
2901 3951 3114 4010 videtur
3135 3956 3428 4011 Bonavent.
3453 3954 3504 4009 in
3535 3960 3583 4023 l,
3607 3953 3731 4011 dist.
3761 3958 3854 4020 47,
3879 3972 3970 4011 so-

2378 4043 2604 4115 lumque
2646 4042 2891 4114 differre,
2933 4042 3061 4114 quia
3089 4041 3155 4099 de
3183 4044 3492 4115 praeceptis
3523 4044 3726 4115 primae
3756 4043 3974 4100 tabulae

2377 4134 2686 4191 indistincte
2727 4140 2892 4205 negat
2930 4133 3173 4203 recipere
3201 4148 3362 4204 posse
3388 4131 3876 4204 dispensationem;
3907 4132 3976 4189 de

2379 4224 2689 4297 praeceptis
2717 4229 2900 4281 autem
2931 4222 3205 4279 secundae
3236 4221 3451 4278 tabulae
3480 4222 3728 4278 absolute
3755 4229 3978 4279 contra-

2379 4314 2521 4371 rium
2566 4312 2839 4382 affirmat,
2870 4319 2926 4368 et
2953 4318 3109 4383 putat
3143 4328 3264 4368 esse
3293 4312 3612 4368 sententiam
3641 4310 3896 4368 Bernardi
3924 4314 3976 4368 in

2379 4402 2471 4457 lib.
2509 4401 2581 4457 de
2613 4416 2891 4475 praecep.
2938 4406 2994 4457 et
3029 4400 3286 4473 dispens.
3333 4414 3457 4471 cap.
3494 4405 3556 4473 53
3589 4398 3684 4466 sed
3714 4400 3782 4457 de
3811 4416 3972 4457 sensu

2379 4490 2641 4548 Bernardi
2693 4490 2870 4547 dicam
2918 4489 3177 4561 inferius,
3218 4496 3273 4545 et
3310 4488 3540 4546 tortasse
3581 4490 3878 4561 Bonavent.
3923 4490 3975 4545 in

2379 4579 2568 4637 eodem
2599 4579 2822 4635 loeutus
2849 4586 2954 4636 est.
3878 4648 3886 4656 p

2453 4670 2514 4725 ln
2536 4668 2637 4724 hac
2661 4668 2909 4739 opinione
2935 4668 3084 4724 Scoti
3105 4668 3157 4722 in
3180 4666 3363 4738 primis
3386 4665 3845 4724 considerandum
3865 4672 3975 4737 est,

2380 4757 2530 4815 illum
2564 4772 2670 4813 non
2705 4764 2812 4812 tam
2843 4756 3125 4813 admittere
3161 4755 3617 4827 dispensationem
3643 4757 3699 4811 in
3729 4758 3850 4812 iure
3883 4772 3981 4813 na-

2379 4848 2542 4904 turali
2563 4890 2578 4911 ,
2612 4846 2912 4903 formaliter
2953 4844 3226 4918 loquendo
3247 4887 3261 4915 ,
3296 4853 3358 4901 ut
3399 4848 3478 4901 sic
3515 4844 3694 4901 dicam
3721 4886 3736 4916 ,
3767 4861 3865 4902 seu
3896 4843 3980 4901 lo-

2377 4936 2595 5010 quendo
2624 4935 2838 5008 proprie
2865 4941 2919 4992 et
2947 4934 3186 5006 rigorose
3223 4933 3290 4991 de
3331 4939 3622 5005 praecepto
3652 4934 3784 5007 legis
3815 4941 3978 4991 natu·

2375 5042 2466 5083 rae
2489 5068 2504 5097 ,
2532 5026 2626 5083 sed
2658 5026 2837 5097 potius
2865 5024 3152 5080 extrahere
3181 5024 3249 5080 ab
3279 5024 3384 5079 hoc
3415 5023 3531 5079 iure
3560 5028 3854 5095 praecepta
3885 5040 3972 5080 se-

2379 5116 2592 5174 cundae
2629 5115 2880 5182 tabulae,
2912 5120 2968 5170 et
3003 5113 3121 5169 ideo
3151 5114 3458 5170 concedere
3482 5128 3608 5169 esse
3636 5112 3972 5184 dispensabi-

2382 5208 2472 5263 lia.
2499 5203 2654 5264 Unde
2694 5212 3096 5278 consequenter
3138 5204 3386 5277 videtur,
3429 5221 3537 5262 non
3566 5205 3852 5263 admittere
3881 5204 3979 5263 ali-
