4325 6267
1811 316 2024 368 cartu·
2049 318 2157 368 m.

343 462 562 522 quens,-
600 451 655 506 et
689 446 748 505 id
774 445 1060 505 declarans
1088 443 1255 518 addit,
1286 444 1462 518 legem
1490 448 1762 502 aeternam
1789 458 1944 501 com·

341 541 524 612 parari
557 538 624 596 ad
643 538 1060 613 providentiam,
1083 537 1228 594 sicut
1248 537 1578 609 principium
1603 533 1853 610 generale
1874 533 1944 591 ad

339 630 704 703 particulares
743 628 1149 699 conclusiones,
1181 643 1279 685 seu
1309 629 1574 699 actiones,
1607 626 1826 684 sicutin
1846 642 1946 681 no·

337 716 420 778 bis
469 720 734 794 principia
777 720 951 794 prima
987 719 1238 791 practica
1277 724 1674 789 comparantur
1709 717 1776 775 ad
1817 732 1946 787 pru-

337 810 604 869 dentiam.
650 812 723 869 Et
745 811 820 867 ita
846 812 1100 883 exponit,
1129 815 1289 868 actus
1320 807 1712 881 providentiae,
1742 823 1838 866 seu
1867 806 1948 863 es-

335 901 521 958 sectus
556 902 776 959 attribui
800 901 903 975 legi
925 905 1174 958 aeternae
1203 906 1461 975 tanquam
1485 898 1775 974 principio,
1802 897 1946 956 unde

336 1000 602 1066 manant,
643 1009 750 1049 non
799 999 1062 1067 tanquam
1108 993 1362 1065 proximo
1412 991 1687 1051 dictamini
1733 988 1801 1047 ds
1849 987 1943 1045 tali

337 1100 505 1156 opere
545 1086 600 1140 in
631 1083 946 1156 particulari
973 1083 1284 1141 efficiendo.
1317 1085 1473 1153 Quod
1505 1087 1681 1157 potest
1707 1081 1943 1154 amplius

335 1173 409 1230 ita
450 1174 734 1245 explicari.
779 1176 916 1231 Nam
964 1175 1105 1231 ratio
1145 1172 1322 1230 divina
1346 1217 1362 1247 ,
1405 1180 1466 1231 ut
1493 1173 1656 1231 lrabet
1681 1174 1943 1230 rationem

334 1265 497 1339 legis,
529 1265 816 1324 constituit
851 1265 1018 1321 veluti
1048 1264 1331 1337 generales
1358 1264 1607 1338 regulas,
1639 1261 1945 1321 secundum

334 1371 476 1428 quas
515 1370 609 1411 res
649 1371 838 1413 omnes
876 1356 1084 1412 moveri
1125 1354 1356 1424 debent,
1397 1362 1452 1413 et
1492 1357 1737 1428 operari3
1769 1352 1946 1425 provi-

333 1446 522 1505 dentia
553 1463 684 1505 vero
711 1445 778 1504 de
815 1446 1042 1521 singuiis
1070 1445 1235 1503 rebus
1271 1454 1324 1504 et
1354 1446 1568 1504 actibus
1606 1448 1661 1501 in
1699 1444 1944 1517 particu-

332 1537 434 1594 lari
484 1538 751 1611 disponit,
783 1538 938 1594 etita
964 1542 1052 1593 est
1079 1536 1244 1593 veluti
1277 1537 1414 1594 ratio
1442 1534 1740 1609 exequendi
1771 1541 1826 1591 et
1852 1549 1946 1606 ap-

331 1626 573 1701 plicandi
619 1626 810 1700 legem.
842 1625 1182 1700 videturque
1213 1626 1320 1683 hoc
1352 1632 1785 1683 consentaneum
1815 1640 1941 1696 pro·

330 1719 556 1791 prietati
599 1720 845 1790 ipsarum
880 1732 1108 1774 vocum.
1152 1717 1286 1773 Nam
1318 1716 1402 1773 lex
1430 1714 1566 1774 dicit
1596 1716 1680 1773 ius
1709 1715 1759 1770 in
1790 1730 1943 1771 com·

330 1809 488 1865 muni
518 1809 916 1877 constitutum,
947 1813 1016 1862 ut
1045 1822 1213 1879 supra
1243 1808 1424 1863 visum
1454 1812 1574 1878 est;
1605 1803 1945 1879 providentia

323 1914 470 1977 §vero
515 1898 654 1957 dicit
689 1913 916 1972 curam,
957 1913 1101 1972 quae
1141 1896 1210 1955 de
1251 1896 1484 1971 singulis
1514 1896 1727 1955 actibus
1755 1894 1944 1953 baberi

331 1988 524 2047 debet.

415 2084 504 2139 10.
539 2079 692 2138 Unde
722 2079 899 2137 obiter
927 2084 1116 2151 potest
1157 2079 1350 2151 quinto
1389 2078 1616 2153 intelligi
1659 2094 1756 2152 per
1793 2094 1947 2136 com-

329 2172 670 2243 parationem
711 2170 780 2227 ad
821 2169 1250 2240 providentiam,
1287 2185 1432 2243 quos
1475 2170 1706 2227 effectus
1745 2168 1945 2227 babeat

329 2260 415 2318 lex
457 2268 703 2318 aeterna.
748 2259 898 2317 Solet
935 2262 1078 2317 enim
1119 2262 1344 2334 quaeri,
1377 2276 1445 2316 an
1487 2258 1571 2318 lex
1604 2268 1821 2317 aeterna
1849 2259 1945 2317 ba-

329 2350 454 2409 beat
483 2367 674 2407 omnes
701 2350 957 2424 effectus,
989 2366 1134 2423 quos
1166 2348 1328 2407 babet
1361 2349 1717 2423 providentia.
1743 2350 1800 2405 ln
1833 2365 1944 2424 qua

329 2444 740 2515 comparatione
784 2442 1050 2525 sumenda
1095 2448 1182 2499 est
1226 2442 1310 2498 lex
1352 2448 1576 2498 aeterna
1613 2442 1668 2497 in
1699 2445 1815 2497 tota
1842 2456 1944 2496 sua

332 2531 640 2590 latitudine.
685 2532 820 2589 Nam
862 2534 907 2588 si
953 2537 1209 2589 sumatur
1250 2531 1559 2604 specialiter
1595 2538 1661 2587 ut
1694 2528 1777 2587 lex
1817 2546 1947 2603 pro-

327 2625 446 2695 prie
477 2622 817 2695 praecipiens
845 2620 1135 2679 moraliter
1155 2621 1430 2678 creaturis
1455 2620 1940 2693 intellectualibus,

328 2714 406 2769 sic
441 2713 657 2769 clarum
685 2720 795 2781 est,
817 2727 928 2768 non
951 2728 1140 2769 omnes
1163 2711 1394 2769 effectus
1418 2710 1796 2782 providentiae
1816 2724 1939 2767 esse

327 2803 566 2860 effectus
598 2802 726 2876 legis
753 2808 1029 2869 aeternae,
1065 2800 1162 2858 sed
1195 2802 1346 2859 solos
1377 2805 1536 2857 actus
1563 2800 1740 2858 bonos
1763 2815 1942 2857 mora-

330 2893 432 2965 les,
465 2894 600 2966 quia
625 2892 902 2951 naturales
931 2892 1160 2951 effectus
1189 2906 1298 2947 non
1322 2889 1635 2963 procedunt
1661 2906 1692 2947 a
1716 2889 1833 2963 lege
1856 2905 1943 2946 ae·

329 2990 525 3052 terna,
565 2983 672 3039 sub
713 2982 814 3040 bac
852 2982 1060 3040 ratione
1094 2987 1366 3055 spectata.
1396 2982 1536 3037 Boni
1565 2988 1750 3039 autem
1779 2988 1940 3039 actus

329 3074 569 3130 morales
611 3078 743 3130 sunt
780 3072 1010 3130 effectus
1052 3081 1306 3130 aeternae
1354 3071 1520 3145 legis,
1559 3071 1688 3145 quia
1727 3070 1795 3128 ad
1823 3071 1940 3128 illos

327 3162 394 3221 de
425 3182 490 3221 se
520 3169 724 3234 movet,
751 3170 811 3220 et
839 3163 1064 3236 obligat.
1098 3160 1218 3221 Hali
1241 3168 1424 3220 autem
1445 3162 1676 3220 effectus
1700 3160 1934 3219 morales

329 3268 442 3311 non
477 3260 610 3311 sunt
642 3252 872 3311 efl'ectus
909 3252 1044 3327 legis
1069 3258 1354 3325 aeternae,
1385 3258 1446 3309 ut
1472 3252 1600 3309 >mali
1631 3258 1784 3326 sunt,
1813 3250 1942 3310 licet

331 3344 438 3401 sint
475 3342 703 3403 materia
741 3342 876 3417 legis
917 3350 1169 3399 aeternae
1215 3342 1550 3415 prohibentis
1588 3341 1746 3417 illos,
1788 3343 1940 3400 sicut

327 3435 496 3491 etiam
525 3449 633 3490 non
663 3440 796 3489 sunt
819 3432 1050 3490 enectus
1081 3430 1482 3505 providentiae,
1514 3432 1645 3505 quia
1673 3448 1782 3489 non
1809 3437 1939 3489 sunt

327 3524 561 3581 effectus
599 3523 692 3581 Dei
721 3523 824 3580 sub
853 3538 918 3580 ea
941 3523 1176 3595 ratione,
1207 3524 1339 3581 licet
1367 3523 1474 3580 sint
1499 3524 1728 3582 materia
1754 3518 1937 3597 prbri-

327 3614 581 3683 dentiae3
630 3619 746 3670 tum
785 3620 1061 3687 quatenus
1095 3612 1303 3671 illamet
1340 3613 1633 3685 probibitio
1672 3630 1800 3687 pars
1825 3623 1931 3688 est,

327 3704 412 3760 vel
447 3702 608 3777 quasi
637 3702 965 3776 principium
995 3702 1386 3775 providentiae,
1415 3704 1573 3761 iuxta
1600 3704 1824 3761 modum
1849 3703 1930 3761 lo·-

325 3791 531 3867 quendi
558 3791 613 3848 d.
643 3793 916 3866 Thomae3
955 3797 1076 3849 tum
1115 3794 1284 3849 etiam
1311 3798 1585 3866 quatenus
1612 3796 1936 3866 permittun-

327 3889 423 3939 tur
471 3897 568 3955 per
605 3880 845 3939 divinam
881 3882 1301 3956 providentiam,
1331 3890 1388 3940 et
1414 3884 1752 3956 puniuntur,
1783 3891 1839 3943 et
1865 3884 1934 3942 ad

327 3971 554 4047 aliquod
593 3971 802 4029 bonu'm
831 3972 1171 4030 ordinantur.
1204 3976 1383 4047 Atque
1411 3973 1518 4031 boc
1547 3973 1708 4031 modo
1736 3991 1933 4048 pecca-

326 4071 454 4121 tum
499 4070 564 4120 ut
602 4070 925 4136 peccatum,
968 4062 1097 4122 licet
1131 4064 1454 4136 simpliciter
1482 4080 1588 4121 non
1618 4065 1689 4121 sit
1713 4080 1782 4123 ex
1811 4065 1932 4139 lege

324 4165 584 4231 aeterna,
637 4169 738 4210 nec
780 4154 1086 4211 secundum
1127 4154 1275 4212 illam
1293 4197 1309 4230 ,
1359 4155 1468 4213 imo
1517 4162 1714 4213 contra
1759 4155 1928 4233 illam,

325 4244 518 4319 quoad
559 4243 832 4301 materiale
869 4250 1049 4302 estex
1076 4246 1198 4319 lego
1225 4252 1473 4319 aeterna,
1505 4262 1616 4320 qna
1643 4250 1786 4305 Deus
1815 4254 1922 4305 sta·

323 4336 436 4393 tuit
476 4352 607 4393 cum
651 4335 920 4392 creaturis
961 4342 1330 4410 concurrere,
1374 4342 1430 4393 et
1455 4336 1667 4409 punitio
1697 4338 1816 4395 eius
1843 4345 1930 4396 est

325 4427 494 4483 etiam
517 4440 584 4483 ex
603 4424 722 4498 lege
745 4429 983 4483 aeterna.
1008 4424 1077 4482 Et
1095 4426 1189 4498 ita,
1212 4427 1306 4499 qui
1331 4432 1584 4500 peccant,
1602 4433 1665 4485 ut
1684 4429 1759 4485 ait
1780 4429 1923 4504 Aug.

325 4516 384 4571 in
425 4513 732 4573 Euchirid.
764 4529 887 4586 cap.
919 4517 1046 4587 100,
1075 4520 1371 4588 quantum
1395 4514 1481 4573 ad
1504 4518 1662 4591 ipsos
1689 4519 1922 4587 attinet,

323 4603 487 4678 quod
507 4608 668 4662 Deus
689 4602 894 4671 noluit,
906 4600 1207 4676 fecerunt‚·
1227 4610 1520 4678 quantam
1539 4621 1676 4663 vero
1697 4606 1782 4665 ad
1800 4624 1924 4666 om-

327 4698 722 4771 nipotentiam
755 4696 882 4761 Dei,
910 4693 1078 4751 nullo
1099 4692 1270 4751 modo
1289 4692 1568 4765 idsacere
1586 4694 1921 4765 voluerunt,

325 4786 444 4844 hoc
479 4786 690 4860 quippe
715 4788 842 4859 ipso
855 4827 870 4851 ‚
903 4782 1060 4858 qaod
1084 4786 1298 4842 contra
1321 4782 1684 4844 voluntatem
1712 4790 1825 4845 Dei
1833 4787 1934 4861 se-

328 4880 571 4943 cerunt,
605 4873 676 4931 de
701 4876 842 4949 ipsis
852 4874 1042 4948 sacta
1065 4879 1153 4933 est
1175 4874 1455 4935 voluntas
1482 4880 1637 4935 eius.
1665 4880 1736 4937 Et
1761 4880 1924 4937 simili

327 4966 542 5025 ratione
581 4964 646 5022 de
686 4973 980 5038 peccatore
1021 4964 1155 5022 dicit
1181 4966 1270 5023 lib.
1303 4970 1359 5025 ⁴.
1399 4966 1668 5039 confess.
1700 4986 1825 5044 cap.
1858 4974 1924 5030 9:

336 5060 470 5133 Quo
502 5058 578 5123 it,
624 5058 734 5114 aut
767 5071 880 5129 qao
898 5053 1098 5129 suqit,
1131 5058 1312 5129 quite
1339 5054 1615 5121 dimittit,
1661 5062 1778 5116 nisi
1805 5076 1849 5117 a
1875 5065 1930 5118 te

321 5144 574 5223 placido
607 5144 693 5203 ad
729 5149 784 5202 te
817 5147 1048 5203 iratam
1065 5144 1096 5201 2
1137 5150 1302 5205 Nam
1333 5146 1438 5205 ubi
1461 5164 1582 5207 uon
1605 5150 1832 5208 invenit
1855 5148 1934 5208 le·

329 5252 463 5311 qem
489 5240 661 5293 tuam
685 5236 752 5293 in
769 5250 967 5312 poena
993 5234 1145 5293 swa?

501 5345 698 5398 Simus.
718 5345 1162 5401 Domus—Pan
1179 5345 1215 5391 1.

3441 300 3525 366 89

2097 447 2184 505 11.
2215 447 2288 504 At
2311 460 2441 504 vero
2476 445 2751 521 loquendo
2783 444 2851 503 de
2887 445 3005 519 lege
3033 449 3255 503 aeterna
3292 442 3598 503 secundum

2014 537 2186 592 totam
2216 552 2374 593 suam
2398 537 2825 609 amplitudinem,
2851 553 3040 595 omnes
3059 536 3289 594 effectus
3311 535 3599 609 providen-

2014 625 2122 681 tiae
2165 632 2396 698 possunt
2437 628 2541 684 dici
2582 627 2762 700 aliquo
2803 627 2966 684 modo
3004 626 3232 684 effectus
3270 626 3401 701 legis
3428 634 3603 683 aeter·

2013 729 2144 785 nae,
2185 716 2315 789 quia
2346 723 2461 774 tota
2490 718 2809 791 gubernatio
2838 716 3205 787 providentiae
3234 716 3441 774 divinae
3469 733 3603 774 con-

2014 805 2217 863 tinetur
2250 814 2509 882 tanquam
2546 809 2599 864 in
2638 807 2899 880 principio
2936 808 2987 864 in
3024 807 3141 881 lege
3178 814 3419 879 aeterna,
3450 813 3504 865 et
3529 809 3604 865 ita

2015 898 2189 953 omnis
2216 897 2442 955 effectus
2472 898 2837 971 providentiae
2862 900 2915 954 in
2940 898 3057 972 lege
3078 906 3297 955 aeterna
3322 899 3600 956 radicatur

2015 986 2104 1062 (ut
2125 988 2203 1045 sic
2226 986 2456 1049 dicam).
2487 992 2571 1047 lta
2598 992 2759 1047 sentit
2786 988 2843 1045 d.
2872 988 3105 1049 Thomas
3131 988 3186 1047 d.
3218 1006 3275 1064 q.
3312 996 3364 1049 5.
3396 988 3468 1048 de
3494 994 3606 1047 Ve-

2011 1080 2112 1135 rit.
2143 1076 2250 1136 art.
2290 1084 2340 1141 1.
2386 1079 2451 1137 ad
2483 1085 2547 1154 6,
2580 1085 2636 1138 et
2662 1082 2897 1137 sumitur
2922 1096 2989 1138 ex
3017 1081 3381 1138 locutionibus
3411 1081 3602 1153 Augu-

2015 1169 2135 1225 stini
2174 1172 2229 1225 in
2269 1168 2407 1226 locis
2448 1171 2650 1229 citatis.
2695 1173 2883 1228 Dices:
2926 1171 3010 1228 lex
3053 1171 3231 1228 fertur
3258 1173 3311 1227 in
3340 1172 3615 1245 generalia

2013 1261 2157 1317 Deus
2174 1269 2356 1317 autem
2369 1276 2469 1332 per
2481 1261 2873 1335 providentiam
2892 1278 3047 1319 suam
3066 1261 3335 1320 interdum
3346 1272 3606 1336 operatur

2010 1357 2231 1423 praeter
2257 1350 2461 1427 legem3
2484 1368 2616 1427 ergo
2638 1353 2727 1410 ille
2747 1353 2978 1411 effectus
3001 1369 3106 1410 non
3129 1354 3331 1426 poterit
3352 1354 3459 1413 dici
3482 1374 3605 1417 esse

2013 1456 2046 1497 a
2073 1440 2191 1514 lege
2218 1448 2467 1517 aeterna,
2499 1443 2630 1500 licet
2656 1444 2725 1501 sit
2760 1459 2789 1499 a
2821 1442 3172 1516 providentia.
3203 1443 3276 1500 Ut
3302 1444 3470 1502 solem
3501 1447 3600 1504 ali-

2014 1532 2235 1604 quando
2263 1534 2574 1607 quiescere,
2604 1532 2833 1591 effectus
2860 1540 2949 1591 est
2972 1533 3182 1591 divinae
3203 1534 3597 1611 providentiae,

2012 1638 2121 1677 non
2165 1628 2343 1680 tamen
2385 1624 2516 1698 legis
2558 1631 2839 1697 aeternae,
2882 1625 3011 1699 quia
3047 1626 3231 1697 potius
3271 1626 3355 1683 lex
3383 1633 3606 1685 aeterna

2015 1718 2120 1783 est,
2153 1718 2216 1769 ut
2256 1714 2521 1771 continue
2548 1723 2857 1772 moveatur.
2888 1715 3288 1787 Respondetur,
3321 1716 3491 1791 legem
3520 1734 3611 1776 ae·

2014 1810 2227 1860 ternam
2264 1818 2385 1861 esse
2413 1806 2929 1863 universalissimam
2948 1846 2964 1879 ,
2993 1813 3050 1863 et
3075 1806 3225 1880 quod
3255 1808 3470 1866 videtur
3497 1810 3610 1868 dis-

2015 1908 2239 1967 crepare
2282 1894 2348 1951 ab
2390 1912 2497 1952 una
2524 1898 2641 1952 eius
2672 1902 2852 1971 parte,
2882 1896 2966 1953 vel
2996 1912 3115 1953 esse
3142 1898 3297 1969 quasi
3326 1899 3604 1973 dispensa-

2010 1984 2211 2041 tionem
2251 1986 2401 2056 eius;
2448 1986 2549 2043 alia
2584 1985 2670 2041 via
2697 2001 2819 2043 esse
2848 1994 3265 2045 consentaneam
3294 1989 3465 2047 eidem
3498 1992 3603 2065 legi

2014 2081 2269 2133 aeternae
2298 2075 2601 2134 secundum
2631 2076 2789 2133 aliam
2819 2086 3049 2151 partem.
3083 2079 3157 2136 Ut
3178 2080 3229 2136 in
3252 2080 3502 2154 exemplo
3525 2082 3607 2141 di-

2012 2176 2142 2239 cto,
2188 2166 2319 2226 licet
2358 2168 2643 2241 quiescere
2686 2168 2854 2225 solem
2898 2186 3003 2226 non
3047 2170 3114 2226 sit
3148 2172 3358 2245 exlege
3388 2181 3606 2231 aeterna

2011 2258 2349 2330 praescripta
2371 2257 2439 2314 de
2462 2257 2649 2315 ordine
2672 2259 2939 2316 servando
2962 2261 3013 2315 in
3039 2262 3272 2318 motibus
3295 2264 3597 2336 caelorum,

2012 2348 2121 2405 imo
2160 2348 2231 2405 sit
2268 2348 2597 2419 dispensatio
2632 2350 2783 2420 eius,
2816 2349 3160 2408 nibilominus
3190 2359 3276 2409 est
3301 2355 3600 2411 conformis

2013 2438 2200 2507 alteri,
2225 2453 2335 2511 qua
2364 2426 2505 2495 Deus
2533 2437 2671 2511 vult,
2704 2440 2975 2498 orationes
3005 2442 3308 2501 amicorum
3334 2446 3599 2519 exaudiri,

2013 2529 2056 2585 si
2089 2528 2268 2585 debito
2300 2528 2459 2585 modo
2485 2535 2542 2587 et
2562 2544 2624 2585 ex
2648 2530 2787 2586 iusta
2808 2546 2977 2588 causa
2998 2532 3146 2590 fiant.
3172 2532 3321 2591 Unde
3343 2537 3483 2610 Aug.
3503 2541 3600 2596 26.

2011 2624 2225 2675 contra
2250 2620 2461 2677 Faust.
2494 2636 2547 2677 c.
2583 2625 2614 2679 3
2637 2640 2659 2703 ι·
2680 2620 3067 2696 Appellamus
3092 2629 3382 2684 naturam
3410 2632 3605 2702 comti-

2013 2715 2144 2767 tum
2171 2708 2334 2767 nobis
2362 2726 2633 2776 cursum.
2680 2711 3031 2788 solitumque
3069 2720 3352 2788 naturae,
3396 2725 3607 2779 contra

2010 2816 2183 2874 quem
2203 2817 2341 2857 cum
2364 2804 2527 2858 Deus
2555 2800 2785 2875 aliquid
2794 2801 2975 2875 facit,
3010 2806 3343 2880 maynalia,
3376 2809 3468 2867 vel
3492 2815 3604 2869 mi·

2007 2890 2241 2950 rabilia
2268 2896 2677 2950 nominantur.-
2701 2900 2915 2953 contra
2938 2894 3113 2955 illam
3138 2915 3273 2957 vero
3300 2917 3602 2961 summam

2007 2986 2269 3041 naturae
2312 2981 2527 3057 leyem,
2563 2999 2606 3041 a
2648 2987 2867 3043 notitia
2900 2993 3221 3057 remotam,
3267 2997 3396 3050 tam
3434 2998 3599 3052 Deus

2007 3073 2176 3131 nullo
2196 3073 2565 3147 madefacit,
2581 3091 2765 3149 quam
2786 3080 2997 3136 contra
3014 3082 3273 3155 seipsum
3292 3100 3411 3140 non
3412 3082 3598 3156 facit.

2093 3170 2180 3224 12.
2213 3166 2401 3239 Sexto,
2432 3173 2485 3223 et
2514 3166 2709 3224 ultimo
2738 3183 2805 3225 ex
2826 3167 2985 3226 dictis
3008 3170 3212 3229 definiri
3236 3180 3417 3245 potest
3435 3191 3605 3249 quae-

2009 3256 2114 3312 stio
2133 3298 2148 3326 ,
2193 3271 2261 3313 au
2299 3254 2387 3312 lex
2418 3262 2635 3314 aeterna
2662 3255 2911 3315 dicenda·
2930 3260 3004 3318 sit
3028 3276 3157 3333 uua,
3190 3264 3273 3321 vel
3302 3265 3509 3337 plures.
3538 3269 3601 3326 In

2006 3362 2118 3421 qua
2143 3345 2303 3404 divus
2330 3346 2565 3404 Thomas
2593 3345 2650 3404 d.
2672 3362 2728 3421 q.
2769 3352 2863 3421 93,
2892 3356 2997 3407 art.
3023 3353 3070 3409 1.
3089 3352 3157 3409 ad
3188 3360 3235 3413 1.
3264 3359 3447 3429 sentit,
3478 3374 3603 3419 esse

2006 3452 2206 3508 unam,
2235 3437 2310 3496 ita
2336 3442 2399 3495 ut
2424 3452 2602 3512 neque
2630 3438 2836 3496 ratione
2864 3440 3287 3527 multiplicetur3
3320 3463 3443 3507 nam
3471 3466 3604 3508 con-

2005 3528 2189 3585 stituit
2214 3529 2269 3584 in
2298 3526 2406 3585 boc
2437 3527 2791 3586 differentiam
2818 3528 2957 3587 inter
2981 3530 3129 3589 ideas
3150 3540 3204 3591 et
3226 3534 3425 3612 legem,
3450 3540 3604 3614 quod

2007 3618 2157 3675 ideae
2200 3616 2666 3690 multiplicantur,
2708 3634 2839 3676 cum
2878 3620 2965 3678 lex
3000 3630 3218 3683 aeterna
3249 3644 3354 3686 una
3384 3637 3603 3689 tantum

2004 3709 2097 3765 sit.
2140 3706 2291 3763 Idem
2330 3709 2530 3765 sentire
2573 3708 2792 3768 videtur
2818 3710 3135 3771 Vincentius
3173 3732 3344 3790 supra
3371 3722 3599 3780 citatus.

2001 3798 2152 3855 Haec
2194 3804 2376 3855 tamen
2412 3796 2715 3856 differentia
2750 3816 2858 3858 non
2892 3808 2979 3859 est
3004 3802 3175 3861 facilis
3206 3806 3275 3864 ad
3300 3810 3603 3887 intelligen-

2004 3888 2136 3945 dum
2153 3929 2170 3957 ,
2203 3890 2334 3967 quia
2360 3888 2512 3946 ideae
2541 3904 2649 3946 non
2676 3888 3104 3963 multiplicantur
3130 3897 3433 3957 secundum
3460 3917 3600 3977 rem,

2001 3976 2098 4035 sed
2136 3978 2318 4035 solum
2357 3977 2667 4036 secundum
2696 3979 2940 4039 diversos
2967 3992 3253 4056 respectus
3281 3991 3507 4047 rationis
3534 3994 3604 4051 ad

2001 4068 2247 4142 obiecta5
2280 4070 2360 4127 sic
2390 4077 2576 4127 autem
2596 4070 2759 4129 etiam
2781 4072 3212 4145 multiplicantur
3236 4088 3525 4154 praecepta
3544 4087 3605 4141 et

2000 4157 2146 4232 leges
2183 4160 2241 4215 in
2283 4166 2467 4218 mente
2505 4162 2621 4218 Dei.
2665 4161 2822 4220 Sicut
2860 4162 3177 4224 dicebamus
3221 4170 3383 4241 paulo
3422 4180 3603 4241 antea,

1999 4248 2171 4309 alium
2204 4264 2324 4306 esse
2370 4250 2503 4324 legis
2542 4252 2767 4309 modum
2796 4254 2945 4311 circa
2973 4270 3062 4313 res
3091 4265 3342 4317 carentes
3371 4263 3601 4339 ratione,

1999 4343 2056 4395 et
2088 4338 2257 4395 alium
2298 4339 2451 4397 circa
2486 4338 2749 4399 habentes
2788 4344 3089 4419 rationem3
3136 4354 3192 4405 et
3220 4360 3476 4423 respectu
3507 4355 3605 4413 ba-

1997 4445 2126 4488 rum
2151 4435 2338 4503 potest
2363 4430 2415 4486 in
2443 4437 2620 4487 mente
2650 4432 2744 4488 Dei
2770 4431 3029 4508 distingui
3058 4436 3144 4495 lex
3165 4455 3313 4498 mere
3338 4444 3604 4503 naturalis

2006 4519 2092 4578 vel
2133 4520 2391 4594 positiva.
2421 4520 2579 4589 Quod
2606 4523 2652 4578 si
2678 4521 2849 4599 dicas,
2879 4540 2948 4582 ex
2976 4525 3057 4582 bis
3090 4530 3344 4589 omnibus
3372 4549 3606 4594 consur-

1999 4625 2132 4685 gere
2159 4627 2330 4671 unam
2358 4611 2813 4684 simplicissimam
2840 4621 2896 4674 et
2923 4610 3283 4693 adaequatam
3313 4623 3487 4699 legem
3518 4644 3609 4687 re-

2017 4709 2213 4775 spectu
2240 4704 2409 4761 totius
2436 4703 2695 4778 universi,
2722 4705 2910 4763 eodem
2934 4708 3094 4766 modo
3115 4710 3225 4769 dici
3246 4718 3466 4791 poterit,
3488 4718 3610 4781 dari

1999 4794 2056 4850 in
2095 4801 2276 4852 mente
2305 4796 2399 4852 Dei
2436 4810 2601 4852 unam
2626 4795 2987 4872 adaequatam
3015 4798 3188 4860 ideam
3216 4805 3479 4883 universi,
3508 4826 3611 4871 cu-

2001 4884 2088 4942 ius
2129 4885 2305 4960 aliae,
2349 4900 2491 4961 quae
2530 4886 2735 4946 ratione
2775 4887 3194 4964 distinguuntur
3221 4933 3238 4964 ,
3286 4906 3417 4957 sunt
3442 4902 3615 4963 veluti

2001 4979 2207 5048 partes.
2237 4974 2391 5034 Unde
2421 4976 2759 5050 Augustinus
2788 4977 2925 5037 libro
2964 4983 3014 5039 1.
3046 4981 3118 5040 de
3144 4982 3326 5045 libero
3353 4990 3613 5052 arbitrio

2003 5080 2129 5138 cap.
2166 5072 2236 5137 5,
2266 5071 2322 5123 et
2349 5069 2423 5139 6,
2453 5073 2510 5123 et
2536 5066 2627 5125 lib.
2657 5066 2729 5126 de
2754 5084 2901 5129 vera
2925 5069 3094 5146 reliq.
3128 5090 3181 5131 c.
3216 5081 3312 5150 30,
3348 5087 3405 5138 et
3434 5086 3524 5156 31,
3554 5090 3613 5143 et

2003 5169 2165 5227 saepe
2193 5154 2323 5213 alias
2352 5157 2698 5229 singulariter
2726 5158 2901 5233 legem
2930 5169 3204 5222 aeternam
3236 5177 3425 5241 vocat,
3459 5173 3511 5229 in
3547 5179 3602 5232 9.

2005 5242 2078 5303 de
2108 5246 2539 5322 Civit.cap.22.
2566 5247 2851 5322 pluraliter
2877 5249 3026 5327 dicit,
3049 5262 3300 5315 aeternas
3328 5265 3385 5318 et
3412 5261 3611 5323 immu-

3094 5360 3147 5404 12
