4325 6267
1681 373 1890 421 CAPUT
1919 375 2036 421 vlt.

236 506 334 563 illis
354 503 539 560 verbis
552 501 800 560 Christus
815 499 1030 558 videtur
1047 499 1409 572 approbasse
1396 498 1684 569 imperium
1699 497 1832 552 Cae·

3289 362 3406 427 179

1903 495 2130 554 eosdem
2168 497 2385 556 limites
2425 501 2655 562 habere.
2702 518 2844 574 quos
2886 506 3103 568 Roma,
3158 500 3483 573 >nullosque

236 595 399 666 saria,
442 592 600 666 quod
641 592 820 648 Lucas
860 590 994 648 dixit
1031 605 1150 646 esse
1189 589 1238 644 in
1270 591 1585 645 universum
1615 585 1826 642 orbem.
1894 585 2148 660 populos
2175 595 2403 662 sceptro
2431 591 2642 647 Crucis
2669 591 2891 648 Christi
2911 589 3185 654 subdidit
3216 607 3357 662 quos
3385 607 3487 646 ar·
3564 599 3569 612 '

238 682 387 741 Unde
413 681 548 737 inl
579 679 944 753 deprecatio,
981 677 1038 735 ff.
1084 678 1149 734 ad
1181 678 1283 750 leg.
1318 676 1510 735 Rhodi:
1554 674 1621 732 de
1665 675 1832 745 iactu,

236 775 534 844 imperator
563 769 716 828 dicit.
750 774 876 841 Ερο
899 765 1108 825 nsandi
1135 767 1428 824 dominus.

1903 679 2017 732 mis
2043 680 2167 733 suis
2202 680 2341 752 ipsa
2362 695 2479 734 non
2502 677 2744 737 donauit.
2769 682 2867 738 Cui
2898 688 3165 737 consonat
3193 679 3324 736 illud
3354 681 3489 736 Leo-

1905 765 1986 820 nis
2027 782 2195 822 serm.
2236 773 2283 824 t.
2313 767 2379 822 de
2420 771 2622 824 sanctis
2665 771 2824 826 Petro
2864 776 2920 826 et
2959 769 3146 825 Paulo:
3187 771 3264 828 Ut
3302 766 3483 826 latius

312 868 364 920 3.
396 864 554 918 Haec
579 867 762 917 autem
786 860 1050 915 sententia
1073 860 1116 914 si
1137 857 1422 929 intelligat,
1455 857 1833 927 imperatorem
1896 855 2273 930 praesideres
2300 855 2577 930 reliqione
2602 855 2836 926 divina,
2868 875 3052 931 quam
3092 857 3489 916 dominatione

237 966 526 1008 romanum
569 949 734 1005 fuisse
774 946 1067 1020 aliquando
1109 962 1300 1003 verum
1337 946 1634 1018 principem
1666 943 1837 999 totius

239 1038 456 1110 mundi,
503 1038 877 1109 habuisseque
917 1053 1234 1109 supremam
1274 1033 1702 1091 iurisdictionem
1747 1047 1837 1085 su-

243 1148 335 1204 pra
372 1128 560 1186 omnia
598 1144 768 1201 regna
811 1126 1028 1194 mundi,
1059 1132 1144 1182 est
1179 1125 1336 1197 plane
1363 1122 1500 1180 falsa
1532 1129 1585 1178 et
1613 1136 1838 1193 prorsus

243 1221 352 1276 sine
377 1217 736 1275 fundamento
769 1215 1095 1288 excogitata,
1128 1221 1190 1271 ut
1218 1214 1320 1269 late
1348 1212 1584 1269 ostendit
1610 1208 1831 1268 Oldrad.

243 1326 393 1368 cons.
427 1311 526 1380 96,
558 1307 720 1363 cuius
749 1306 958 1362 initium
986 1311 1089 1360 est:
1120 1304 1436 1362 consuevit
1463 1298 1742 1366 dubitari,
1771 1314 1836 1354 ex

245 1402 387 1456 Ioan.
418 1400 624 1470 lgneus
651 1395 702 1451 in
731 1395 945 1467 disput.
968 1410 1084 1469 pro
1111 1408 1393 1467 suprema
1426 1393 1712 1465 potestate
1749 1404 1839 1444 re-

247 1492 333 1562 gis
359 1489 687 1548 Francius,
719 1490 774 1541 et
799 1484 998 1541 Alciat.
1032 1485 1083 1538 in
1110 1483 1146 1538 l.
1190 1487 1238 1554 1,
1269 1483 1330 1538 C.
1374 1480 1440 1537 de
1484 1494 1695 1536 summa
1722 1477 1836 1534 Tri-

245 1580 334 1635 nit.
363 1576 546 1634 GlosS.
578 1581 638 1647 2,
667 1581 725 1632 et
757 1576 984 1632 Covarr.
1015 1574 1064 1628 in
1101 1572 1291 1646 regula
1311 1576 1659 1646 peccatum.
1694 1574 1750 1627 2.
1781 1584 1836 1640 p.

245 1672 349 1738 89,
379 1683 434 1720 n.
478 1672 538 1737 5,
571 1674 628 1720 et
654 1669 707 1736 6,
740 1663 982 1721 Sotolib.
1008 1667 1064 1721 4.
1097 1662 1168 1719 de
1189 1665 1328 1718 inst.
1354 1678 1408 1733 q.
1439 1665 1495 1733 ⁴,
1522 1667 1626 1716 art.
1656 1664 1711 1717 2.
1737 1660 1841 1714 Ra-

247 1759 318 1814 tio
356 1764 538 1813 autem
589 1761 708 1826 est,
741 1756 869 1826 quia
895 1754 1192 1823 imperator
1229 1766 1490 1807 romanus
1529 1764 1630 1805 nec
1666 1765 1696 1804 a
1735 1751 1841 1803 Deo

249 1851 356 1919 ipso
383 1844 696 1902 immediate
726 1848 1050 1916 potestatem
1089 1841 1235 1898 illam
1284 1839 1638 1896 universalem
1678 1839 1728 1894 in
1760 1846 1838 1894 to-

251 1945 358 1992 tum
384 1936 578 1992 orbem
607 1940 942 1992 consecutus
971 1938 1075 1998 est,
1107 1948 1208 1988 nec
1237 1931 1304 1987 ab
1333 1931 1642 1988 hominibus
1671 1931 1839 1986 totius

249 2025 478 2081 universi
512 2024 731 2081 electus
758 2030 843 2079 est
869 2023 1076 2095 primus
1117 2023 1415 2093 imperator
1444 2022 1834 2080 Romanorum.

254 2123 307 2172 ut
333 2116 398 2172 ab
427 2116 518 2172 illo
555 2115 840 2186 potuerint
867 2113 952 2170 alii
983 2110 1282 2168 succedere
1323 2125 1451 2167 cum
1493 2109 1682 2166 eadem
1726 2107 1842 2163 uni-

253 2205 432 2281 versal-i
461 2209 758 2276 potestate,
800 2217 976 2275 neque
1001 2203 1166 2257 etiam
1190 2217 1286 2272 per
1305 2198 1508 2256 bellum
1531 2197 1712 2255 omnia
1742 2194 1841 2251 sibi

253 2296 492 2364 subiecit,
520 2309 704 2367 neque
733 2307 976 2364 unquam
1003 2289 1072 2348 de
1098 2290 1243 2347 facto
1269 2288 1372 2346 tale
1397 2288 1694 2345 dominium
1719 2287 1843 2341 uni-

255 2385 448 2442 versale
481 2385 706 2454 habuit,
738 2398 870 2456 ergo
897 2382 1086 2438 nullus
1115 2381 1340 2453 cogitari
1369 2385 1550 2452 potest
1575 2379 1752 2433 iustus
1782 2377 1843 2431 ti-

256 2473 396 2532 tulus
422 2473 540 2531 talis
577 2471 882 2545 potestatis,
908 2486 1087 2543 neque
1108 2469 1252 2526 unde
1281 2469 1544 2541 originem
1572 2464 1840 2532 habuerit,

256 2565 371 2637 quia
398 2563 469 2620 illi
501 2568 638 2619 sunt
659 2577 846 2619 omnes
873 2559 1018 2618 tituli
1042 2560 1185 2616 iuste
1205 2557 1485 2632 regnandi,
1511 2569 1688 2628 neque
1709 2551 1844 2609 alius

255 2652 536 2725 excogitari
572 2658 772 2722 potest.
806 2652 940 2717 Quia
969 2648 1128 2705 homo
1171 2664 1276 2704 non
1318 2647 1482 2704 habet
1521 2662 1551 2703 a
1580 2661 1638 2700 se
1681 2642 1845 2700 talem

257 2749 598 2815 potestatem3
639 2756 772 2814 ergo
815 2746 1057 2812 oportet,
1090 2745 1152 2796 ut
1189 2737 1384 2794 habeat
1423 2734 1569 2792 illam
1609 2734 1676 2790 ab
1717 2734 1840 2805 ali03

257 2847 378 2905 ergo
405 2830 486 2887 vel
523 2847 556 2887 a
585 2834 721 2902 Deo,
754 2829 839 2886 vel
863 2830 932 2887 ab
963 2828 1176 2886 bomine
1215 2829 1398 2901 aliquo
1437 2841 1502 2882 ex
1545 2823 1700 2880 dictis
1731 2837 1844 2880 mo-

259 2921 352 2978 dis:
383 2927 599 2978 constat
627 2922 772 2977 enim
801 2919 870 2976 ab
907 2919 1112 2992 angelis
1153 2935 1260 2976 non
1303 2917 1614 2990 provenire,
1642 2912 1844 2970 nullam

260 3013 390 3068 enim
417 3010 851 3068 iurisdictionem
878 3009 928 3064 in
958 3007 1204 3064 homines
1233 3007 1454 3063 habent.

325 3103 562 3158 Primum
592 3115 728 3172 ergo
758 3099 1065 3156 membrum
1094 3103 1308 3154 certum
1336 3103 1456 3164 est,
1486 3096 1614 3168 quia
1645 3093 1843 3150 modus

263 3189 339 3246 ille
357 3189 692 3248 concedendi
715 3195 1036 3260 potestatem
1073 3187 1278 3259 regiam
1304 3181 1740 3257 supernaturalis
1759 3199 1845 3238 es-

263 3289 368 3352 set3
404 3297 508 3337 non
548 3280 696 3337 enim
739 3267 958 3350 spectat
976 3276 1043 3333 ad
1085 3276 1408 3334 ordinariam
1452 3271 1844 3346 providentiam

261 3372 374 3440 Dei,
401 3376 464 3426 ut
485 3377 572 3426 est
605 3358 802 3426 auctor
829 3374 886 3424 et
922 3368 1256 3442 gubernator
1285 3371 1542 3436 naturae,
1573 3379 1705 3434 ergo
1737 3377 1843 3418 non

263 3468 339 3516 est
358 3459 680 3517 asserendus
703 3457 816 3513 sine
837 3456 1219 3528 fundamento,
1243 3453 1326 3510 vel
1347 3453 1696 3523 revelatione,
1724 3449 1842 3507 nul-

267 3549 344 3604 libi
379 3556 560 3606 autem
597 3548 706 3603 hoc
745 3545 1006 3603 traditum
1037 3553 1133 3602 aut
1158 3543 1460 3601 revelatum
1487 3548 1588 3598 est.
1623 3543 1696 3598 De
1726 3540 1842 3596 solo

263 3641 392 3694 enim
429 3637 760 3695 ludaeorum
815 3634 1015 3706 populo
1055 3632 1316 3707 legimus,
1368 3630 1516 3706 quod
1556 3631 1708 3704 prius
1749 3643 1842 3700 per

264 3729 483 3804 onsen,
523 3729 712 3796 losue,
745 3733 800 3780 et
827 3729 1114 3797 sequentes
1144 3721 1350 3778 iudices
1387 3720 1535 3777 illum
1572 3720 1844 3794 guberna·

268 3819 410 3890 verit,
437 3824 493 3874 et
518 3823 717 3890 postea
745 3815 963 3871 Saulem
991 3815 1230 3884 primum
1260 3811 1476 3869 illorum
1504 3826 1686 3883 regem
1713 3826 1843 3866 con-

268 3910 512 3966 stituerit.
567 3905 888 3965 Secundum
928 3903 1238 3961 membrum
1279 3918 1374 3974 per
1415 3917 1472 3957 se
1511 3908 1704 3957 notum
1731 3905 1840 3970 est,

267 3999 382 4070 quia
411 4013 510 4054 nec
558 3995 628 4052 de
667 3995 764 4052 tali
805 3991 1124 4064 concordia,
1155 3999 1211 4048 et
1250 4007 1524 4048 consensu
1563 3990 1844 4046 nationum

272 4089 424 4143 totius
457 4085 697 4144 universi
725 4090 968 4154 constat,
997 4098 1176 4156 aeque
1215 4081 1455 4137 humano
1499 4078 1658 4135 modo
1699 4077 1844 4134 vide-

271 4183 353 4232 tur
377 4174 668 4248 possibilis.
701 4175 834 4230 ltem
869 4178 1088 4229 constat
1111 4187 1178 4227 ex
1201 4169 1434 4227 historiis
1457 4175 1512 4226 et
1535 4167 1742 4241 legibus
1767 4169 1844 4224 ci-

197 4286 206 4296 ·
268 4265 484 4336 vilibus,
525 4266 908 4335 imperatorem
953 4276 1241 4317 romanum
1281 4260 1348 4316 ab
1388 4258 1504 4330 ipso
1547 4256 1749 4330 populo
1790 4263 1847 4314 et

269 4354 536 4426 republica
577 4359 784 4430 tantum
829 4367 1052 4408 romana
1093 4351 1370 4421 accepisse
1409 4353 1763 4420 potestatem,
1791 4353 1849 4404 et

271 4443 558 4499 dominium
589 4442 674 4498 sui
703 4440 936 4512 imperii,
969 4438 1152 4496 utlate
1168 4439 1338 4496 rel'ert
1355 4440 1552 4495 Covar.
1587 4438 1635 4492 in
1659 4439 1843 4493 Pract.

269 4548 382 4605 cap.
423 4537 470 4604 t,
499 4533 687 4590 conci.
723 4535 776 4602 3,
818 4547 917 4586 seu
948 4547 1003 4585 n.
1037 4534 1092 4587 3.
1126 4529 1276 4586 Unde
1304 4528 1467 4585 etiam
1493 4533 1714 4585 constat
1741 4534 1849 4583 ter-

272 4623 394 4678 tium
421 4623 760 4689 membrum,
792 4635 916 4676 nam
943 4619 1172 4676 Romani
1202 4633 1480 4690 nunquam
1502 4622 1848 4689 occuparunt

276 4715 439 4767 totum
475 4711 664 4767 orbem
701 4710 818 4764 suis
848 4707 998 4764 bellis
1024 4714 1081 4764 et
1108 4707 1360 4777 imperio,
1389 4721 1520 4779 ergo
1561 4721 1846 4779 nunquam

277 4814 521 4855 romanus
543 4798 778 4871 populus
801 4799 976 4868 potuit
1000 4798 1052 4854 in
1078 4812 1241 4854 suum
1264 4798 1650 4868 imperatorem
1671 4802 1847 4853 traus-

277 4887 406 4945 ierre
434 4886 860 4945 iurisdictionem
889 4889 939 4942 in
980 4887 1291 4943 universum
1331 4886 1549 4958 orbem,
1582 4886 1705 4959 quia
1733 4887 1848 4958 ipse

279 4979 520 5050 populus,
553 4987 654 5035 aut
677 4976 986 5050 respublica
1010 4976 1158 5032 illam
1186 4992 1292 5031 non
1319 4975 1570 5048 babebat3
1594 4975 1719 5031 etin
1743 4976 1848 5034 boc

282 5083 452 5124 rerum
471 5083 669 5141 genere
694 5082 852 5124 nemo
879 5065 992 5136 dat,
1021 5064 1170 5138 quod
1204 5081 1308 5121 non
1342 5065 1521 5121 babet.
1553 5064 1706 5121 Unde
1739 5066 1848 5122 ele·

281 5157 458 5228 gauter
483 5160 736 5230 Prosper.
762 5156 854 5212 lib.
882 5159 937 5212 2.
965 5155 1246 5212 devocat.
1271 5161 1424 5230 qent.
1450 5172 1572 5227 cap.
1609 5159 1695 5228 16,
1718 5156 1848 5212 alias

286 5249 334 5304 ὃς
375 5250 588 5306 Gratia
623 5248 978 5307 christiana.
1025 5244 1220 5319 inquit,
1261 5261 1376 5302 non
1416 5249 1692 5302 contenta
1739 5250 1840 5314 est,

1904 950 2162 1002 terrena.
2194 947 2578 1018 confirmatur,
2608 948 2736 1019 quia
2774 950 2993 1020 ipsimet
3033 949 3383 1020 imperatores
3412 949 3489 1005 l'a·

1905 1041 2108 1105 tentur,
2152 1043 2273 1091 es'se
2313 1034 2522 1107 aliquos
2554 1035 2785 1108 populos
2826 1039 2921 1094 sibi
2965 1055 3067 1094 non
3114 1040 3413 1108 subiectos,
3444 1039 3481 1094 l.

1904 1129 2289 1190 mercatores,
2326 1125 2387 1180 C.
2419 1123 2484 1179 de
2512 1128 2855 1181 commerciis
2874 1169 2889 1198 ,
2923 1128 3009 1182 ubi
3039 1143 3266 1200 regnum
3296 1131 3488 1185 Persa-

1907 1229 2034 1268 rum
2062 1212 2263 1269 dicitur
2286 1228 2396 1268 non
2437 1213 2603 1270 fuisse
2644 1215 2951 1272 subiectum
2980 1219 3255 1288 Romanis,
3285 1223 3341 1273 et
3366 1219 3417 1273 in
3451 1216 3488 1272 l.

1909 1307 1964 1372 2,
1995 1304 2057 1359 C.
2089 1302 2155 1359 de
2196 1302 2345 1359 offic.
2374 1303 2549 1360 Praei.
2585 1304 2864 1362 Praetorio
2892 1305 3123 1374 Africae,
3156 1306 3285 1363 dicit
3322 1309 3489 1378 impe-

1909 1383 2081 1464 rator,
2111 1409 2304 1465 pacem
2331 1409 2459 1451 cum
2491 1396 2670 1451 Persis
2692 1396 2742 1450 in
2766 1403 3089 1468 perpetuum
3111 1398 3483 1466 confirmasse,

1910 1488 1968 1538 et
1998 1482 2052 1536 in
2081 1480 2122 1536 l.
2144 1481 2601 1556 postliminium,
2638 1486 2691 1541 ir.
2725 1484 2791 1541 de
2820 1485 3078 1558 captivis,
3102 1487 3157 1540 tit
3182 1487 3381 1542 mentio
3408 1502 3493 1543 re-

1909 1587 2040 1642 gum
2067 1579 2123 1628 et
2151 1573 2503 1643 populorum,
2533 1573 2625 1645 qui
2654 1573 2802 1630 liberi
2828 1581 2984 1630 erant
3012 1591 3039 1630 a
3071 1590 3295 1630 romano
3326 1575 3489 1646 impe-

1910 1661 2011 1730 rio,
2041 1658 2091 1715 id
2120 1667 2205 1716 est
2230 1661 2279 1716 in
2307 1676 2447 1734 quos
2477 1677 2735 1718 romanus
2780 1664 3073 1735 imperator
3114 1681 3219 1720 non
3262 1663 3495 1721 habebat

1911 1756 2252 1820 potestatem.

1987 1843 2042 1896 4.
2073 1839 2221 1895 Alter
2248 1856 2379 1912 ergo
2406 1857 2599 1899 sensus
2630 1843 2769 1898 illius
2798 1847 3093 1900 sententiae
3132 1859 3251 1900 esse
3280 1850 3485 1917 potest,

1914 1936 1972 1985 ut
2012 1928 2205 1986 saltem
2246 1939 2371 2002 post
2398 1932 2595 1988 Christi
2638 1934 2928 1991 adventum
2970 1935 3259 2006 imperator
3300 1933 3495 1990 habeat

1914 2021 2275 2076 universalem
2302 2020 2727 2079 iurisdictionem
2757 2024 3102 2096 legislativam
3134 2026 3183 2080 in
3211 2031 3387 2080 totum
3410 2040 3496 2079 or-

1913 2109 2055 2181 bem,
2090 2127 2195 2166 non
2244 2113 2359 2167 iure
2398 2114 2696 2184 sanguinis,
2728 2113 2871 2182 belli,
2903 2120 2998 2169 aut
3034 2113 3133 2169 alio
3172 2113 3407 2169 humano
3436 2115 3499 2170 ti-

1915 2199 2047 2267 tulo,
2087 2199 2180 2256 sed
2210 2200 2429 2271 speciali
2468 2200 2805 2259 institutione
2836 2203 3051 2259 Christi.
3091 2205 3160 2258 Et
3195 2203 3297 2258 hoc
3334 2205 3497 2258 etiam

1913 2291 2077 2345 sentit
2108 2291 2255 2346 Bart.
2299 2291 2349 2345 in
2377 2292 2665 2364 Extravag.
2702 2291 2801 2348 Ad
2832 2290 3293 2366 reprimendum,
3333 2292 3497 2348 verbo

1922 2380 2116 2434 Totius
2143 2379 2319 2439 orbis,
2352 2386 2407 2435 et
2427 2379 2665 2436 Castald.
2686 2380 2740 2437 d.
2760 2396 2814 2453 q.
2836 2385 2926 2450 52,
2961 2398 3014 2436 n.
3041 2384 3125 2440 10.
3157 2388 3213 2436 et
3242 2386 3491 2453 sequent.

1913 2467 2060 2526 Sed
2046 2485 2094 2523 1n
2125 2468 2233 2524 hoc
2265 2470 2425 2526 etiam
2454 2485 2619 2526 sensu
2655 2469 2740 2527 illa
2768 2472 3031 2527 sententia
3072 2470 3363 2543 probabilis
3392 2487 3497 2527 non

1911 2563 2013 2614 cst.
2045 2558 2178 2625 Quia
2208 2573 2308 2614 nec
2340 2558 2459 2614 talis
2478 2558 2742 2615 institutio
2772 2566 2857 2615 est
2882 2558 3186 2617 immediate
3210 2575 3239 2614 a
3259 2560 3494 2629 Christo,

1914 2663 2014 2704 nec
2051 2664 2148 2721 per
2179 2649 2513 2704 Pontificem.
2557 2649 2707 2704 Prior
2744 2665 2869 2721 pars
2908 2655 3055 2722 patet
3094 2649 3297 2705 ratione
3337 2665 3506 2720 supra

1912 2737 2079 2810 sacta,
2109 2737 2238 2810 quia
2262 2737 2511 2794 Christus
2541 2737 2725 2794 nullibi
2746 2738 2978 2795 contulit
3000 2738 3305 2795 immediate
3327 2746 3383 2794 et
3402 2754 3499 2810 per

1918 2843 1978 2883 se
2000 2825 2297 2897 temporale
2321 2842 2505 2883 rerum
2527 2826 2828 2884 dominium
2853 2836 2951 2884 aut
2971 2828 3389 2885 iurisdictionem
3412 2827 3507 2883 ho-

1918 2916 2189 2985 minibus,
2222 2932 2354 2988 ergo
2384 2932 2484 2972 nec
2512 2917 2824 2988 imperatori
2854 2917 2995 2974 illam
3020 2919 3224 2975 tribuit.
3239 2918 3340 2976 Ubi
3363 2918 3504 2974 enim

1918 3015 2003 3064 est
2033 3006 2569 3079 vestigium-aliquod
2598 3007 2719 3063 talis
2759 2997 3251 3079 institutionis,⁰vel
3282 3008 3330 3062 in
3360 3008 3505 3064 Scri-

1916 3105 2078 3169 ptura
2117 3094 2201 3151 vel
2238 3097 2289 3151 in
2330 3094 2703 3153 ecclesiastica
2750 3096 3077 3153 traditione?
3104 3099 3161 3152 ln
3201 3097 3280 3152 his
3319 3104 3502 3154 autem

1914 3187 2101 3258 rebus,
2133 3192 2197 3243 ut
2221 3184 2351 3257 dixi,
2384 3201 2525 3259 quae
2552 3187 3000 3256 supernaturales
3030 3194 3191 3258 sunt,
3223 3187 3349 3244 nihil
3378 3203 3500 3244 cre-

1913 3274 2154 3333 dendum
2175 3282 2279 3347 est,
2303 3274 2449 3348 quod
2471 3274 2723 3331 divinitus
2748 3276 3049 3332 revelatum
3074 3292 3177 3331 non
3206 3277 3293 3347 sit,
3309 3282 3364 3332 et
3388 3276 3501 3332 sus-

1915 3365 2160 3422 iicienter
2202 3365 2355 3421 nobis
2402 3364 2767 3436 propositum.
2806 3363 2960 3421 Unde
3000 3365 3342 3421 manifestum
3388 3373 3497 3435 est,

1913 3461 2040 3528 post
2057 3454 2256 3522 Christi
2283 3453 2657 3510 ascensionem
2684 3461 2739 3510 et
2763 3455 3018 3526 evangelii
3047 3453 3499 3525 praedicationem

1916 3561 2020 3600 non
2049 3545 2233 3600 statim
2262 3542 2527 3600 deiecisse
2556 3541 2765 3615 reliqua
2794 3549 3011 3600 terrena
3040 3559 3205 3615 regna
3228 3543 3309 3598 vel
3332 3545 3494 3615 impe-

1915 3637 2013 3692 ria.
2034 3637 2221 3706 Neque
2245 3633 2621 3705 imperatorem
2646 3648 2933 3690 romanum
2956 3634 3200 3706 coepisse
3222 3633 3381 3690 latius
3401 3632 3499 3690 do·

1916 3724 2130 3794 minari,
2163 3739 2329 3795 quam
2358 3729 2510 3778 antea
2541 3722 2848 3795 imperarat.
2884 3725 3069 3796 Neque
3097 3739 3283 3796 regem
3313 3725 3502 3780 Persa-

1914 3828 2040 3870 rum
2059 3829 2112 3868 v.
2133 3828 2191 3885 g.
2210 3810 2290 3866 vel
2314 3826 2467 3884 reges
2489 3810 2765 3881 ludorum,
2785 3821 2881 3868 aut
2900 3813 3265 3886 laponiorum,
3284 3814 3501 3870 velCui-

1917 3919 2039 3973 nae,
2053 3901 2137 3959 vel
2156 3903 2291 3958 alios
2308 3901 2511 3958 similes
2526 3917 2681 3959 suam
2698 3918 3010 3974 supremam
3033 3909 3352 3973 potestatem
3370 3910 3503 3960 tem-

1916 3991 2156 4064 poralem
2200 3991 2464 4048 amisisse.
2505 3991 2683 4046 Altera
2722 4006 2849 4047 vero
2891 4007 3017 4063 pars
3056 3990 3123 4048 de
3166 3993 3502 4050 institutione

1914 4080 2144 4139 mediata
2182 4086 2237 4136 et
2266 4096 2363 4152 per
2402 4080 2714 4137 Pontificem
2743 4081 3004 4151 probatur
3046 4099 3112 4138 ex
3149 4082 3327 4138 dictis.
3360 4084 3498 4151 Quia

1915 4177 2199 4228 ostensum
2238 4175 2343 4242 est,
2374 4169 2651 4226 Christum
2691 4185 2797 4225 non
2832 4168 3043 4226 dedisse
3072 4173 3311 4228 Pontifici
3350 4179 3504 4244 pote-

1915 4267 2109 4318 statem
2137 4258 2405 4316 directam
2432 4260 2485 4314 in
2512 4257 2933 4330 temporalibus,
2962 4273 3093 4332 ergo
3123 4276 3221 4316 nec
3252 4261 3495 4317 Pontifex

1915 4349 2026 4423 ipse
2055 4351 2233 4421 potuit
2260 4347 2403 4404 illam
2431 4363 2525 4420 per
2555 4363 2613 4404 se
2640 4347 2911 4417 conferre,
2934 4350 3061 4420 quia
3090 4365 3195 4404 non
3218 4356 3397 4421 potest
3423 4351 3499 4407 al-

1916 4441 2016 4498 teri
2065 4437 2495 4496 iurisdictionem
2542 4439 2947 4494 communicare
2969 4477 2983 4506 ,
3021 4453 3187 4509 quam
3222 4454 3255 4493 a
3289 4439 3503 4496 Christo

1914 4546 2021 4586 non
2058 4526 2265 4600 recipit.
2297 4529 2538 4584 Potestas
2576 4533 2754 4583 autem
2792 4526 3082 4598 indirecta,
3114 4543 3281 4600 quam
3318 4531 3498 4588 Ponti·

1916 4621 1998 4677 sex
2027 4619 2189 4676 habet
2215 4618 2361 4674 circa
2390 4616 2725 4688 temporalia,
2757 4617 2943 4672 eadem
2970 4624 3055 4673 est
3082 4634 3211 4674 cum
3242 4621 3497 4690 spiritua·

1917 4707 1970 4775 li
2005 4715 2064 4765 ut
2089 4708 2456 4778 ostendimus3
2492 4705 2585 4761 sed
2606 4706 2844 4762 Pontifex
2874 4722 2979 4762 non
3005 4709 3377 4767 communicat
3406 4712 3502 4767 im·

1915 4799 2144 4871 peratori
2168 4797 2501 4868 spiritualem
2528 4801 2871 4866 potestatem,
2897 4801 2959 4851 ut
2976 4801 3213 4868 constat3
3244 4813 3374 4870 ergo
3402 4816 3505 4856 nec

1916 4886 2265 4960 temporalem
2296 4886 2627 4968 indirectam.
2657 4887 2723 4942 Et
2750 4885 2993 4958 quamvis
3021 4886 3166 4942 illam
3196 4890 3501 4944 communi-

1916 4985 2094 5048 caret,
2124 4993 2232 5033 nou
2260 4983 2405 5032 esset
2433 4980 2673 5047 potestas
2704 4974 2998 5046 legislativa
3025 4974 3229 5031 directe
3256 4978 3308 5032 in
3336 4984 3504 5034 mate-

1920 5068 1997 5124 ria
2023 5065 2188 5139 civili,
2216 5064 2283 5120 de
2310 5081 2419 5138 qua
2446 5065 2562 5120 sola
2590 5070 2859 5136 potestate
2889 5080 3033 5120 nunc
3066 5071 3389 5123 tractamus.

1998 5163 2052 5214 5.
2085 5157 2167 5212 Sit
2192 5171 2323 5229 ergo
2354 5157 2403 5211 in
2434 5155 2616 5227 primis
2645 5153 2881 5226 certum,
2913 5170 3089 5227 neque
3116 5157 3501 5227 imperatorem

1917 5263 2237 5318 romanum,
2278 5261 2452 5318 neque
2492 5245 2725 5318 aliquem
2771 5261 2939 5301 unum
2977 5245 3271 5318 homiuem,
3306 5246 3387 5303 vel
3415 5263 3497 5303 re-
