4325 6267
848 308 974 376 214

764 447 860 508 bet
884 449 1156 510 condendi
1187 449 1716 525 legem.communis
1737 447 1881 506 enim
1902 445 2078 521 opinio
2101 450 2207 518 est,
2236 461 2358 503 sen-

765 542 987 600 tentiam
1023 541 1278 616 principis
1318 541 1495 616 legem
1522 538 1880 599 constituere.
1916 540 1994 596 lta
2023 543 2172 596 tenet
2198 538 2355 594 lason

764 631 802 690 l.
842 635 894 703 1,
923 632 977 689 il'.
1012 630 1081 690 de
1109 632 1330 690 constit.
1364 633 1506 704 prin.
1541 646 1597 688 n.
1635 634 1685 704 1,
1715 636 1771 687 et
1797 630 1848 686 in
1877 629 1916 688 l.
1947 631 1998 702 l,
2021 629 2076 686 ff.
2102 627 2169 686 de
2190 627 2354 701 seriis,

761 737 822 778 n.
851 726 946 781 23.
977 727 1033 780 et
1059 725 1163 793 24,
1205 721 1294 778 ubi
1331 720 1469 779 alios
1505 721 1673 778 refert
1717 717 2032 778 Ludovieus
2067 719 2267 777 Gomez
2303 719 2356 774 in

764 813 1025 885 prooemio
1061 812 1130 870 ad
1171 812 1349 887 regul.
1392 811 1694 871 cancellar.
1742 812 1942 870 Gomez
1979 828 2035 885 q.
2080 815 2138 885 2,
2183 807 2251 866 ad
2298 815 2347 868 1.

764 918 894 960 cum
921 902 1121 976 Platea,
1153 918 1318 977 quem
1347 902 1512 960 refert
1533 904 1586 960 in
1609 903 1713 976 leg.
1737 907 1950 976 Neque,
1977 903 2036 960 C.
2062 899 2128 958 de
2149 899 2347 958 decur.

763 993 857 1050 lib.
895 995 981 1050 10.
1013 992 1161 1050 Idem
1192 999 1376 1052 tenent
1404 993 1769 1051 communiter
1795 993 2102 1050 canonistas
2146 991 2199 1047 in
2228 1005 2353 1062 cap.

765 1087 834 1141 In
861 1085 1090 1149 causis,
1125 1081 1190 1140 de
1219 1099 1276 1142 re
1306 1083 1572 1154 iudicata,
1602 1089 1659 1140 et
1685 1083 1900 1141 Felinus
1939 1083 1990 1140 in
2028 1081 2253 1140 rubrica
2284 1079 2351 1138 de

763 1174 1135 1246 rescriptione,
1172 1190 1225 1230 n.
1265 1178 1316 1247 1,
1347 1176 1442 1248 qui
1472 1173 1640 1232 refert
1675 1173 1826 1232 alios.
1859 1175 1931 1230 Et
1958 1173 2222 1244 probatur
2251 1171 2357 1244 pri-

763 1278 855 1319 mo
882 1278 948 1320 ex
979 1262 1095 1338 lege
1124 1263 1338 1336 ultima,
1364 1263 1497 1322 Cod.
1523 1263 1592 1322 de
1619 1263 1852 1337 legibus,
1878 1263 1969 1320 ubi
1997 1278 2253 1336 expresse
2278 1261 2357 1319 di-

763 1355 933 1427 citur,
967 1355 1283 1412 sententiam
1312 1355 1454 1412 inter
1483 1360 1662 1428 partes
1684 1369 1816 1412 cum
1841 1355 2153 1426 cognitione
2178 1353 2358 1410 datam

766 1443 834 1500 ab
870 1444 1194 1516 imperatore
1235 1445 1289 1502 in
1333 1459 1442 1501 una
1479 1459 1678 1517 causa,
1724 1445 2063 1502 constituere
2101 1443 2277 1518 legem
2307 1443 2357 1499 in

765 1534 1020 1591 omnibus
1060 1535 1325 1592 similibus
1362 1537 1545 1592 causis
1582 1533 1926 1592 servandam.
1971 1532 2118 1591 ldem
2161 1533 2359 1608 signifi-

765 1630 926 1683 catur
951 1625 1006 1681 in
1042 1625 1148 1699 leg.
1193 1631 1238 1698 l,
1269 1626 1322 1683 ir.
1358 1625 1424 1682 de
1452 1625 1823 1683 constitution.
1849 1626 2077 1697 princip.
2107 1624 2199 1682 ubi
2223 1625 2359 1681 inter

765 1715 960 1774 modos
989 1715 1196 1774 serendi
1226 1717 1374 1790 leges
1403 1733 1548 1774 unus
1583 1723 1693 1775 est:
1736 1713 1993 1792 Quando
2031 1717 2359 1789 imperator

767 1823 1118 1882 coquoscens
1145 1801 1413 1876 decrevit,
1450 1807 1540 1865 ubi
1567 1806 1716 1865 addit
1742 1807 1954 1880 Glossa,
1984 1805 2185 1864 dando
2214 1804 2356 1878 defi-

765 1901 1016 1955 nitivam
1044 1900 1416 1956 seutentiam.
1447 1899 1601 1956 Ratio
1637 1897 1789 1956 reddi
1838 1903 2049 1970 potest,
2083 1897 2211 1971 quia
2239 1909 2359 1954 sen-

767 1990 934 2046 tentia
955 1987 1212 2061 principis
1235 1994 1320 2044 est
1341 1986 1505 2045 veluti
1527 1987 1744 2062 regula,
1777 1987 1845 2045 ad
1865 2002 2029 2060 quam
2057 2002 2246 2044 omnes
2275 1988 2358 2044 in-

767 2078 990 2136 feriores
1025 2076 1236 2136 iudices
1272 2078 1602 2136 conformari
1643 2085 1936 2148 tenentur,
1967 2075 2064 2134 sed
2102 2075 2239 2134 haec
2276 2083 2361 2134 est

765 2169 985 2241 propria
1013 2168 1093 2225 vis
1119 2167 1290 2243 legis;
1323 2185 1476 2242 ergo.
1506 2168 1669 2226 Maior
1705 2169 2048 2232 insinuatur,
2079 2173 2136 2224 et
2161 2167 2358 2239 proba-

765 2265 859 2317 tur
886 2259 952 2315 ab
981 2259 1308 2330 imperatore
1351 2260 1403 2316 in
1440 2257 1584 2316 dicta
1625 2258 1742 2332 lege
1787 2257 2013 2330 ultima,
2042 2256 2126 2314 his
2153 2257 2355 2314 verbis:

772 2347 928 2426 Quid
965 2351 1125 2430 enim
1163 2352 1364 2406 maius
1378 2395 1393 2418 ,
1445 2347 1587 2422 quid
1625 2351 1892 2406 sanctius
1933 2345 2235 2424 imperiali
2276 2352 2362 2406 est

765 2439 1126 2498 maiestate?
1157 2440 1259 2498 Vel
1283 2443 1412 2515 quis
1440 2445 1646 2498 tantae
1673 2439 1982 2515 superbiae
1990 2435 2250 2510 fastidio
2270 2443 2359 2496 tu·

765 2529 959 2588 midus
989 2537 1092 2597 est,
1129 2535 1196 2588 ut
1221 2529 1484 2606 reqalem
1511 2546 1748 2588 sevisum
1785 2533 2124 2587 contemnat
2141 2529 2173 2585 θ
2198 2529 2359 2597 Quasi

765 2622 943 2694 dicat,
975 2621 1294 2680 sententiam
1334 2621 1678 2694 imperatoris
1709 2625 1912 2678 tantam
1939 2619 2140 2678 habere
2167 2627 2363 2678 aucto·

762 2714 1009 2784 ritatem,
1045 2717 1104 2769 ut
1136 2711 1382 2768 subditos
1411 2710 1652 2786 obliget,
1682 2728 1748 2770 ne
1789 2713 1845 2768 in
1884 2711 2044 2770 simili
2083 2727 2255 2769 causa
2292 2711 2361 2769 ab

763 2804 855 2862 illa
891 2802 1228 2876 discrepent,
1275 2810 1332 2860 et
1371 2801 1549 2876 quoad
1591 2803 1695 2860 hoc
1737 2802 1965 2860 virtuale
2005 2811 2360 2875 praeceptum

764 2893 1028 2966 obtinere,
1057 2900 1114 2950 et
1152 2893 1220 2949 ita
1263 2891 1460 2950 habere
1501 2893 1606 2950 vim
1637 2893 1788 2966 legis.
1831 2893 2123 2967 Potestque
2162 2893 2361 2951 contir-

766 2985 900 3041 mari
925 2999 993 3040 ex
1018 2982 1208 3041 eadem
1235 2983 1374 3056 lege,
1407 2985 1535 3059 quia
1563 2983 1848 3041 decretum
1885 2983 2227 3056 imperatoris
2266 2984 2361 3040 ha-

766 3074 859 3132 bet
887 3072 993 3131 vim
1020 3073 1176 3148 legis,
1202 3073 1296 3132 sed
1328 3075 1592 3132 sententia
1622 3075 1689 3132 ab
1717 3075 1833 3147 ipso
1865 3074 1972 3131 lata
1999 3077 2243 3134 continet
2268 3074 2361 3133 de-

765 3171 978 3224 cretum
1004 3164 1153 3232 eius;
1177 3180 1330 3239 ergo.

851 3259 934 3314 lo.
965 3257 1164 3313 Contra
1185 3257 1328 3313 hanc
1353 3270 1483 3313 vero
1505 3257 1830 3314 sententiam
1854 3255 2017 3314 obiici
2040 3261 2224 3328 potest
2247 3256 2283 3313 l.
2299 3260 2356 3328 2,

763 3346 824 3402 C.
857 3344 924 3403 de
953 3345 1197 3418 legibus,
1233 3346 1325 3403 ubi
1355 3343 1692 3403 Theodosius
1724 3348 2021 3418 imperator
2050 3349 2155 3404 ait:
2201 3349 2363 3422 Quia

765 3451 840 3494 ex
865 3434 1282 3502 relationibus,
1326 3434 1416 3492 vel
1452 3435 1922 3512 suyqestionibus
1959 3433 2360 3494 iudicantium

758 3515 1096 3602 procerum}
1130 3523 1462 3584 introducto
1490 3530 1715 3599 neqotio
1745 3529 2067 3584 statuimus
2191 3543 2361 3600 qene-

763 3615 931 3674 ralia
956 3619 1100 3674 iura
1124 3633 1242 3673 non
1268 3619 1403 3674 siut.
1432 3615 1583 3676 Unde
1611 3617 1900 3674 conficitur
1939 3625 2354 3692 argumentum

767 3722 894 3762 nam
919 3705 1072 3778 illud,
1094 3706 1239 3780 quod
1269 3707 1526 3778 princeps
1555 3707 1836 3764 communi
1861 3707 2088 3764 consilio
2112 3706 2359 3765 iudican-

767 3799 926 3865 tium,
969 3811 1069 3852 seu
1109 3811 1405 3868 procerum
1447 3798 1663 3859 statuit,
1697 3796 1781 3853 vel
1821 3803 1908 3854 est
1947 3797 2239 3868 sententia,
2272 3799 2357 3856 vel

767 3887 1062 3962 plusquam
1087 3887 1372 3960 sententia,
1397 3892 1454 3943 et
1477 3892 1656 3944 tamen
1678 3885 1769 3944 illa
1791 3885 1994 3944 dicitur
2015 3903 2124 3944 non
2155 3887 2355 3946 habere

767 3978 880 4034 vim
904 3976 1176 4048 generalis
1217 3976 1374 4050 legis.
1405 3976 1802 4046 Confirmatur,
1835 3977 1962 4050 quia
1994 3978 2249 4050 princeps
2278 3979 2357 4035 se-

768 4065 936 4124 rendo
965 4066 1285 4122 sententiam
1323 4066 1377 4123 in
1404 4065 1722 4138 particulari
1759 4081 1928 4124 causa
1965 4082 2072 4124 non
2107 4067 2355 4142 fungitur

767 4172 990 4215 munere
1028 4157 1283 4230 principis
1325 4155 1558 4214 dicentis
1599 4159 1684 4214 ius
1728 4158 1826 4215 toti
1867 4157 2227 4234 reipublicae,
2256 4157 2352 4218 sed

765 4249 950 4320 potius
979 4245 1186 4304 munus'
1207 4248 1400 4317 privati
1427 4245 1624 4305 iudicis
1649 4248 1703 4304 in
1729 4263 1898 4305 causa
1923 4248 2261 4322 particulari,
2286 4249 2353 4305 de

769 4351 880 4411 qua
906 4342 1088 4410 potest
1111 4334 1360 4393 iudicare
1389 4335 1694 4393 seeundum
1715 4337 1994 4410 propriam
2015 4339 2349 4412 opinionem,

771 4443 879 4484 nou
921 4442 1053 4501 ergo
1091 4427 1274 4483 statim
1315 4425 1487 4499 legem
1527 4426 1738 4485 statuit.
1772 4427 1924 4486 Unde
1952 4428 2180 4486 Covarr.
2210 4430 2266 4485 in
2297 4431 2354 4502 4,

769 4533 825 4590 p.
866 4519 916 4590 1,
947 4533 1068 4591 cap.
1107 4518 1168 4588 7,
1197 4523 1222 4594 ξ
1251 4520 1314 4587 4,
1344 4532 1399 4572 n.
1439 4519 1523 4576 15.
1556 4515 1720 4590 dicit,
1752 4518 1856 4588 leg.
1891 4518 1992 4576 ult.
2025 4519 2085 4576 C.
2119 4518 2187 4576 de
2220 4518 2351 4592 legi-

769 4607 904 4678 bus,
935 4605 1328 4680 intelligendam
1357 4621 1479 4664 esse
1509 4605 1727 4681 quando
1758 4610 2045 4682 princeps,
2079 4609 2175 4684 qui
2202 4613 2354 4680 pote-

769 4702 964 4755 statem
995 4696 1156 4754 habet
1193 4695 1398 4754 serendi
1428 4696 1602 4770 legem
1639 4700 1925 4756 occasione
1955 4699 2191 4758 alicuius
2220 4712 2355 4755 con·

772 4789 1090 4858 troversiae,
1119 4802 1261 4861 quae
1290 4788 1427 4846 inter
1454 4789 1691 4862 privatos
1719 4789 2017 4864 contingit,
2054 4789 2231 4863 legem
2258 4787 2356 4846 ali-

771 4893 938 4952 quam
971 4880 1204 4954 eiusque
1241 4895 1465 4937 sensum
1490 4877 1722 4954 explicat
1741 4920 1756 4951 ,
1787 4886 1842 4938 et
1875 4881 2267 4954 interpretatur
2292 4894 2357 4936 ea

770 4975 970 5042 mente,
1005 4976 1068 5027 ut
1093 4969 1460 5043 interpretatio
1489 4972 1596 5028 vim
1623 4969 1756 5044 legis
1787 4971 2105 5029 universalis
2134 4970 2350 5029 habeat:

772 5075 880 5116 non
907 5070 1092 5118 autem
1120 5060 1418 5136 procedere
1445 5061 1777 5119 decisionem
1803 5061 1946 5119 illius
1970 5062 2123 5136 legis,
2149 5061 2194 5118 si
2224 5061 2355 5117 sim·

772 5151 984 5224 pliciter
1011 5168 1105 5209 rex
1129 5153 1214 5210 ius
1240 5150 1427 5210 dicens
1455 5152 1696 5227 privatis,
1722 5152 1962 5226 aliquam
1981 5151 2120 5210 serat
2138 5158 2355 5210 senten·

775 5241 925 5319 tiam,
968 5258 1142 5319 neque
1182 5243 1524 5320 significans,
1567 5259 1626 5301 se
1665 5241 1811 5303 illius
1850 5244 2355 5319 interpretationem

2223 317 2429 368 mmm
2467 319 2573 370 111.

2424 443 2733 519 generalem
2760 407 3091 517 tacerefnec
3118 461 3372 522 expresse
3400 447 3534 524 legis
3558 449 3725 508 verba
3744 449 4023 525 interpre-

2428 541 2569 608 tans,
2596 543 2661 594 ut
2680 534 2803 594 inde
2826 543 3042 598 constet
3064 537 3323 614 voluisse,
3346 541 3847 615 interpretationem
3866 543 4019 602 illam

2428 625 2560 700 legis
2602 626 2710 684 vim
2756 627 3019 686 obtinere.
3050 631 3227 703 Atque
3268 630 3343 688 ita
3380 630 3588 689 indicat
3624 633 4014 706 Covarruvias,

2426 715 2571 774 illam
2592 717 2767 791 legem
2792 718 3040 776 ultimam
3063 719 3460 794 intelligendam
3483 736 3603 780 esse
3626 721 3692 780 de
3716 725 4019 796 sententiis,

2426 823 2523 880 per
2544 823 2683 882 quas
2706 809 2962 883 princeps
2980 825 3241 884 expresse
3255 813 3647 884 interpretatur
3672 813 3911 888 aliquam
3940 815 4021 872 le-

2425 913 2571 971 gem,
2604 898 2797 972 utique
2826 915 2983 958 suam
3002 941 3017 970 ,
3048 901 3131 958 vel
3160 901 3457 974 inferioris,
3486 904 3648 960 cuius
3674 905 4005 978 interpreta-

2424 988 2501 1044 tio
2530 985 2595 1044 ad
2624 987 2805 1060 ipsum
2835 992 3129 1061 pertineat,
3161 998 3218 1049 et
3243 993 3321 1049 ita
3346 1006 3464 1050 esse
3496 993 3828 1052 limitandum
3858 1011 4017 1053 com-

2426 1092 2645 1136 munem
2666 1080 3194 1140 sententiam.Aliam
3218 1097 3349 1140 vero
3370 1081 3545 1156 legem
3566 1084 3869 1143 secundam
3892 1102 4023 1159 pro-

2426 1167 2621 1224 cedere
2646 1167 2713 1227 de
2735 1168 2848 1227 aliis
2872 1172 3153 1229 sententiis
3180 1171 3451 1245 omnibus,
3484 1189 3623 1248 quae
3653 1174 3817 1233 talem
3845 1179 4021 1234 inter·

2426 1257 2785 1328 pretationem
2825 1275 2933 1316 non
2974 1261 3289 1333 continent,
3320 1269 3378 1321 et
3406 1263 3479 1321 ita
3505 1265 3867 1324 conciliantur
3894 1267 4017 1325 illae

2426 1348 2594 1422 leges,
2624 1356 2682 1408 et
2707 1351 2940 1409 solvitur
2970 1354 3310 1411 confirmatio
3331 1354 3515 1413 addita
3533 1370 3599 1412 ex
3620 1359 3888 1414 sententia
3911 1357 4016 1416 hu-

2426 1439 2512 1496 ius
2541 1443 2804 1498 auctoris.
2836 1442 2970 1510 Quia
3001 1443 3221 1517 quando
3249 1445 3503 1518 prinecps
3542 1449 3876 1506 auctoritate
3916 1465 4021 1507 sua

2427 1528 2605 1604 legem
2642 1532 3069 1606 interpretatur,
3102 1550 3212 1592 nou
3240 1542 3325 1593 est
3351 1536 3512 1594 locus
3540 1537 3781 1610 privatae
3810 1539 4019 1612 opinio·

2428 1621 2512 1695 ni,
2555 1623 2685 1694 quia
2727 1623 2980 1696 princeps
3021 1632 3176 1683 certo
3218 1626 3321 1683 scit
3358 1643 3515 1684 suam
3553 1628 3940 1704 intentionem,
3966 1638 4028 1689 et

2426 1718 2685 1785 mentem,
2728 1728 2895 1786 quam
2935 1730 3035 1786 per
3075 1715 3239 1772 talem
3280 1717 3599 1775 sententiam
3638 1717 3904 1777 declarat.
3950 1723 4023 1779 Et

2426 1799 2548 1858 ideo
2574 1801 2663 1860 illa
2692 1803 3068 1875 interpretatio
3098 1805 3205 1862 vim
3236 1804 3399 1863 habet
3428 1807 3583 1881 legis,
3616 1821 3717 1865 seu
3742 1824 3773 1866 e
3799 1815 4025 1868 contra·

2426 1891 2506 1947 rio
2534 1890 2622 1949 lex
2660 1893 2735 1949 ita
2772 1891 3052 1951 declarata
3092 1894 3193 1952 iam
3236 1911 3345 1952 non
3386 1895 3611 1970 obligat,
3642 1913 3819 1974 neque
3860 1899 4027 1958 habet

2428 1982 2557 2054 vim,
2587 1983 2691 2039 nisi
2711 1983 2860 2040 iuxta
2881 1984 3303 2043 declarationem
3326 1985 3395 2044 ab
3416 1994 3647 2046 auctore
3673 1987 3877 2062 datam,
3892 1991 4025 2064 quia

2424 2073 2543 2130 eius
2570 2081 2659 2130 est
2685 2073 3029 2146 interpretari
3060 2075 3257 2151 legem,
3284 2077 3447 2134 cuius
3472 2083 3562 2134 est
3581 2076 3845 2151 condere,
3871 2087 3937 2138 ut
3966 2083 4025 2138 in

2426 2161 2615 2220 eadem
2651 2162 2690 2219 l.
2722 2164 2827 2220 ult.
2858 2163 3089 2236 dicitur,
3122 2171 3177 2222 et
3202 2168 3253 2222 in
3282 2165 3320 2222 Ι.
3352 2165 3507 2240 leqes
3542 2172 4015 2236 sacratissimae,

2427 2252 2554 2310 eod.
2586 2252 2815 2322 Quando
2858 2261 3043 2312 autem
3082 2255 3201 2313 talis
3246 2256 3621 2330 interpretatio
3660 2274 3917 2332 expresse
3956 2262 4021 2320 fit

2428 2360 2525 2417 per
2554 2347 2875 2403 sententiam
2903 2345 3141 2420 aliquam
3169 2348 3237 2405 ab
3254 2347 3448 2405 eodem
3476 2349 3778 2422 legislatore
3804 2350 4011 2423 datam,

2428 2435 2641 2493 etiamsi
2668 2437 2741 2494 sit
2768 2437 2821 2493 in
2848 2452 3018 2494 causa
3044 2439 3385 2510 particulari,
3408 2454 3633 2496 necesse
3660 2447 3747 2497 est
3766 2448 3831 2499 ut
3850 2457 4017 2516 gene·-

2426 2525 2615 2583 raliter
2641 2524 2884 2584 declaret
2910 2543 3133 2584 sensum
3162 2529 3315 2602 legis,
3344 2530 3473 2602 quia
3502 2546 3611 2587 non
3637 2537 3818 2603 potest
3844 2531 3927 2590 lex
3962 2533 4019 2590 in

2429 2633 2540 2674 uno
2570 2619 2783 2690 negotio
2812 2633 2985 2676 unum
3013 2635 3235 2677 sensum
3265 2617 3484 2698 habere,
3508 2626 3563 2678 et
3586 2621 3641 2677 in
3664 2621 3768 2680 alio
3792 2624 4017 2682 omnino

2428 2707 2589 2765 simili
2618 2723 2839 2765 sensum
2870 2709 3057 2782 alium,
3090 2707 3187 2768 sed
3218 2711 3381 2766 unius
3422 2709 3554 2785 legis
3596 2726 3741 2769 unus
3776 2721 3863 2769 est
3888 2713 4021 2788 legi-

2428 2798 2595 2856 timus
2620 2814 2816 2856 sensus
2835 2838 2850 2869 ,
2880 2805 2937 2856 et
2963 2799 3049 2856 ille
3080 2800 3311 2860 maxime
3340 2805 3445 2871 est,
3478 2816 3643 2874 quem
3671 2809 3869 2861 auctor
3894 2803 4018 2862 eius

2426 2886 2686 2946 declarat.

2504 2979 2609 3038 Sed
2630 2979 2760 3037 lieet
2782 2977 2916 3037 baec
2938 2981 3228 3054 expositio,
3254 2979 3435 3056 quoad
3463 2988 3673 3054 partem
3700 2981 3843 3042 lianc
3870 2985 4020 3043 affir-

2429 3078 2703 3142 mantem,
2744 3073 3067 3129 sententiam
3103 3073 3471 3152 continentem
3506 3074 4019 3147 interpretationem

2428 3161 2679 3234 propriae
2704 3160 2837 3236 legis
2865 3161 3063 3220 habere
3090 3162 3197 3219 vim
3228 3162 3381 3236 legis,
3414 3164 3725 3222 certissima
3750 3167 3845 3237 sit,
3876 3167 4013 3224 etin

2427 3250 2519 3308 illa
2546 3250 2662 3324 lege
2694 3251 2883 3309 ultima
2913 3257 3199 3326 contenta,
3232 3253 3577 3311 nihilominus
3604 3253 3825 3312 videtur
3852 3255 4017 3313 nimia

2428 3341 2671 3399 limitatio
2696 3341 2840 3399 illius
2862 3341 2995 3416 legis
3017 3349 3075 3400 et
3096 3343 3404 3401 communis
3426 3343 3713 3418 opinionis,
3728 3345 3773 3400 si
3788 3344 3861 3402 ad
3874 3346 4015 3404 hanc

2428 3431 2602 3489 solam
2632 3431 2948 3489 sententiam
2978 3434 3360 3506 restringatur.
3391 3433 3523 3502 Quia
3559 3444 3822 3493 auctores
3848 3451 4019 3510 gene-

2425 3521 2591 3580 ralius
2632 3521 2954 3595 loquuntur,
2984 3527 3039 3579 et
3064 3522 3243 3582 rerba
3283 3523 3418 3597 legis
3457 3523 3731 3597 generalia
3772 3533 3903 3583 sunt
3940 3525 4011 3584 de

2424 3613 2718 3684 sententia3
2750 3627 2875 3670 nam
2901 3612 2969 3670 de
2991 3612 3440 3686 interpretatione
3468 3613 3599 3688 legis
3628 3621 3820 3688 postea
3848 3634 4017 3692 agere

2424 3702 2632 3774 incipit.
2658 3701 2809 3761 Unde
2838 3703 2889 3758 in
2917 3701 3006 3759 illa
3034 3703 3196 3776 priori
3222 3710 3377 3776 parte
3404 3720 3511 3760 non
3542 3703 3810 3764 fundatur
3834 3707 3887 3765 in
3913 3724 4017 3766 au·-

2426 3793 2683 3849 ctoritate
2712 3791 3137 3865 interpretandi,
3168 3792 3265 3850 sed
3304 3792 3553 3852 absolute
3588 3795 3643 3850 in
3677 3797 4013 3856 auctoritate

2426 3882 2773 3942 decernendi.
2808 3882 3009 3940 Deinde
3036 3884 3269 3958 requirit
3294 3900 3495 3942 causae
3522 3887 3885 3958 cognitionem
3907 3927 3923 3960 ‚
3955 3898 4017 3947 et

2422 3975 2785 4046 praesentiam
2811 3976 3082 4048 partium,
3113 3989 3253 4048 quae
3294 3974 3474 4032 solent
3509 3989 3631 4033 esse
3668 3981 4015 4038 necessariae

2426 4063 2493 4122 ad
2521 4065 2883 4138 cognitionem
2910 4063 3060 4137 sacti,
3090 4081 3195 4122 non
3222 4063 3290 4122 ad
3316 4065 3449 4121 iuris
3476 4064 4001 4144 interpretationem

2422 4170 2547 4212 nam
2568 4155 2701 4212 haec
2723 4169 2894 4228 aeque
2914 4153 3050 4212 bene
3072 4153 3189 4212 dari
3210 4161 3399 4228 posset
3412 4155 3464 4212 in
3478 4155 3719 4214 absentia
3742 4161 4003 4232 partium,

2422 4251 2479 4302 et
2502 4244 2929 4318 independenter
2966 4261 2997 4302 a
3034 4244 3127 4302 tali
3169 4245 3251 4302 vel
3280 4245 3378 4303 tali
3414 4245 3589 4321 sacto,
3621 4247 3773 4322 quod
3812 4258 4011 4322 postea

2423 4350 2520 4406 per
2546 4334 2931 4407 particularem
2959 4334 3199 4393 iudicem
3226 4343 3405 4416 potest
3423 4336 3715 4395 examinari
3745 4337 3817 4396 ad
3836 4338 4009 4413 appli-

2422 4422 2651 4482 candam
2688 4424 2836 4482 sacto
2869 4425 3007 4482 iuris
3052 4425 3565 4499 interpretationem.
3599 4427 3825 4486 Accedit
3850 4429 4007 4504 quod

2421 4515 2612 4574 Glossa
2640 4515 2709 4572 ibi
2737 4516 2922 4588 potius
2952 4515 3216 4590 intelligit,
3249 4517 3422 4590 legem
3448 4515 3593 4574 illam
3622 4519 3923 4591 procedere
3950 4521 4005 4578 in

2424 4606 2508 4662 his
2537 4608 2723 4663 causis
2742 4647 2757 4676 ,
2788 4622 2931 4680 quae
2960 4622 3067 4663 non
3097 4611 3227 4664 sunt
3262 4605 3475 4664 decisae
3512 4623 3611 4680 per
3643 4607 3809 4682 leges.
3842 4613 4013 4668 Nam

2420 4699 2487 4754 in
2512 4695 2667 4765 aliis,
2704 4697 2900 4771 inquit,
2930 4695 3113 4770 leqem
3139 4702 3847 4774 servaremusscriptam.

2497 4786 2651 4847 Unde
2676 4785 2861 4845 eadem
2889 4787 3077 4845 Glossa
3116 4788 3167 4844 in
3192 4787 3339 4845 dicta
3365 4787 3401 4845 l.
3434 4793 3491 4847 2.
3514 4787 3792 4864 intelligit,
3826 4790 4007 4864 legem

2421 4876 2667 4935 ultimam
2695 4874 2993 4952 procedere
3036 4879 3091 4935 in
3120 4877 3370 4935 omnibus
3406 4879 3688 4936 sententiis
3708 4920 3725 4953 ,
3758 4896 3902 4955 quae
3931 4881 4015 4938 l'e·

2420 4974 2623 5026 runtur
2650 4968 2718 5025 ab
2747 4967 3072 5040 imperatore
3091 4967 3143 5024 in
3170 4982 3523 5042 quacumque
3557 4984 3750 5043 causa,
3774 4970 3864 5028 illa
3884 4986 4019 5028 exa·

2422 5064 2512 5117 cte
2558 5059 2807 5132 cognita,
2834 5063 2893 5115 et
2928 5059 3232 5115 examinata
3272 5059 3328 5114 in
3369 5059 3671 5131 praesentia
3718 5061 4015 5135 utriusque

2423 5149 2611 5223 partis,
2635 5155 2700 5206 ut
2725 5150 2780 5206 in
2802 5147 2995 5216 eadem
3024 5147 3141 5224 lege
3171 5162 3429 5222 expresse
3454 5156 3709 5224 cavetur,
3731 5155 3788 5207 et
3814 5165 4017 5209 conse-

2424 5245 2659 5316 quenter
2684 5239 2739 5298 in
2766 5239 3035 5299 sententia
3061 5237 3174 5298 lata
3200 5238 3381 5302 solum
3404 5239 3462 5298 in
3488 5239 3540 5298 vi
3562 5240 3695 5300 iuris
3712 5280 3730 5317 ,
3757 5239 3911 5316 quod
3936 5251 4009 5302 ex
