4325 6267
1899 335 2109 384 CAPUT
2139 336 2209 382 Χ.

385 467 482 532 get
531 473 820 530 personam
864 458 1228 532 singularem,
1271 459 1448 516 donec
1490 463 1814 530 revocetur3
1864 472 1997 530 ergo

383 549 550 606 etiam
586 550 641 605 in
675 549 976 621 principem
1005 547 1286 606 transtulit
1312 547 1452 604 banc
1481 552 1836 620 potestatem3
1867 561 1998 618 ergo

383 645 568 708 potest
595 638 855 710 princeps
886 637 992 694 boc
1022 636 1185 692 modo
1212 637 1490 709 singulare
1514 641 1870 708 praeceptum
1901 636 1999 690 im-

385 741 620 798 ponere,
649 741 784 799 ergo
813 725 1110 782 differentia
1131 725 1220 781 illa
1245 741 1354 781 non
1377 726 1628 798 provenit
1649 741 1714 781 ex
1733 739 1824 796 eo,
1847 723 1996 796 quod

385 820 752 884 praeceptum
791 814 862 870 sit
889 813 1182 886 singulare,
1215 814 1297 870 vel
1326 829 1653 884 commune,
1686 813 1784 869 scd
1813 829 1878 869 ex
1905 827 1996 884 eo,

385 901 540 974 quod
581 901 708 957 licet
751 903 820 958 sit
857 917 1182 976 commune,
1213 902 1384 958 fertur
1413 911 1510 958 aut
1539 918 1635 974 per
1665 900 1887 958 modum
1919 900 1996 956 le-

384 989 496 1063 gis,
529 996 624 1046 aut
650 1005 752 1062 per
778 989 1004 1047 modum
1035 989 1336 1062 personalis
1365 992 1665 1062 praecepti.

467 1078 898 1151 Declaraturque
925 1077 1030 1135 boc
1059 1077 1294 1150 amplius
1313 1120 1328 1149 ,
1362 1081 1490 1151 quia
1520 1079 1606 1135 vel
1635 1077 1913 1150 loquimur
1931 1075 2000 1133 de

391 1167 642 1239 principe
667 1167 898 1224 habente
929 1173 1256 1237 potestatem
1285 1165 1556 1223 condendi
1587 1166 1786 1239 legem,
1815 1165 1898 1222 vel
1929 1164 1998 1222 de

391 1253 634 1312 inferiori
663 1255 931 1326 praelato,
957 1254 1041 1310 vel
1073 1255 1442 1326 gubernatore
1461 1294 1476 1324 ,
1506 1255 1600 1327 qui
1631 1260 1812 1326 potest
1843 1269 1996 1325 prae-

389 1350 554 1416 cepta
581 1343 747 1413 serre,
777 1359 886 1400 non
916 1357 1043 1399 vero
1073 1344 1244 1416 legem
1275 1351 1542 1402 statuere.
1572 1347 1647 1402 De
1672 1345 1844 1416 priori
1865 1359 1996 1399 con·

397 1438 543 1503 stat,
586 1431 734 1504 quod
773 1431 903 1488 licet
931 1433 1104 1502 possit
1131 1429 1308 1505 legem
1337 1431 1598 1504 condere,
1629 1436 1813 1504 potest
1835 1432 2000 1487 etiam

391 1522 712 1592 praecipere
753 1520 1167 1593 communitati,
1211 1537 1318 1576 non
1360 1520 1651 1578 condendo
1691 1519 1876 1593 leges,
1906 1520 2001 1592 qui

393 1609 510 1666 duo
543 1609 689 1665 modi
719 1609 1085 1680 praecipiendi
1107 1625 1213 1664 non
1239 1616 1471 1681 possunt
1491 1610 1686 1667 melius
1709 1609 1996 1682 distingui,

393 1713 568 1772 quam
601 1701 653 1754 in
683 1699 963 1770 praedicta
993 1699 1370 1770 perpetuitate.
1402 1701 1538 1755 Nam
1561 1715 1694 1755 cum
1715 1705 1998 1756 ostensum

395 1788 498 1858 sit,
541 1803 638 1859 per
676 1788 852 1859 legem
879 1801 1040 1858 posse
1068 1787 1268 1858 imponi
1290 1787 1697 1861 obligationem,
1731 1803 1872 1861 quae
1900 1786 2000 1842 du-

395 1883 485 1932 ret
509 1881 636 1947 post
657 1883 888 1933 mortem
911 1877 1317 1949 praecipientis,
1341 1882 1399 1934 et
1417 1878 1567 1934 hunc
1593 1876 1818 1934 modum
1839 1892 1999 1948 prae·

397 1963 632 2036 cipiendi
671 1980 795 2022 esse
833 1967 1067 2022 maxime
1103 1968 1515 2024 convenientem
1546 1968 1791 2040 regimini
1822 1967 2005 2038 reipu-

398 2052 576 2110 blicae
614 2061 672 2111 et
715 2055 967 2126 potestati
1016 2053 1377 2127 legislativae,
1430 2061 1579 2112 recte
1625 2055 1716 2124 tit,
1757 2056 2002 2127 quoties-

397 2157 640 2215 cumque
683 2145 936 2215 princeps
982 2142 1226 2199 declarat
1265 2144 1578 2215 simpliciter
1627 2159 1686 2200 se
1735 2149 2000 2216 statuere,

401 2231 486 2288 vel
515 2231 754 2288 condere
785 2232 979 2304 legem,
1013 2247 1215 2303 ponere
1246 2237 1598 2304 praeceptum
1627 2233 1703 2288 ita
1730 2230 2002 2302 durabile,

397 2336 468 2377 ac
498 2319 730 2378 subinde
761 2321 862 2377 tale
902 2328 1256 2393 praeceptum
1285 2321 1570 2394 significari
1601 2321 1815 2377 nomine
1845 2320 1999 2392 legis.

404 2413 476 2466 At
503 2425 631 2465 vero
669 2407 890 2482 quando
922 2415 1134 2466 tantum
1163 2409 1426 2482 praecipit
1449 2424 1560 2466 nen
1591 2408 1902 2477 statuendo,
1934 2408 2006 2464 si-

402 2511 572 2569 gnum
601 2503 710 2569 est,
741 2513 849 2553 non
878 2512 980 2568 pro
1009 2497 1210 2554 suturis
1240 2499 1600 2570 temporibus,
1631 2497 1724 2553 sed
1749 2513 1848 2568 pro
1872 2505 2005 2554 tem·

405 2602 539 2659 pore
564 2587 840 2659 praesenti
873 2601 972 2643 seu
1013 2602 1112 2657 pro
1153 2592 1397 2658 tempore
1434 2585 1842 2659 gubernationis
1873 2601 2004 2643 suae

405 2677 748 2748 praecipere,
775 2690 879 2732 nec
907 2675 988 2733 uti
1017 2676 1233 2748 propria
1264 2683 1532 2746 potestate
1558 2675 1878 2750 legislativa,
1909 2674 2004 2732 sed

407 2770 622 2820 tantum
645 2763 1025 2836 praeceptiva3
1047 2768 1106 2819 et
1125 2763 1246 2820 ideo
1269 2770 1420 2820 recte
1441 2771 1702 2822 censetur
1723 2764 1828 2821 boc
1851 2781 2006 2837 prae-

405 2859 632 2922 ceptum
657 2853 910 2922 expirare
933 2858 1110 2908 morte
1131 2853 1530 2924 praecipientis.
1561 2853 1714 2911 Unde
1738 2869 1768 2908 a
1793 2853 2007 2909 fortiori

407 2939 552 2996 idern
590 2939 916 3012 generaliter
943 2946 1026 2996 est
1061 2939 1127 2995 de
1157 2946 1450 3012 praecepto
1479 2943 1622 3012 eius,
1652 2942 1746 3014 qui
1775 2957 1882 2997 non
1914 2942 2004 2997 ha·

405 3031 500 3085 bet
533 3026 806 3084 statuendi
849 3033 1201 3098 potestatem,
1232 3031 1356 3101 quia
1398 3030 1449 3084 in
1481 3029 1568 3084 illo
1598 3045 1704 3084 non
1733 3028 1912 3086 solum
1939 3045 2006 3086 ex

399 3116 717 3186 voluntate,
749 3115 843 3172 sed
873 3117 1032 3173 etiam
1061 3132 1127 3173 ex
1155 3113 1374 3174 defectu
1405 3118 1691 3188 potestatis
1711 3118 2006 3189 provenire

405 3205 651 3274 videtur,
681 3211 746 3261 ut
773 3209 1128 3276 praeceptum
1157 3206 1274 3261 eius
1300 3206 1656 3279 extinguatur
1678 3222 1806 3262 cum
1833 3215 2008 3263 morte

400 3295 552 3365 eius,
585 3293 666 3350 vel
696 3309 828 3351 cum
857 3292 1122 3349 ablatione
1151 3308 1182 3348 a
1211 3309 1468 3365 munere3
1499 3310 1624 3350 nam
1657 3294 1760 3351 hoc
1785 3294 2008 3366 perinde

405 3389 723 3454 reputatur,
757 3387 818 3438 ut
845 3381 898 3438 in
927 3381 1152 3439 materia
1179 3382 1248 3438 de
1275 3385 1527 3438 censuris
1557 3382 1684 3438 dixi.
1720 3385 1906 3440 Posset
1929 3389 2009 3438 ta-

407 3485 534 3526 men
561 3469 789 3527 dubium
820 3469 1044 3542 moveri,
1075 3485 1144 3526 an
1175 3474 1220 3526 si
1247 3470 1365 3527 talis
1389 3474 1639 3543 superior
1661 3472 1786 3527 velit
1809 3471 2010 3545 aliquid

409 3559 762 3630 praecipere,
815 3574 947 3614 cum
992 3557 1356 3618 declaratione
1412 3576 1701 3632 expressa,
1751 3569 1816 3618 ut
1853 3562 2014 3618 duret

412 3655 770 3720 praeceptum
803 3648 967 3703 etiam
991 3653 1119 3718 post
1143 3656 1375 3704 mortem
1393 3689 1408 3718 ,
1431 3648 1604 3706 donec
1625 3665 1656 3705 a
1685 3665 2012 3706 successore

408 3743 742 3804 revocetur,
773 3734 952 3792 valeat
988 3734 1292 3807 dispositio.
1338 3737 1445 3794 Sed
1475 3737 1581 3794 boc
1609 3753 1716 3793 non
1751 3737 1917 3795 refert
1945 3737 2010 3794 ad

407 3840 708 3898 praesens,
750 3830 804 3880 et
845 3822 966 3881 ideo
995 3824 1045 3879 in
1075 3823 1240 3880 alium
1273 3825 1459 3881 locum
1487 3823 1619 3881 illud
1663 3826 2009 3900 remittimus3

411 3915 547 3969 satis
583 3913 730 3969 enim
769 3912 925 3968 nobis
961 3918 1076 3984 est,
1113 3912 1265 3985 quod
1299 3914 1420 3969 iure
1461 3912 1738 3969 ordinario
1777 3921 1834 3970 et
1863 3931 2015 3971 com-

411 4004 566 4058 muni
608 4007 972 4073 praeceptum
1015 4000 1332 4073 simpliciter
1374 4001 1567 4075 latum,
1599 4017 1628 4058 a
1658 4018 2014 4076 quocumque

413 4091 647 4160 seratur,
690 4106 795 4146 non
840 4089 1002 4146 habet
1043 4090 1418 4164 stabilitatem,
1448 4098 1502 4149 et
1529 4092 1677 4164 quod
1707 4093 1759 4147 in
1793 4091 1896 4149 hac
1930 4094 2013 4150 lex

413 4186 643 4251 superat
667 4179 955 4251 personale
985 4184 1361 4251 praeceptum.

489 4270 610 4325 Huc
645 4269 806 4324 etiam
849 4273 1064 4340 spectat
1093 4268 1316 4340 vulgare
1342 4269 1581 4340 axioma,
1613 4270 1764 4342 quod
1795 4268 2015 4326 manda-

419 4365 542 4414 tum
574 4359 750 4429 spirat
779 4361 956 4412 morte
981 4355 1287 4413 mandantis
1311 4343 1748 4424 l.'mandatum,
1779 4358 1840 4414 C.
1869 4373 2020 4414 man·

414 4447 550 4518 dati,
575 4461 697 4517 cap.
727 4448 997 4511 Gratum,
1028 4459 1152 4515 cap.
1179 4443 1482 4510 Relatum,
1509 4443 1578 4501 de
1597 4445 1749 4502 offic.
1779 4445 2012 4519 delegat.

415 4551 542 4608 cap.
589 4536 763 4591 ultim.
811 4548 956 4590 vers.
1003 4548 1168 4589 secus
1207 4538 1438 4600 autem,
1489 4532 1557 4590 de
1585 4533 1738 4590 offic.
1770 4533 1933 4606 legat.
1965 4541 2022 4592 et

413 4626 670 4680 doctores
699 4621 1069 4678 communiter
1100 4620 1182 4676 bis
1212 4621 1375 4692 locis,
1403 4623 1632 4678 Covarr.
1667 4622 1821 4679 rubr.
1844 4622 1914 4679 de
1942 4629 2022 4680 te-

417 4719 580 4768 stam.
605 4727 661 4783 p.
689 4716 743 4780 3,
770 4726 921 4765 num.
953 4714 1008 4780 3,
1032 4714 1088 4765 et
1110 4709 1441 4766 summistae
1462 4712 1830 4767 communiter
1851 4712 2017 4768 verbo

415 4799 807 4858 mandatum.
840 4801 996 4872 Haec,
1018 4803 1202 4855 autem
1231 4814 1336 4855 vox
1365 4799 1414 4854 in
1446 4797 1534 4854 illo
1563 4797 1832 4856 axiomate
1854 4800 2021 4856 sumi-

419 4897 510 4946 tur
539 4905 640 4960 pro
673 4888 944 4960 personali
976 4886 1251 4960 mandato,
1276 4902 1380 4942 non
1409 4901 1510 4958 pro
1533 4885 1668 4959 lege.
1693 4888 1806 4943 lmo
1829 4888 2022 4944 adver·

419 4979 486 5035 tit
525 4977 762 5052 sylvest.
809 4976 865 5032 d.
907 4990 965 5047 q.
1001 4978 1065 5044 3,
1097 4990 1200 5030 non
1239 4975 1416 5046 accipi
1451 4974 1526 5030 ibi
1569 4974 1888 5033 mandatum
1919 4992 2020 5048 pro

419 5069 712 5139 praecepto
737 5063 1052 5135 simpliciter
1075 5063 1342 5136 obligante
1368 5062 1435 5119 ad
1455 5063 1658 5137 aliquid
1683 5064 2017 5138 iaciendum,

419 5153 514 5210 sed
549 5168 650 5226 pro
676 5152 1015 5224 delegatione
1047 5151 1468 5224 iurisdictionis3
1501 5153 1699 5210 namin
1723 5163 2018 5229 praecepto

3498 319 3579 380 45

2068 472 2205 528 pure
2242 462 2297 513 et
2338 457 2555 528 proprie
2596 456 2745 514 dicto
2783 458 3099 530 simpliciter
3124 464 3181 515 et
3208 459 3323 514 sine
3354 457 3668 517 limitatione

2069 560 2263 601 verum
2292 551 2376 600 est
2402 561 2619 604 cessare
2642 561 2738 616 per
2760 555 2995 603 mortem
3017 547 3415 620 praecipientis3
3440 549 3493 604 in
3518 565 3667 606 man-

2067 632 2197 689 dato
2231 641 2413 689 autem
2438 631 2659 690 additur
2680 634 2733 690 in
2756 635 2872 691 iure
2896 634 3163 706 limitatio,
3186 638 3238 692 si
3256 633 3563 706 ressuent
3582 640 3670 694 iu-

2067 725 2269 794 teqra,·
2309 737 2433 777 nam
2473 722 2519 776 si
2562 721 2728 778 suerit
2757 721 3009 779 inchoata
3030 765 3045 794 ,
3075 724 3321 780 firmatur
3346 724 3666 796 iurisdictio,

2069 817 2132 866 ut
2160 810 2325 865 duret
2358 811 2523 866 etiam
2562 817 2688 881 post
2720 818 2951 868 mortem
2984 813 3309 870 mandantis.
3340 813 3493 882 Quod
3522 821 3670 872 recte

2069 898 2511 955 animadversum
2532 907 2639 970 est,
2658 917 2767 956 non
2784 907 2869 956 est
2892 908 3071 959 tamen
3094 903 3491 960 coarctandum
3516 920 3668 960 man·

2068 988 2259 1045 datum
2302 986 2369 1043 ad
2412 989 2853 1045 commissionem
2905 1007 3006 1047 seu
3053 990 3443 1064 delegationem
3498 993 3669 1050 solius

2067 1075 2463 1133 iurisdictionis
2499 1077 2716 1148 proprie
2743 1077 2957 1151 dictae3
2990 1095 3115 1136 uam
3143 1081 3305 1138 etiam
3336 1081 3499 1138 habet
3524 1080 3670 1138 dicta

2069 1164 2260 1237 regula
2292 1163 2477 1221 locum
2508 1165 2557 1220 in
2590 1166 2844 1224 mandato
2876 1168 3242 1242 procurandi,
3272 1170 3540 1240 donandi,
3570 1186 3669 1226 seu

2067 1253 2259 1325 agendi
2296 1253 2499 1325 aliquid
2536 1257 2755 1311 nomine
2796 1256 3054 1328 alterius,
3096 1263 3161 1314 ut
3188 1263 3407 1314 constat
3432 1274 3497 1316 ex
3524 1258 3671 1316 dicta

2071 1342 2107 1398 l.
2141 1340 2519 1408 victuriacum,
2554 1348 2609 1399 et
2635 1359 2699 1400 ex
2729 1343 2765 1400 l.
2798 1349 2865 1416 2,
2898 1352 2931 1411 s
2960 1343 3063 1402 sed
3088 1348 3292 1418 siquis,
3328 1353 3386 1403 et
3410 1363 3479 1403 ex
3503 1346 3539 1403 l.
3568 1347 3674 1404 ab·

2068 1432 2239 1496 senti,
2276 1431 2329 1486 ff.
2360 1428 2428 1486 de
2455 1430 2643 1488 donat.
2672 1436 2724 1488 et
2755 1434 2806 1488 in
2832 1439 3023 1489 nostro
3049 1449 3217 1506 regno
3240 1435 3291 1490 in
3316 1434 3354 1490 l.
3380 1439 3477 1506 23,
3503 1436 3583 1491 tit.
3613 1440 3667 1502 5,

2067 1527 2213 1590 part.
2248 1524 2310 1590 3,
2340 1527 2396 1576 et
2424 1525 2611 1576 notant
2640 1521 2937 1579 reserentes
2964 1523 3101 1580 alios
3133 1522 3320 1595 plures
3352 1523 3579 1582 Covarr.
3616 1525 3671 1578 in

2071 1608 2227 1664 rubr.
2260 1607 2329 1664 de
2360 1612 2599 1665 matrim.
2633 1626 2688 1681 p.
2719 1615 2777 1680 3,
2807 1627 2961 1667 num.
3003 1617 3090 1684 13,
3120 1619 3177 1668 et
3203 1615 3328 1671 Ant.
3357 1613 3555 1671 Gomez
3576 1612 3668 1669 lib.

2069 1701 2126 1754 2.
2158 1697 2358 1752 variar.
2393 1713 2446 1752 c.
2483 1702 2538 1768 -i,
2572 1715 2626 1754 n.
2662 1703 2715 1755 3.
2749 1698 2855 1755 Sed
2883 1698 2951 1755 de
2980 1699 3085 1756 boc
3116 1700 3272 1757 alias.

2157 1791 2242 1844 tt.
2272 1785 2528 1842 Secunda
2557 1788 2894 1859 perpetuitas
2924 1788 3053 1861 legis
3083 1795 3170 1846 est
3194 1806 3261 1846 ex
3281 1795 3435 1862 parte
3455 1804 3671 1859 eorum,

2071 1873 2139 1931 ad
2172 1889 2315 1947 quos
2359 1874 2533 1931 fertur
2557 1917 2571 1945 ,
2602 1877 2727 1948 quia
2770 1892 2875 1940 non
2906 1877 3082 1933 solum
3112 1883 3423 1948 praesentes
3448 1877 3671 1950 obligat,

2069 1964 2168 2020 sed
2206 1964 2373 2019 etiam
2412 1963 2670 2035 futuros,
2714 1965 2899 2022 statim
2941 1982 3005 2022 ac
3044 1967 3313 2039 incipiunt
3340 1983 3462 2023 esse
3490 1973 3675 2038 partes

2071 2051 2216 2109 illius
2253 2053 2688 2124 communitatis,
2722 2055 2815 2110 cui
2845 2055 2929 2111 lex
2956 2057 3207 2126 imposita
3236 2063 3340 2114 est.
3369 2057 3517 2123 Quae
3547 2069 3675 2126 pars

2071 2143 2237 2197 ctiam
2267 2143 2509 2198 sumitur
2536 2158 2605 2198 ex
2634 2143 2812 2198 Gloss.
2845 2145 3035 2200 lnnoe.
3070 2147 3363 2201 Panormit.
3396 2151 3452 2201 et
3478 2143 3596 2202 aliis
3622 2144 3675 2200 in

2069 2228 2129 2285 d.
2165 2245 2293 2301 cap.
2325 2237 2378 2286 A
2402 2229 2572 2287 nobis
2608 2234 2626 2286 1
2654 2273 2667 2302 ,
2698 2229 2767 2288 de
2794 2238 3027 2288 sentent.
3060 2248 3413 2290 excommun.
3442 2239 3498 2290 et
3524 2237 3676 2290 notat

2072 2319 2267 2376 Covar.
2298 2320 2352 2374 in
2383 2334 2436 2375 c.
2470 2317 2673 2385 Alma,
2710 2335 2766 2391 p.
2810 2325 2858 2392 1,
2888 2320 2913 2389 fl
2948 2326 3035 2392 to,
3066 2336 3121 2375 n.
3148 2325 3206 2392 2,
3240 2321 3331 2378 ubi
3356 2322 3521 2380 etiam
3544 2335 3675 2376 con-

2073 2409 2258 2465 stituit
2283 2409 2637 2466 differentiam
2670 2408 2721 2464 in
2750 2409 2855 2466 boc
2886 2410 3027 2466 inter
3056 2410 3678 2468 excommunicationem

2075 2499 2242 2555 latam
2273 2513 2371 2570 per
2398 2499 2709 2571 generalem
2734 2499 3077 2570 sententiam,
3102 2514 3245 2572 quae
3266 2499 3373 2555 vim
3396 2498 3557 2555 babet
3576 2513 3679 2554 cu·

2075 2587 2289 2645 iusdam
2322 2587 2625 2658 praecepti,
2656 2594 2711 2644 et
2737 2588 2905 2644 latam
2929 2602 3028 2659 per
3048 2593 3317 2644 statutum
3348 2603 3445 2644 seu
3474 2587 3673 2660 legem,

2075 2674 2227 2749 quod
2270 2677 2421 2748 prior
2449 2682 2663 2734 tantum
2700 2675 3111 2747 comprehendit
3134 2692 3261 2748 eos,
3292 2676 3387 2748 qui
3414 2677 3517 2731 iam
3546 2681 3679 2731 sunt

2076 2765 2305 2834 subditi,
2352 2763 2574 2838 quando
2616 2769 2969 2838 praeceptum
3012 2767 3217 2836 fertur,
3248 2765 3519 2838 posterior
3544 2778 3701 2820 vero·

2075 2869 2297 2920 omnes,
2340 2853 2435 2925 qui
2477 2853 2528 2908 in
2566 2853 2817 2910 futurum
2846 2855 3116 2926 incipiunt
3142 2869 3265 2910 esse
3294 2853 3521 2924 subditi,
3551 2852 3679 2925 quia

2076 2943 2162 2999 lex
2195 2940 2395 3014 obligat
2423 2957 2633 3010 omnes,
2666 2948 2720 2998 et
2750 2943 2824 2998 ita
2842 2944 2898 2999 in
2920 2942 3023 2998 hac
3047 2949 3200 3014 parte
3223 2940 3383 2999 habet
3406 2941 3680 3012 perpetui-

2077 3039 2269 3089 tatem.
2314 3033 2466 3099 Quae
2506 3031 2807 3088 diflerentia
2849 3048 2982 3087 sano
3028 3031 3187 3088 modo
3226 3030 3567 3103 intelligenda
3594 3034 3680 3085 est

2075 3119 2260 3192 quoad
2290 3119 2593 3175 absolutam
2624 3118 2986 3191 durationem,
3016 3121 3179 3176 etiam
3202 3126 3327 3191 post
3348 3125 3583 3176 mortem
3603 3118 3679 3173 l'e-

2077 3208 2249 3264 rentis
2276 3207 2631 3278 sententiam3
2666 3223 2795 3263 nam
2826 3223 2926 3279 pro
2958 3214 3223 3280 tempore,
3255 3222 3353 3279 pro
3384 3223 3495 3280 quo
3516 3205 3680 3262 durat

2077 3296 2351 3369 generalis
2392 3297 2665 3358 sententia
2703 3297 2757 3351 in
2800 3311 2901 3352 sua
2942 3297 3028 3365 vi,
3070 3296 3231 3352 etiam
3274 3295 3479 3366 obligat
3510 3309 3681 3350 novos

2079 3384 2358 3452 subditos,
2392 3390 2457 3440 ut
2482 3383 2591 3440 dixi
2621 3385 2677 3438 in
2710 3388 2761 3440 5.
2785 3390 2935 3441 tomo
2956 3382 3028 3439 de
3055 3385 3308 3440 Censur.
3340 3383 3481 3453 disp.
3511 3387 3565 3454 5,
3597 3397 3684 3437 se-

2081 3479 2161 3530 ct.
2200 3480 2257 3544 5,
2288 3489 2345 3529 n.
2378 3476 2431 3530 9.
2462 3471 2649 3529 Solum
2677 3487 2811 3543 ergo
2841 3477 3017 3543 potest
3042 3487 3161 3528 esse
3183 3470 3483 3528 differentia
3502 3470 3685 3543 quoad

2081 3562 2342 3618 maiorem
2364 3559 2821 3631 indipendentiam
2846 3559 3001 3633 legis,
3018 3575 3161 3633 quae
3182 3559 3427 3616 nascitur
3440 3574 3503 3615 ex
3522 3557 3683 3631 priori

2082 3650 2475 3721 perpetuitate3
2520 3649 2651 3704 satis
2690 3663 2823 3722 ergo
2863 3655 2983 3721 est,
3026 3648 3176 3721 quod
3208 3649 3343 3705 haec
3376 3649 3684 3720 proprietas

2082 3737 2376 3812 perfectius
2414 3742 2470 3793 et
2496 3735 2743 3792 stabilius
2774 3737 2878 3809 legi
2908 3739 3183 3793 convenit.
3213 3735 3369 3806 Quod
3397 3742 3685 3808 praeterea

2083 3825 2297 3882 ostendi
2336 3831 2521 3898 potest
2548 3824 2829 3880 manifesta
2862 3824 3203 3896 inductione,
3240 3828 3369 3899 quia
3396 3839 3582 3882 omnes
3612 3824 3687 3880 le-

2083 3931 2181 3987 ges
2214 3915 2477 3987 positivae
2506 3913 2811 3986 Ecclesiae,
2842 3920 2900 3971 et
2927 3930 3245 3988 regnorum,
3276 3922 3331 3972 et
3358 3915 3531 3971 civilis
3553 3913 3686 3970 iuris

2085 4003 2155 4059 ita
2186 3987 2447 4075 obligant,
2481 4018 2809 4081 semperque
2837 4003 3165 4074 obligarunt.
3197 4005 3353 4061 Ratio
3374 4010 3557 4060 autem
3579 4004 3683 4070 est,

2085 4095 2264 4164 primo
2297 4093 2427 4164 quia
2452 4090 2535 4147 lex
2556 4090 2735 4147 fertur
2756 4091 3143 4163 prospiciendo
3165 4092 3233 4148 ad
3255 4093 3465 4161 lutura,
3490 4095 3546 4146 et
3566 4087 3685 4144 ideo

2085 4196 2193 4236 non
2238 4187 2451 4236 tanturn
2495 4179 2697 4252 obligat
2738 4188 3083 4252 praesentes,
3126 4181 3220 4237 sed
3250 4183 3413 4239 etiam
3443 4181 3683 4238 futuros.

2086 4267 2343 4326 Secundo
2373 4268 2457 4324 lex
2480 4267 2691 4324 directe
2714 4268 2886 4324 l'ertur
2904 4268 2957 4324 in
2981 4271 3454 4340 communitatem,
3478 4277 3535 4326 et
3554 4284 3689 4326 con-

2089 4363 2382 4431 sequenter
2419 4357 2621 4428 obligat
2648 4358 2890 4413 membra
2917 4357 3069 4429 eius,
3105 4359 3469 4414 communitas
3502 4365 3685 4415 autem

2087 4453 2357 4518 perpetua
2384 4455 2499 4516 est,
2539 4453 2591 4501 et
2618 4461 2834 4517 semper
2856 4453 2945 4502 est
2970 4445 3182 4519 eadem,
3216 4446 3346 4503 licet
3372 4448 3685 4504 successive

2089 4536 2333 4591 membra
2371 4535 2490 4589 eius
2532 4535 2843 4606 varientur,
2874 4534 2957 4590 vel
2996 4542 3336 4608 augeantur,
3366 4543 3421 4592 et
3448 4534 3571 4592 ideo
3604 4537 3689 4594 lex

2089 4626 2253 4680 etiam
2281 4621 2543 4695 quamdiu
2572 4621 2762 4694 durat,
2785 4629 2843 4679 et
2864 4639 2973 4679 non
2995 4630 3317 4693 revocatur,
3340 4629 3509 4681 totam
3532 4641 3689 4681 com-

2089 4712 2409 4769 munitatem
2433 4709 2658 4783 obligat,
2684 4719 2741 4767 et
2761 4725 2949 4767 omnes
2972 4717 3153 4783 partes
3172 4713 3312 4769 eius.
3340 4714 3541 4784 Tertio,
3559 4714 3688 4785 quia

2087 4803 2183 4876 qui
2224 4800 2404 4857 denuo
2446 4799 2691 4856 nascitur
2722 4799 2773 4855 in
2810 4799 2989 4872 aliqua
3019 4803 3445 4871 communitate,
3476 4817 3543 4858 eo
3571 4802 3688 4874 ipso

2090 4893 2339 4948 nascitur
2363 4889 2615 4946 subditus
2640 4887 2847 4960 legibus
2869 4889 3011 4954 eius,
3038 4896 3094 4945 et
3114 4889 3364 4947 similiter
3384 4891 3477 4962 qui
3502 4889 3685 4948 denuo

2091 4981 2163 5038 illi
2204 4977 2507 5036 voluntarie
2552 4984 2917 5052 aggregatur,
2962 4977 3257 5034 subiicitur
3297 4978 3509 5051 legibus
3542 4979 3683 5050 eius,

2089 5068 2218 5141 quia
2259 5067 2325 5124 de
2364 5066 2575 5123 ratione
2618 5065 2787 5137 partis
2828 5071 2943 5138 est,
2976 5071 3040 5122 ut
3062 5067 3445 5124 conformetur
3474 5067 3602 5140 toti,
3630 5074 3689 5124 et

2092 5157 2228 5213 baec
2270 5153 2505 5214 conditio
2548 5154 2707 5227 quasi
2744 5153 2981 5212 naturali
3013 5156 3134 5212 iure
3162 5161 3247 5212 est
3276 5154 3487 5212 inclusa
3514 5155 3564 5211 in
3594 5155 3686 5213 tali
