4325 6267
1811 298 2020 348 CAPUT
2050 299 2140 346 vr.
3457 281 3536 341 25
3626 267 3633 275 ’

337 435 386 490 si
425 433 550 504 fiat,
595 439 729 490 tunc
770 428 1135 486 communitas
1172 441 1230 482 se
1264 431 1448 499 geret,
1483 431 1544 481 ut
1584 421 1930 495 particularis

333 538 596 595 persona,
617 527 675 578 et
693 518 816 577 inde
839 521 1001 575 etiam
1022 515 1398 586 concluditur,
1421 515 1598 588 legem
1621 529 1782 586 posse
1807 511 1938 568 ferri

335 611 404 668 ad
435 627 602 668 unam
632 617 848 666 tantum
879 623 1200 680 personam,
1234 603 1278 660 si
1314 620 1443 661 vero
1483 603 1700 660 dicatur
1736 617 1934 658 secun-

339 701 500 769 dum,
532 698 656 756 inde
681 699 844 756 etiam
876 697 1128 763 insertur,
1161 710 1320 766 posse
1345 692 1520 767 legem
1551 709 1650 765 pro
1679 707 1788 748 uno
1819 696 1933 746 tan-

335 797 458 847 tum
499 790 627 846 terri
647 828 663 860 ,
695 789 738 844 si
767 785 839 843 illi
867 783 1142 857 expediat,
1173 790 1232 839 et
1259 799 1358 855 pro
1387 783 1473 839 illo
1506 788 1716 838 tantum
1746 794 1935 834 neces-

339 881 486 936 saria
513 880 602 936 sit.

419 973 472 1026 5.
503 969 648 1024 Haec
684 965 1054 1022 controversia
1097 971 1275 1037 potest
1317 963 1556 1020 multum
1597 961 1830 1033 pendere
1870 976 1936 1016 ex

339 1075 452 1114 usu
480 1058 654 1113 vocis.
685 1041 1043 1112 Nihilominus
1073 1054 1387 1126 simpliciter
1415 1051 1706 1109 dicendum
1736 1057 1840 1122 est,
1871 1050 1939 1105 de

334 1146 549 1204 ratione
578 1146 732 1219 legis,
767 1150 830 1200 ut
856 1143 960 1200 hoc
985 1144 1199 1200 nomine
1229 1143 1588 1216 significatur,
1616 1157 1757 1211 esse,
1789 1147 1852 1197 ut
1872 1142 1941 1196 sit

339 1239 699 1307 praeceptum
728 1246 1046 1300 commune,
1071 1231 1122 1288 id
1151 1239 1233 1288 est
1259 1231 1640 1287 communitati
1671 1246 1768 1285 scu
1799 1229 1940 1285 mul-

338 1323 556 1380 titudini
588 1321 868 1378 bominum
900 1322 1232 1393 impositum.
1257 1323 1372 1378 Hoc
1397 1326 1715 1392 supponunt
1741 1318 1934 1375 lsidor.

337 1421 394 1470 et
422 1413 477 1469 d.
503 1413 694 1469 Thom.
727 1427 918 1483 supra,
948 1418 1006 1467 et
1032 1411 1144 1467 aliis
1172 1410 1307 1467 locis
1337 1410 1474 1466 iufra
1496 1409 1808 1466 referendis.
1837 1410 1943 1465 Do-

337 1510 579 1576 centque
606 1501 902 1560 Panormit.
931 1501 982 1556 in
1015 1501 1186 1556 Rubr.
1211 1497 1278 1556 de
1299 1500 1519 1555 constit.
1547 1497 1710 1555 Felin.
1739 1497 1788 1552 in
1811 1512 1934 1568 cap.

273 1581 280 1587 ’
345 1595 502 1650 Cum
529 1590 761 1657 omnes,
791 1589 859 1646 de
885 1597 1062 1645 const.
1098 1605 1152 1644 n.
1192 1595 1260 1664 5,
1291 1591 1445 1644 lason
1477 1605 1605 1646 cum
1635 1588 1857 1662 Fulgos.
1891 1588 1940 1642 in

338 1681 398 1740 d.
431 1682 468 1739 l.
512 1686 572 1754 1,
603 1681 658 1737 ff.
692 1680 759 1737 de
789 1679 946 1752 legib.
983 1679 1110 1736 licet
1135 1681 1274 1734 enim
1319 1679 1531 1750 dicant,
1563 1677 1739 1751 legem
1782 1691 1940 1749 posse

341 1771 448 1830 dici
479 1775 837 1844 praeceptum
862 1784 1179 1840 commune,
1203 1774 1256 1824 et
1281 1783 1348 1824 ex
1370 1767 1682 1824 habitudine
1703 1765 1767 1821 ad
1789 1780 1937 1834 eum,

339 1876 375 1916 a
402 1876 538 1932 quo,
562 1865 617 1916 et
645 1858 713 1915 ad
741 1859 923 1927 finem,
949 1863 1175 1930 propter
1201 1871 1364 1928 quem
1393 1856 1587 1927 fertur,
1618 1863 1677 1912 et
1703 1853 1769 1910 ad
1798 1853 1937 1924 illos,

340 1949 542 2023 quibus
569 1949 903 2021 imponitur3
937 1947 1066 2003 satis
1102 1961 1233 2002 vero
1273 1944 1504 2017 indicat,
1537 1943 1672 2001 haec
1703 1945 1804 2000 tria
1832 1958 1940 1998 non

345 2037 584 2110 divisim,
609 2036 704 2094 sed
727 2036 1065 2094 coniunctim
1089 2037 1140 2092 in
1166 2036 1284 2109 lege
1309 2037 1530 2107 propria
1555 2031 1940 2107 requiri.ldem

345 2129 519 2185 sensit
545 2131 745 2184 Anton·
766 2129 963 2184 Gomez
991 2129 1044 2182 in
1073 2125 1112 2182 l.
1146 2130 1194 2184 1.
1221 2126 1384 2182 Taur.
1410 2141 1466 2181 n.
1497 2131 1550 2198 5,
1577 2126 1666 2180 ubi
1691 2123 1758 2180 ad
1781 2125 1945 2179 ratio-

339 2233 464 2274 nem
493 2217 628 2290 legis
657 2216 908 2289 requirit,
941 2223 1003 2272 ut
1031 2215 1099 2272 sit
1125 2215 1462 2285 communis,
1485 2221 1541 2270 et
1569 2229 1677 2269 non
1699 2215 1936 2284 particu-

344 2306 474 2363 laris
517 2313 778 2379 respectu
820 2304 1054 2362 alicuius
1083 2319 1380 2377 personae,
1408 2311 1463 2360 et
1489 2303 1603 2375 alii,
1637 2317 1777 2376 quos
1806 2301 1941 2357 infra

343 2403 398 2453 et
425 2398 606 2469 capite
637 2397 886 2469 sequenti
913 2396 1236 2452 referemus.

421 2489 721 2560 Potestque
749 2486 856 2542 hoc
884 2484 1103 2558 probari
1131 2485 1308 2556 primo
1338 2481 1647 2539 inductione
1677 2479 1936 2554 quadam,

341 2592 464 2633 nam
495 2576 577 2632 lex
613 2583 830 2640 aeterna
861 2583 919 2632 et
947 2573 1208 2630 naturalis
1237 2573 1368 2629 satis
1395 2573 1704 2628 communis
1732 2577 1846 2642 est,
1879 2579 1942 2627 ut

341 2671 587 2737 constat,
623 2664 710 2722 lex
743 2667 907 2721 etiam
935 2663 1112 2720 divina
1143 2669 1250 2720 tam
1281 2669 1440 2719 vetus
1477 2678 1642 2735 quam
1671 2678 1809 2718 nova
1839 2661 1940 2734 prb

339 2754 830 2812 communitatibus
861 2753 1002 2810 latae
1031 2758 1194 2824 sunt,
1222 2750 1312 2807 illa
1339 2767 1440 2823 pro
1473 2750 1686 2807 iudaico
1716 2751 1937 2822 populo,

343 2842 478 2900 haec
511 2860 610 2916 pro
636 2841 882 2899 Ecclesia
911 2841 1180 2898 catholica
1206 2846 1262 2896 et
1297 2841 1554 2899 universo
1577 2839 1800 2896 mundo.
1829 2841 1939 2898 Nec

343 2932 524 2988 solum
559 2939 672 2988 tota
702 2931 808 3004 lex,
831 2930 927 2988 sed
955 2933 1114 2987 etiam
1146 2931 1361 3003 singula
1387 2935 1676 3002 praecepta
1705 2929 1823 2985 eius
1849 2944 1942 3002 ge-

343 3021 605 3080 neraliter
647 3021 756 3078 lata
797 3028 946 3078 sunt.
987 3021 1106 3076 Non
1144 3018 1293 3093 quod
1333 3019 1549 3094 singula
1584 3018 1800 3075 illorum
1840 3033 1940 3090 pro

339 3112 592 3169 omnibus
629 3118 687 3167 et
713 3109 947 3185 singulis
974 3108 1231 3166 membris
1259 3108 1502 3166 serantur
1531 3109 1654 3184 (hoc
1681 3108 1822 3164 enim
1849 3124 1945 3164 ne-

279 3223 308 3267 ,·
347 3203 652 3259 cessarium
684 3217 795 3256 non
823 3205 943 3268 est,
976 3215 1074 3256 nec
1111 3199 1178 3254 ad
1209 3199 1347 3272 legis
1374 3201 1640 3256 rationem
1671 3196 1938 3270 pertinet),

345 3289 442 3347 sed
463 3289 612 3364 quod
638 3289 768 3347 licet
791 3289 928 3346 inter
956 3290 1268 3345 communia
1293 3293 1585 3360 praecepta
1605 3286 1751 3358 leges
1774 3288 1945 3358 impo-

343 3382 479 3437 sitae
525 3379 664 3448 sint,
703 3377 1006 3451 obligantes
1047 3373 1179 3433 haec
1221 3375 1305 3443 vel
1348 3376 1434 3433 illa
1473 3374 1750 3448 membra,
1792 3376 1941 3432 iuxta

341 3485 537 3527 eorum
565 3484 794 3526 munera
821 3475 878 3524 et
902 3469 1294 3541 capacitatem,
1324 3483 1540 3539 semper
1568 3467 1812 3523 ferantur
1841 3467 1943 3522 sub

341 3559 584 3634 generali
612 3567 670 3616 et
695 3559 975 3614 communi
1003 3559 1230 3615 ratione.
1253 3558 1369 3614 lmo
1391 3558 1556 3614 etiam
1586 3563 1944 3629 praeceptum

339 3647 584 3705 divinum
621 3649 939 3720 impositum
969 3645 1114 3704 Adae
1153 3648 1204 3702 in
1247 3653 1395 3704 statu
1437 3647 1802 3718 innocentiae,
1835 3662 1942 3700 non

347 3737 446 3793 soli
485 3736 559 3793 illi
587 3753 689 3810 pro
716 3751 816 3793 sua
846 3751 1097 3807 persona,
1123 3733 1218 3791 sed
1249 3741 1311 3791 ut
1339 3735 1498 3806 capiti
1523 3735 1689 3790 totius
1715 3741 1944 3791 naturae

343 3827 660 3900 impositum
688 3827 824 3898 fuit,
856 3831 912 3881 et
937 3824 1270 3882 duraturum
1299 3839 1514 3894 semper
1553 3823 1744 3880 suisset
1771 3824 1822 3879 in
1851 3822 1942 3880 illo

344 3923 527 3989 statu,
557 3924 612 3973 et
656 3914 1028 3988 obligaturum
1069 3930 1289 3987 omnes,
1318 3920 1373 3970 et
1411 3915 1464 3970 in
1507 3920 1719 3971 tantum
1757 3913 1947 3969 habuit

348 4007 627 4078 propriam
657 4005 922 4062 rationem
949 4001 1104 4075 legis,
1137 4004 1304 4060 Cuius
1342 4003 1558 4076 signum
1587 4008 1699 4073 est,
1729 4003 1853 4076 quia
1883 4001 1943 4058 ii-

341 4096 587 4152 cetDeus
608 4094 928 4166 imposuerit
951 4099 1308 4166 praeceptum
1326 4091 1423 4149 soli
1444 4092 1611 4163 Adae,
1628 4094 1943 4164 priusquam

342 4186 512 4241 Evam
543 4185 823 4255 formaret,
849 4184 1196 4241 nihilominus
1219 4185 1382 4239 etiam
1406 4183 1518 4238 Eva
1538 4199 1638 4255 per
1659 4181 1790 4238 illud
1811 4181 1944 4238 obli-

343 4282 474 4348 gata
501 4273 619 4346 suit,
643 4281 705 4330 ut
730 4279 950 4331 constat
976 4289 1041 4330 ex
1071 4288 1193 4343 cap.
1225 4276 1279 4328 3.
1305 4274 1372 4328 At
1398 4287 1531 4328 vero
1561 4276 1939 4343 praeceptum,

343 4363 495 4438 quod
526 4366 668 4420 Deus
695 4364 878 4436 posuit
905 4363 1152 4420 Abrahae
1190 4362 1256 4419 de
1298 4361 1626 4418 immolando
1663 4361 1802 4434 filio,
1835 4378 1942 4418 non

341 4459 527 4525 potest
553 4452 660 4509 dici
686 4452 903 4525 proprie
933 4452 1050 4524 lex,
1083 4449 1181 4509 sed
1218 4457 1572 4523 praeceptum
1614 4451 1762 4508 iuxta
1790 4467 1944 4508 com·

343 4558 568 4599 munem
597 4541 854 4614 loquendi
885 4540 1130 4598 modum.

423 4633 496 4688 De
525 4632 644 4687 iure
670 4637 853 4686 autem
883 4629 1025 4686 civili
1054 4629 1272 4686 videtur
1317 4629 1423 4686 hoc
1461 4629 1588 4687 satis
1618 4645 1940 4700 expressum

345 4723 399 4778 in
428 4719 466 4776 l.
498 4722 667 4784 iura,
704 4724 759 4776 2.
795 4719 851 4775 ff.
882 4718 948 4775 de
977 4718 1209 4792 legibus.
1242 4719 1449 4775 Dicitur
1484 4719 1626 4775 enim
1655 4720 1760 4775 ibi:
1792 4721 1944 4775 Iura

347 4827 468 4867 non
493 4812 560 4866 in
588 4808 852 4882 sinyulas
864 4825 1184 4883 personas,
1217 4807 1320 4865 sed
1344 4807 1702 4880 yeneraliter
1727 4810 1942 4864 consti-

348 4904 613 4958 tuuntur.
647 4902 721 4956 De
758 4897 970 4971 legibus
1009 4899 1173 4955 etiam
1212 4899 1492 4954 canonicis
1522 4899 1574 4955 id
1603 4900 1821 4970 probari
1847 4915 1943 4971 po·-

350 4998 460 5047 test
485 5005 550 5046 ex
581 4989 636 5045 d.
668 5004 789 5060 cap.
820 4991 994 5044 Duae
1024 4991 1192 5054 sunt,
1229 4994 1502 5060 quatenus
1541 4988 1592 5043 in
1621 5003 1685 5044 eo
1717 4987 1942 5060 dicitur,

349 5095 590 5137 canones
631 5084 686 5134 et
726 5077 947 5133 decreta
986 5093 1014 5132 a
1057 5077 1303 5148 patribus
1343 5077 1482 5134 edita
1518 5093 1637 5134 esse
1675 5077 1818 5150 leges
1845 5095 1948 5150 pu-

353 5171 549 5229 blicae.
581 5171 687 5228 Lex
730 5173 914 5223 autem
956 5167 1191 5238 privata,
1222 5184 1386 5239 quam
1423 5168 1494 5224 ibi
1533 5167 1804 5242 adiungit,
1839 5185 1943 5224 non

409 5307 416 5312 -
513 5278 684 5322 Susnsz
703 5309 712 5326 .
735 5277 792 5322 De
810 5277 986 5329 Leuibus
1000 5295 1056 5308 --
1073 5276 1174 5318 Pars
1194 5277 1223 5318 ῐ.

2006 427 2092 476 est
2119 420 2206 477 lex
2239 420 2535 494 canonica,
2565 419 2661 477 sed
2692 426 2777 478 est
2808 421 2963 496 longe
2990 421 3236 478 diversae
3265 421 3517 493 rationis,
3550 431 3613 481 ut

2004 507 2273 565 dicemus,
2306 509 2440 564 Hinc
2466 508 2627 566 etiam
2654 510 2884 584 Gregor.
2910 511 2997 568 tx.
3024 512 3075 566 in
3101 511 3361 583 prooemio
3385 509 3603 568 Decret.

2006 599 2203 671 inquit:
2236 596 2375 654 Ideo
2404 601 2498 654 lex
2522 597 2816 672 proditur,
2846 605 2913 656 ut
2936 604 3235 675 appetitus
3265 605 3479 659 noxius
3501 601 3605 658 sub

2004 691 2158 745 iuris
2200 687 2413 762 requla
2454 688 2770 754 limitetur,
2806 706 2916 762 per
2956 707 3138 762 qua-m
3172 706 3355 762 qenus
3393 692 3608 749 huma-

2009 795 2171 846 num,
2190 784 2253 834 ut
2268 780 2503 835 honeste
2520 781 2697 846 vivat,
2718 775 3095 850 informetur.
3116 780 3429 836 Aristotcles
3449 783 3609 838 etiam

2008 867 2098 923 lib.
2144 872 2197 924 6.
2228 867 2425 924 ΕτΙιὶο.
2460 868 2621 936 dixit,
2660 867 2974 924 facultatem
3015 885 3111 924 seu
3152 868 3495 939 prudentiam
3530 871 3608 926 te-

2008 956 2303 1014 rendarurn
2335 958 2517 1030 legum
2539 973 2658 1014 esse
2687 957 3171 1014 architectonicam
3209 975 3306 1015 seu
3350 959 3605 1032 regalem,

2007 1047 2136 1120 quia
2170 1047 2481 1120 principalis
2508 1053 2669 1107 actus
2698 1048 2841 1104 illius
2863 1047 3184 1121 prudentiae
3212 1059 3299 1106 est
3334 1050 3479 1123 leges
3502 1052 3609 1107 fer-

2008 1152 2089 1208 re,
2122 1142 2181 1192 ut
2207 1139 2461 1207 exposuit
2488 1137 2543 1194 d.
2573 1138 2809 1194 Thomas
2840 1143 2895 1197 2.
2930 1143 2986 1209 2,
3012 1155 3065 1210 q.
3106 1145 3197 1209 50,
3229 1147 3331 1197 art.
3375 1146 3419 1198 l.
3453 1141 3521 1197 ad
3550 1145 3603 1198 3.

2009 1225 2305 1283 Prudentia
2328 1233 2510 1283 autem
2530 1227 2613 1284 illa
2641 1229 2869 1299 respicit
2890 1231 3435 1302 communitatem,et
3456 1235 3611 1288 circa

2012 1315 2154 1372 illam
2188 1323 2462 1388 versatur,
2493 1332 2627 1389 ergo
2656 1318 2819 1373 etiam
2849 1317 2931 1373 lex
2960 1334 3028 1373 ex
3056 1321 3319 1374 sententia
3345 1321 3610 1377 Aristote-

2010 1406 2076 1462 lis
2104 1406 2555 1462 communitatem
2589 1407 2825 1477 respicit.
2849 1405 2999 1464 Unde
3030 1407 3079 1462 in
3120 1411 3168 1463 1.
3195 1408 3285 1464 lib.
3312 1409 3603 1468 Rhetoric.

2009 1512 2061 1551 c.
2097 1500 2150 1554 4.
2194 1494 2357 1568 dixit,
2388 1493 2646 1552 salutem
2686 1499 2950 1553 civitatis
2986 1499 3051 1552 in
3089 1495 3310 1570 leyibus
3343 1502 3609 1572 positam

2008 1601 2151 1641 esse.
2176 1586 2242 1641 Et
2261 1587 2314 1640 in
2338 1585 2597 1657 prooemio
2626 1585 2853 1643 Rhetor.
2880 1587 2947 1643 ad
2974 1586 3236 1644 Alexand.
3260 1587 3410 1662 dixit,
3436 1589 3609 1662 legem

2009 1691 2130 1730 esse
2157 1678 2455 1732 rationem
2482 1679 2785 1732 communi
2804 1693 3093 1734 consensu
3115 1680 3380 1734 civitatis
3400 1677 3606 1750 defini-

2009 1768 2161 1828 tam,
2199 1769 2307 1820 etc.
2342 1781 2656 1837 supponens
2696 1781 2795 1836 pro
2831 1765 3019 1822 eadem
3062 1767 3453 1825 communitate
3480 1766 3607 1826 diri-

2010 1852 2187 1925 genda
2217 1854 2359 1910 ferri.
2391 1854 2539 1909 ldem
2580 1869 2740 1926 saepe
2768 1857 2963 1927 repetit
2998 1855 3147 1912 Plato
3188 1856 3256 1913 de
3286 1857 3523 1928 legibus,
3554 1864 3610 1914 et

2011 1959 2199 1998 omnes
2231 1943 2534 2016 philosophi
2562 1946 2637 2000 ita
2662 1943 2986 2017 loquuntur.
3015 1945 3165 2003 Unde
3183 1947 3393 2004 Biesius
3416 1948 3511 2005 lib.
3544 1951 3597 2005 4.

2010 2031 2081 2088 cle
2109 2033 2330 2108 Repub.
2378 2034 2481 2090 ait:
2532 2039 2709 2107 Leqes
2736 2040 2875 2092 sunt
2905 2035 3149 2110 publica
3188 2041 3342 2095 vitae
3357 2055 3604 2113 praece-

2007 2127 2134 2194 pta,
2163 2123 2371 2196 quibus
2397 2140 2503 2180 nos
2531 2140 2729 2181 omnes
2756 2124 3155 2200 obtemperare
3178 2143 3408 2202 semper
3438 2145 3607 2202 opor-

2009 2217 2113 2279 tet,
2150 2219 2262 2269 etc.
2294 2215 2483 2286 ltaque
2526 2215 2673 2270 iuxta
2716 2231 3065 2272 communem
3115 2233 3275 2272 usum
3317 2218 3514 2274 iurium
3550 2224 3608 2274 et

2011 2305 2317 2374 sapientum
2352 2319 2461 2358 non
2490 2303 2845 2376 cstdubium,
2878 2307 3009 2378 quin
3039 2308 3251 2362 nomine
3281 2306 3411 2378 legis
3439 2308 3602 2380 signi-

2009 2393 2206 2449 ficetur
2235 2400 2589 2463 praeceptum
2621 2393 2901 2464 publicum
2932 2395 3313 2452 communitati
3342 2397 3525 2466 alicui,
3549 2403 3607 2453 et

2011 2501 2117 2539 non
2159 2490 2373 2540 tantum
2418 2487 2509 2539 uui
2539 2482 2624 2538 vel
2654 2483 2807 2538 alteri
2836 2500 3100 2556 personae
3130 2485 3478 2558 singulariter
3507 2487 3604 2542 im-

2011 2573 2273 2644 positum.

2085 2667 2136 2719 6.
2170 2662 2443 2718 Declarari
2473 2670 2747 2733 praeterea
2774 2664 2877 2720 hoc
2910 2671 3094 2735 potest
3118 2681 3185 2721 ex
3208 2666 3323 2722 aliis
3353 2668 3601 2738 proprie-

2008 2751 2213 2807 tatibus
2242 2751 2395 2824 legis.
2427 2753 2543 2809 Una
2570 2760 2675 2825 est,
2709 2754 2856 2826 quod
2883 2753 3046 2811 debet
3071 2773 3191 2812 esse
3223 2764 3507 2830 perpetua,
3535 2766 3600 2815 ut

2009 2842 2146 2906 infra
2170 2841 2540 2914 ostendemus,
2555 2842 2659 2897 hoc
2682 2849 2865 2900 autem
2887 2843 3087 2902 habere
3112 2862 3217 2902 non
3240 2853 3421 2917 potest
3444 2863 3600 2918 prae-

2009 2937 2234 3002 ceptum
2266 2933 2427 2987 unius
2450 2948 2733 3003 personae,
2760 2935 2887 3005 quia
2910 2941 3173 3005 perpetua
3194 2952 3300 2992 non
3322 2944 3426 3010 est,
3454 2953 3605 2995 com-

2011 3022 2247 3078 munitas
2275 3027 2457 3077 autem
2484 3030 2571 3078 est
2607 3031 2901 3094 perpetua,
2934 3024 3125 3080 saltem
3166 3041 3262 3097 per
3298 3028 3605 3085 successio-

2011 3127 2155 3182 nem,
2180 3115 2238 3165 et
2260 3109 2382 3166 ideo
2412 3118 2668 3182 respectu
2696 3111 2837 3168 illius
2862 3113 3023 3169 habet
3044 3115 3227 3171 locum
3250 3117 3466 3188 propria
3496 3117 3599 3174 lex.

2011 3201 2121 3256 Nec
2152 3199 2339 3266 refert,
2369 3199 2513 3271 quod
2544 3201 2705 3255 etiam
2730 3210 3083 3274 praeceptum
3108 3209 3483 3263 communitati
3504 3209 3604 3263 im-

2010 3291 2250 3362 positum
2276 3289 2449 3361 possit
2466 3305 2589 3345 esse
2611 3292 2928 3362 temporale,
2946 3308 3068 3348 nam
3094 3293 3213 3349 inde
3236 3294 3305 3350 ad
3326 3311 3605 3352 summum

2017 3380 2288 3452 sequitur,
2316 3395 2422 3434 non
2454 3395 2615 3436 omne
2643 3388 2995 3453 praeceptum
3024 3384 3401 3441 communitati
3432 3385 3605 3457 impo-

2011 3471 2177 3526 situm
2196 3483 2315 3524 esse
2336 3467 2532 3542 legem,
2548 3470 2695 3541 quod
2720 3476 2909 3543 postea
2928 3471 3250 3545 videbimus3
3268 3475 3318 3530 id
3342 3490 3473 3532 vero
3494 3491 3603 3532 non

2011 3559 2217 3627 obstat,
2242 3560 2539 3631 quominus
2562 3561 2738 3615 omnis
2762 3560 2843 3618 lex
2874 3559 3070 3618 debeat
3088 3579 3209 3620 esse
3228 3564 3605 3621 communitati

2013 3649 2295 3722 imposita,
2326 3654 2390 3706 ut
2414 3655 2679 3721 perpetua
2710 3666 2830 3707 esse
2858 3654 3048 3723 possit.
3079 3651 3226 3710 Idem
3265 3653 3478 3711 ostendi
3508 3669 3609 3725 po-

2013 3745 2143 3810 test,
2174 3737 2443 3794 sumendo
2469 3737 2609 3794 hanc
2650 3740 3065 3809 perpetuitatem
3090 3757 3157 3799 ex
3194 3748 3347 3812 parte
3386 3742 3607 3799 serentis

2012 3827 2217 3900 legem,
2248 3827 2376 3900 quia
2405 3825 2473 3882 de
2512 3829 2727 3884 ratione
2756 3828 2891 3900 legis
2920 3836 3026 3898 est,
3058 3837 3121 3886 ut
3148 3845 3253 3886 non
3284 3832 3515 3902 pendeat
3538 3847 3607 3888 ex

2013 3918 2122 3974 vita
2151 3917 2511 3990 legislatoris,
2543 3923 2605 3972 ut
2632 3918 2772 3973 infra
2798 3918 3179 3992 probabimus,
3211 3926 3267 3976 at
3295 3920 3398 3977 hoc
3428 3920 3605 3978 solum

2014 4008 2178 4064 habet
2216 3999 2404 4062 locum
2444 4006 2496 4061 in
2538 4004 2749 4078 legibus
2789 4009 3202 4082 communibu83
3246 4015 3603 4082 praeceptum

2009 4096 2151 4153 enim
2189 4095 2495 4168 singulare,
2524 4100 2583 4150 et
2621 4097 2713 4151 uni
2755 4102 2968 4153 tantum
2999 4114 3263 4169 personae
3292 4100 3605 4171 impositum

2011 4192 2217 4257 cessat,
2249 4191 2465 4241 mortuo
2494 4185 2881 4258 praecipiente,
2926 4187 3009 4244 vel
3052 4196 3262 4244 remoto
3291 4204 3320 4244 a
3350 4206 3452 4246 suo
3482 4205 3603 4245 mu-

2010 4290 2172 4346 nere,
2204 4279 2265 4330 ut
2290 4273 2601 4329 communis
2642 4289 2839 4331 sensus
2874 4282 2930 4332 et
2964 4278 3311 4334 consuetudo
3342 4285 3599 4348 testatur,

2012 4363 2173 4420 cuius
2202 4364 2277 4419 rei
2310 4362 2570 4418 rationem
2608 4362 2751 4418 infra
2779 4363 3079 4422 trademus.
3111 4366 3296 4439 Neque
3321 4367 3486 4423 etiam
3516 4366 3603 4422 hic

2013 4453 2201 4524 refert,
2233 4449 2381 4524 quod
2410 4457 2764 4524 praeceptum
2784 4468 2883 4523 pro
2911 4456 3302 4512 communitate
3325 4456 3490 4512 latum
3512 4471 3607 4511 ex-

2014 4541 2295 4614 tinguatur
2324 4555 2421 4612 per
2449 4547 2681 4596 mortem
2712 4543 3126 4615 praecipientis,
3158 4544 3199 4599 si
3240 4559 3338 4616 per
3375 4544 3602 4602 modum

2012 4630 2145 4706 legis
2175 4645 2281 4684 non
2310 4629 2380 4684 sit
2407 4627 2609 4698 latum,
2642 4635 2705 4686 ut
2734 4631 2869 4686 infra
2898 4632 3058 4688 etiam
3086 4633 3292 4705 dicam,
3323 4650 3447 4690 narn
3475 4634 3603 4690 hine

2011 4721 2173 4776 etiam
2202 4719 2379 4775 solum
2410 4719 2687 4792 sequitur,
2721 4735 2825 4775 non
2864 4736 3023 4776 omne
3060 4730 3416 4795 praeceptum
3452 4739 3605 4780 com-

2012 4809 2260 4866 munitati
2288 4809 2601 4880 impositum
2620 4824 2739 4864 esse
2763 4809 2957 4882 legem,
2984 4827 3113 4866 cum
3135 4819 3411 4884 quo-stat,
3437 4819 3502 4869 ut
3518 4813 3605 4869 lex

2011 4898 2202 4955 debeat
2230 4898 2425 4954 habere
2452 4897 2595 4952 illam
2623 4900 3077 4972 perpetuitatem,
3112 4917 3211 4958 seu
3240 4901 3606 4976 independen-

2015 4989 2138 5046 tiam
2168 5005 2199 5044 a
2225 5003 2459 5060 persona
2488 4987 2705 5042 serentis
2735 4987 2879 5045 illam
2900 5033 2914 5060 ,
2948 5007 3111 5064 quam
3142 5008 3246 5049 non
3279 4992 3475 5064 habet,
3507 4994 3610 5050 nisi

2013 5081 2082 5136 sit
2108 5083 2463 5150 praeceptum
2494 5078 2869 5135 communitati
2899 5079 3232 5152 impositum.
3266 5081 3446 5138 Dices:
3472 5081 3604 5137 haec

2015 5170 2334 5226 coniectura
2362 5165 2539 5222 solum
2569 5165 2731 5224 habet
2766 5165 2949 5224 locum
2993 5171 3041 5224 in
3084 5170 3293 5242 legibus
3330 5149 3603 5240 hum⁶anis3

3102 5275 3129 5316 4
