4325 6267
872 352 995 417 314

788 494 1041 552 Pontiflce
1087 508 1323 550 summo.
1366 494 1480 550 Hoc
1528 492 1669 549 enim
1716 491 1959 550 ostendit
2003 490 2380 549 ecclesiastica

789 585 999 643 traditio
1019 628 1033 655 ,
1064 591 1123 641 et
1160 586 1396 643 sumitur
1424 599 1492 641 ex
1529 582 1705 639 verbis
1736 582 1887 641 Pauli
1915 582 2131 641 citatis:
2162 584 2238 639 In
2263 597 2379 655 quo

786 678 1044 751 Spiritus
1081 680 1326 732 sanctus
1352 690 1453 733 vos
1482 677 1685 749 posuit
1718 677 2014 749 episcopos
2038 688 2240 746 reqere
2267 675 2382 729 Ec-

788 763 1033 822 clesiam
1059 768 1189 821 Dei.
1222 766 1357 823 Hinc
1385 779 1515 839 ergo
1558 764 1785 821 ulterius
1814 764 1904 837 fit,
1934 770 2000 821 ut
2025 764 2380 836 episcopatus

785 856 899 928 ipse
920 870 986 913 ex
1013 857 1067 912 vi
1094 856 1444 914 institutionis
1472 854 1671 913 Christi
1698 853 2132 912 iurisdictionem
2165 853 2380 910 ordina·

782 946 923 1003 riam
950 951 1008 1002 et
1032 946 1385 1020 principalem
1414 945 1692 1019 includat,
1723 948 1833 1003 imo
1862 946 2013 1019 quod
2042 951 2155 1003 tota
2181 943 2272 1001 illa
2297 942 2379 999 di·

784 1034 966 1109 gnitas
994 1042 1059 1093 ut
1092 1035 1447 1110 distinguitur
1473 1052 1505 1093 a
1544 1038 1991 1111 consecratione,
2020 1038 2071 1093 in
2112 1040 2382 1107 potestate

782 1124 1173 1183 iurisdictionis
1203 1126 1488 1199 consistat,
1511 1128 1641 1200 quia
1657 1134 1748 1185 est
1772 1126 2005 1201 dignitas
2034 1125 2380 1199 praelationis

783 1222 842 1271 et
864 1217 1163 1289 regiminis,
1186 1232 1329 1290 quae
1357 1219 1471 1276 sine
1497 1217 1871 1274 iurisdictione
1898 1214 2123 1291 intelligi
2148 1231 2252 1277 non
2283 1230 2381 1288 po-

780 1311 912 1362 test.
944 1306 1016 1363 Et
1042 1315 1463 1381 consequenter,
1486 1322 1589 1364 nee
1620 1310 1733 1363 sine
1756 1313 2021 1379 potestate
2042 1306 2380 1379 praecipien-

780 1394 859 1467 di,
886 1396 1021 1454 baec
1046 1399 1211 1467 enim,
1237 1405 1300 1455 ut
1325 1414 1493 1470 supra
1519 1398 1788 1470 dicebam,
1819 1398 1955 1456 adeo
1976 1406 2063 1457 est
2090 1399 2382 1456 intrinseca

782 1490 1070 1560 superiori,
1096 1494 1159 1547 ut
1183 1497 1454 1561 repugnet
1478 1488 1715 1562 aliquem
1744 1489 1855 1545 fieri
1884 1489 2247 1561 superiorem,
2277 1504 2378 1545 seu

778 1579 1115 1651 praelatum,
1146 1588 1201 1637 et
1229 1596 1335 1637 non
1364 1582 1610 1653 recipere
1636 1586 1963 1653 potestatem
1992 1580 2374 1652 praecipiendi.

780 1670 916 1727 Hine
945 1686 1077 1744 ergo
1114 1669 1459 1728 concludunt
1483 1669 1613 1727 dicti
1643 1676 1896 1728 auctores
1914 1713 1929 1739 ,
1959 1671 2099 1729 hanc
2130 1678 2375 1743 potesta·

780 1766 893 1817 tem
937 1759 1056 1817 dari
1100 1760 1403 1819 immediate
1443 1777 1472 1817 a
1499 1760 1715 1818 Christo
1758 1768 1815 1819 et
1853 1776 1919 1819 ex
1948 1763 1999 1818 vi
2032 1763 2168 1818 iuris
2193 1761 2376 1833 divini,

780 1851 909 1925 quia
935 1850 1096 1909 datur
1130 1867 1197 1908 ex
1226 1852 1277 1908 vi
1307 1853 1546 1908 muneris
1574 1868 1605 1908 a
1633 1852 1848 1910 Christo
1875 1852 2127 1910 instituti.
2151 1852 2224 1909 Et
2249 1851 2381 1909 licet

777 1942 1018 1999 Pontifex
1051 1941 1137 1999 vel
1172 1958 1268 2015 per
1298 1958 1355 1999 se
1392 1942 1623 2015 applicet
1649 1942 1755 2001 tale
1793 1959 1994 2001 munus
2025 1943 2152 1999 huic
2184 1943 2266 1999 vel
2303 1943 2378 1999 illi

776 2048 1064 2107 personae,
1101 2033 1184 2089 vel
1214 2034 1389 2106 possit
1418 2033 1699 2092 instituere
1726 2033 1953 2091 modum
1982 2033 2289 2107 applicandi
2318 2032 2379 2089 il-

778 2121 898 2195 lud,
930 2124 1283 2181 nibilominus
1304 2123 1395 2181 tali
1423 2124 1635 2180 muneri
1660 2139 1727 2182 ex
1748 2124 1800 2180 vi
1828 2125 1963 2181 iuris
1991 2123 2153 2181 divini
2181 2122 2379 2180 adbae-

775 2219 865 2271 ret
885 2213 1009 2271 talis
1041 2213 1366 2285 iurisdictio,
1389 2220 1444 2270 et
1468 2214 1647 2286 ipsum
1676 2230 1877 2272 munus
1896 2229 1964 2271 ex
1990 2215 2042 2270 vi
2066 2213 2278 2271 divinae
2296 2215 2377 2269 in-

776 2304 1075 2362 stitutionis
1104 2304 1300 2376 datur,
1330 2311 1385 2361 et
1412 2312 1814 2378 consequenter
1841 2305 2081 2363 Pontifex
2111 2304 2291 2362 solum
2321 2318 2377 2361 se

777 2394 970 2467 habet,
1002 2403 1070 2454 ut
1107 2395 1398 2469 designans
1440 2411 1761 2468 personam3
1792 2398 1937 2453 Deus
1964 2410 2094 2452 vero
2134 2402 2250 2463 est,
2279 2396 2377 2468 qui

773 2500 873 2558 per
900 2501 957 2542 se
988 2492 1045 2543 et
1072 2485 1380 2543 immediate
1408 2484 1603 2544 tribuit
1628 2502 1855 2559 munus,
1887 2492 1946 2543 et
1971 2491 2376 2558 consequenter

781 2582 1125 2648 potestatem.

870 2672 955 2726 12.
985 2667 1371 2726 Verumtamen
1407 2672 1601 2723 contra
1629 2665 1775 2723 bunc
1812 2664 2037 2724 modum
2072 2664 2374 2737 explicandi

777 2757 919 2815 banc
943 2762 1274 2828 potestatem
1293 2756 1452 2813 facile
1480 2763 1662 2829 potest
1680 2764 1901 2829 recepta
1925 2758 2125 2813 veritas
2145 2755 2371 2813 demon·

776 2850 958 2905 strari.
986 2851 1121 2906 Nam
1150 2850 1203 2904 in
1231 2847 1417 2920 primis
1444 2846 1576 2904 licet
1594 2847 1816 2920 demus,
1840 2850 2222 2920 episcopatum
2249 2862 2372 2907 esse

775 2937 843 2995 de
868 2940 989 2994 iure
1015 2935 1218 3009 divino,
1242 2952 1348 2993 non
1376 2935 1555 2994 solum
1582 2938 1764 3010 quoad
1796 2936 2115 3012 dignitatem
2144 2937 2368 3009 ordinis,

774 3026 871 3084 sed
898 3030 1062 3085 etiam
1093 3026 1276 3101 quoad
1316 3041 1521 3085 munus
1549 3026 1857 3099 pastorale,
1890 3041 1998 3083 non
2024 3027 2152 3083 inde
2191 3028 2375 3100 sequi·

770 3124 885 3188 tur,
916 3118 1338 3189 institutionem,
1362 3119 1446 3174 vel
1476 3117 1821 3176 collationem
1842 3116 1964 3175 talis
1992 3118 2259 3187 muneris,
2286 3116 2370 3173 vel

770 3208 1162 3265 iurisdictionis
1202 3224 1326 3266 esse
1366 3207 1673 3265 immediate
1715 3223 1746 3264 a
1784 3208 2040 3283 Christo,
2086 3208 2216 3281 quia
2256 3208 2372 3264 fieri

772 3304 924 3355 recte
967 3301 1175 3372 potuit,
1220 3305 1285 3356 ut
1328 3297 1581 3356 Christus
1618 3297 1903 3371 docuerit,
1940 3306 1999 3355 et
2038 3297 2374 3370 praeceperit

724 3446 729 3453 ,
772 3387 1031 3460 apostolis
1060 3394 1118 3445 et
1147 3388 1437 3460 praecipue
1456 3390 1615 3445 Petro
1644 3387 1869 3445 modum
1902 3386 2121 3460 regendi
2152 3403 2372 3444 monar-

772 3478 951 3537 chiam
988 3478 1420 3537 ecclesiasticam
1458 3478 1649 3535 mediis
1682 3477 1950 3552 episcopis
1976 3487 2238 3553 tanquam
2280 3493 2371 3549 pa·

774 3569 1013 3626 storibus
1042 3568 1359 3636 ordinariis,
1396 3574 1453 3625 et
1482 3568 1819 3641 principibus
1848 3569 1951 3626 sub
1978 3572 2141 3627 Petro
2161 3610 2178 3641 ,
2208 3576 2266 3626 et
2291 3571 2373 3625 ni-

773 3660 1065 3717 bilominus
1108 3660 1257 3733 quod
1298 3659 1636 3717 commiserit
1674 3661 1833 3717 Petro
1873 3666 1930 3717 et
1978 3658 2370 3717 institutionem

774 3750 1019 3807 muneris
1048 3765 1177 3807 cum
1208 3748 1301 3806 tali
1330 3749 1707 3807 iurisdictione
1726 3791 1741 3821 ,
1772 3756 1827 3806 et
1852 3748 2203 3821 collationem
2229 3750 2368 3821 eius,

773 3856 881 3895 non
908 3845 1125 3896 tantum
1169 3838 1505 3912 designando
1534 3854 1819 3911 personam
1837 3882 1852 3908 ,
1883 3838 1980 3897 sed
2020 3840 2189 3896 etiam
2217 3846 2372 3912 pote·

774 3936 971 3987 statem
992 3932 1163 4001 ipsam
1189 3928 1571 4000 impertiendo.
1596 3930 1741 3987 Haec
1764 3931 1910 3985 enim
1932 3928 2045 3987 duo
2066 3929 2220 3985 valde
2243 3936 2372 3985 sunt

658 4002 667 4011 ’
702 4045 709 4051 ·
772 4020 1030 4078 distincta
1066 4026 1123 4076 et
1168 4021 1516 4093 separabilia,
1548 4023 1861 4093 praecipere
1896 4020 2097 4093 aliquid
2130 4021 2264 4092 fieri,
2291 4020 2371 4078 vel

776 4111 954 4166 facere
980 4109 1136 4167 illud.
1152 4110 1223 4167 Ut
1243 4110 1354 4167 fieri
1373 4112 1535 4167 etiam
1558 4113 1755 4182 potuit,
1772 4117 1833 4167 ut
1851 4111 2101 4170 Christus
2116 4110 2373 4182 apostolis

774 4200 1206 4273 praeceperit,ut
1224 4199 1539 4258 ordinarent
1557 4198 1779 4257 modum
1799 4208 1856 4259 et
1874 4201 2042 4258 ritum
2061 4190 2373 4257 celebrandi

778 4290 1104 4347 sacrificium
1147 4291 1340 4347 Missae
1376 4289 1559 4363 quoad
1596 4289 1956 4348 accidentales
1982 4292 2370 4363 caeremonias,

776 4387 836 4436 et
859 4378 1212 4438 nibilominus
1237 4380 1316 4437 eis
1344 4377 1681 4438 commiserit
1707 4380 1825 4437 illas
1854 4379 2126 4452 ordinare,
2142 4387 2203 4437 et
2226 4380 2376 4437 insti·

777 4477 955 4530 tuere.
987 4470 1243 4544 Idemque
1284 4470 1395 4529 dici
1431 4477 1616 4543 potest
1641 4470 1709 4528 de
1743 4472 1985 4529 oratione
2013 4470 2234 4544 publica
2269 4472 2378 4529 Ec·

776 4561 975 4617 clesiae
994 4601 1011 4634 ,
1038 4567 1096 4618 et
1124 4560 1414 4619 similibus.
1446 4561 1535 4619 Sic
1569 4577 1703 4635 ergo
1732 4563 1911 4636 potuit
1936 4561 2186 4620 Christus
2214 4576 2376 4633 prae-

778 4651 985 4723 cipere,
1012 4656 1073 4707 ut
1097 4658 1249 4709 esset
1273 4654 1326 4708 in
1355 4650 1606 4709 Ecclesia
1631 4651 1905 4724 pastorale
1934 4668 2137 4710 munus
2162 4652 2373 4725 episco-

778 4756 1008 4815 porum,
1038 4748 1093 4795 et
1127 4741 1473 4799 nibilominus
1510 4744 1905 4800 institutionem
1944 4741 2087 4799 illius
2126 4743 2374 4800 muneris

778 4834 1119 4890 committere
1146 4835 1325 4890 Petro.
1360 4833 1475 4890 Hoc
1517 4840 1701 4891 autem
1740 4835 1918 4905 posito
1941 4874 1957 4907 ,
1986 4833 2037 4889 in
2064 4849 2180 4907 quo
2221 4832 2374 4890 nulla

776 4924 1138 4997 repugnantia
1159 4965 1175 4997 ,
1204 4938 1305 4979 nee
1337 4923 1557 4981 moralis
1582 4923 1997 4981 incommoditas
2024 4923 2236 4981 ostendi
2276 4940 2374 4997 po-

780 5016 921 5083 test,
964 5010 1123 5083 plane
1172 5014 1421 5085 sequitur
1440 5056 1455 5085 ,
1498 5012 1933 5071 iurisdictionem
1980 5016 2372 5086 episcoporum

778 5116 901 5157 esse
928 5100 996 5157 de
1021 5104 1142 5160 iure
1170 5101 1431 5174 humano,
1464 5108 1519 5159 et
1542 5118 1641 5176 per
1668 5102 1915 5161 homines
1940 5102 2079 5160 dari.
2111 5105 2253 5172 Quia
2281 5120 2376 5161 res

781 5197 868 5248 est
892 5192 1016 5247 talis
1043 5208 1109 5249 ex
1151 5192 1459 5251 immediata
1496 5194 1863 5265 institutione,
1892 5208 2001 5249 non
2042 5210 2107 5251 ex
2149 5208 2371 5265 praece-

779 5288 873 5361 pto
896 5325 913 5359 ,
944 5282 1095 5361 quod
1122 5282 1192 5343 ad
1216 5282 1367 5343 illam
1392 5287 1582 5343 movit.
1612 5284 1748 5345 Nam
1775 5290 2129 5359 praeceptum
2152 5290 2367 5345 remote

2247 362 2448 413 mmm
2472 364 2571 413 IV.

2447 504 2508 547 se
2536 490 2718 563 babet,
2741 497 2799 548 et
2825 496 2910 547 est
2933 491 3209 565 generale,
3230 499 3286 550 et
3313 508 3420 549 non
3449 492 3770 551 determinat
3797 492 4043 565 particu-

2448 581 2593 640 lares
2615 582 3058 639 circumstantias
3085 582 3185 654 rei,
3211 585 3324 639 sine
3343 583 3546 656 quibus
3569 598 3656 640 res
3685 584 3800 657 ipsa
3821 598 3934 641 non
3961 582 4044 637 fit:

2447 672 2717 730 institutio
2739 687 2871 729 vero
2899 673 3144 745 proxime
3167 688 3224 728 se
3253 673 3434 746 habet,
3457 682 3516 731 et
3540 674 3824 731 constituit
3847 688 3964 729 rem
3991 674 4056 729 in

2446 762 2765 835 particulari
2785 778 2916 819 cum
2945 763 3314 823 determinatis
3335 764 3783 821 circumstantiis.
3809 764 3966 821 Sicut
3991 764 4054 817 in

2447 853 2711 925 exemptis
2737 852 2989 911 adductis
3027 855 3400 911 caeremoniae
3427 855 3616 913 Missae
3658 862 3790 911 sunt
3815 854 3882 911 de
3921 854 4052 909 iure

2447 942 2725 1017 humano,
2768 949 2887 1001 esto
2929 955 3282 1017 praeceptum
3323 944 3577 1020 generale
3605 943 3889 1003 ordinandi
3927 941 4054 999 illas

2451 1034 2614 1091 suerit
2651 1034 2892 1091 divinum
2911 1077 2926 1105 ,
2959 1043 3022 1092 ut
3060 1050 3121 1093 re
3151 1049 3278 1092 vera
3305 1042 3426 1110 est,
3455 1037 3570 1092 sive
3607 1033 3773 1093 fuerit
3800 1033 4054 1091 divinum

2447 1126 2716 1193 naturale,
2731 1126 2842 1183 sive
2865 1125 3176 1197 positivum3
3201 1132 3259 1183 et
3280 1128 3430 1183 sicin
3454 1123 3889 1183 similibus.ldem
3911 1140 4050 1199 ergo

2446 1216 2550 1273 erit
2574 1215 2626 1271 in
2655 1218 2930 1288 praesenti
2955 1230 3023 1273 ex
3062 1214 3210 1273 dicta
3240 1215 3557 1291 hypothesi,
3587 1216 3738 1291 quod
3763 1216 4056 1288 episcopa-

2445 1316 2539 1364 tus
2567 1307 2846 1363 int'eriores
2876 1306 3167 1379 pontificali
3195 1305 3458 1380 dignitate
3487 1322 3596 1363 non
3624 1306 3824 1365 babent
3851 1322 3884 1362 a
3922 1306 4048 1363 iure

2447 1396 2628 1454 divino
2657 1397 2757 1453 nisi
2783 1397 3035 1471 generale
3063 1402 3422 1469 praeceptum
3449 1397 3788 1471 instituendi,
3818 1404 3878 1453 et
3911 1412 4052 1453 con-

2445 1486 2649 1545 serendi
2675 1487 2838 1545 talem
2863 1487 3199 1561 dignitatem,
3224 1494 3289 1545 ut
3315 1490 3359 1543 si
3386 1502 3480 1545 rex
3508 1488 3724 1545 mittens
3753 1502 4049 1561 proregem

2445 1580 2498 1635 in
2526 1578 2758 1649 Indiam,
2783 1577 2854 1635 illi
2882 1578 3180 1651 praecipiat
3198 1580 3532 1637 constituere
3552 1581 3606 1636 in
3638 1578 3934 1650 provinciis
3953 1593 4050 1634 or·

2446 1669 2683 1727 dinarios
2723 1668 3152 1742 gubernatores,
3197 1667 3270 1725 illi
3311 1685 3439 1726 vero
3467 1670 3774 1727 committat
3806 1676 3866 1726 et
3925 1685 4045 1726 mo-

2445 1760 2578 1818 dum
2607 1760 2892 1831 potestatis
2921 1759 3022 1816 illis
3049 1758 3438 1830 conserendae,
3467 1768 3526 1817 et
3553 1774 3843 1817 munerum
3883 1760 4048 1833 largi-

2444 1852 2680 1922 tionem,
2719 1867 2828 1908 non
2866 1850 3125 1908 dicentur
3165 1858 3354 1922 postea
3393 1851 3793 1925 gubernatores
3837 1849 3909 1907 illi
3949 1850 4050 1908 ba-

2445 1940 2634 1999 buisse
2663 1956 2866 1999 munus
2895 1957 2925 1997 a
2954 1955 3082 2015 rege
3112 1939 3440 2011 immediate,
3465 1940 3560 1998 sed
3586 1957 3619 1998 a
3643 1956 3893 2015 protege,
3915 1940 4048 1999 licet

2441 2047 2510 2088 ex
2531 2033 2674 2104 regis
2701 2036 3018 2105 praecepto,
3042 2029 3172 2104 quia
3199 2031 3442 2105 proxima
3465 2046 3723 2088 mensura
3749 2032 4040 2104 potestatis

2443 2127 2530 2178 est
2555 2121 2812 2178 voluntas
2837 2138 2904 2179 ac
2931 2120 3198 2178 iudicium
3225 2122 3472 2195 protegis
3489 2162 3505 2195 ,
3535 2128 3594 2179 et
3615 2123 3732 2194 ipse
3755 2128 3844 2179 est
3877 2123 4044 2180 etiam

2444 2214 2693 2285 proxima
2720 2226 2918 2283 causa,
2950 2228 3093 2285 quae
3119 2228 3187 2269 ex
3225 2213 3276 2268 vi
3304 2228 3436 2270 suae
3461 2212 3749 2285 potestatis
3775 2214 3881 2270 alia
3917 2214 4050 2270 offi-

2443 2304 2532 2360 cia
2559 2302 2837 2375 providet3
2869 2304 2945 2360 ita
2969 2318 3100 2377 ergo
3127 2305 3236 2361 erit
3263 2304 3318 2361 in
3345 2307 3651 2377 praesenti,
3682 2305 3860 2378 posita
3888 2322 4048 2378 prae·

2442 2390 2590 2450 dicta
2622 2392 2980 2450 institutione.

2518 2483 2676 2553 Quod
2717 2499 2848 2557 ergo
2889 2483 3012 2541 talis
3067 2484 3234 2543 luerit
3269 2486 3688 2559 episcopatuum
3735 2488 4041 2559 institutio,

2445 2577 2711 2649 probatur
2763 2576 2938 2646 primo
2985 2590 3051 2632 ex
3097 2575 3262 2634 modo
3307 2575 3560 2650 loquendi
3607 2591 3916 2651 canonum,
3961 2580 4046 2635 ait

2441 2666 2586 2723 enim
2615 2666 2911 2737 Gregorius
2939 2666 2993 2721 in
3029 2680 3154 2737 cap.
3183 2670 3452 2729 Decreta,
3486 2672 3542 2738 2,
3573 2682 3631 2740 q.
3665 2671 3732 2724 δε
3763 2672 4046 2726 Romana

2440 2754 2720 2813 Ecclesia
2741 2758 2894 2812 vices
2920 2772 3064 2813 suas
3093 2758 3188 2813 ita
3221 2754 3366 2813 aliis
3393 2758 3716 2832 impertivit
3741 2757 4029 2825 ecclesiis,

2439 2853 2508 2904 ut
2531 2850 2598 2903 in
2635 2850 2876 2921 partem
2901 2848 3020 2903 sint
3055 2850 3304 2905 vocatae
3342 2844 3790 2915 sollicitudinis,
3830 2864 3950 2905 non
3973 2851 4044 2904 in

2436 2935 2865 3011 plenitudinem
2887 2940 3224 3010 potestatis.
3249 2936 3350 2994 Ubi
3377 2938 3621 3009 pondero
3647 2938 3818 2995 verba
3837 2938 3927 2994 illa
3953 2941 4046 2995 vi·

2439 3042 2532 3085 ces
2559 3044 2704 3085 suas
2729 3030 3082 3101 impertivit.-
3109 3043 3236 3085 nam
3263 3028 3420 3098 plane
3447 3028 3776 3103 significant,
3809 3028 4044 3086 aliarum

2437 3119 2806 3175 ecclesiarum
2847 3124 3098 3190 pastores
3133 3134 3166 3174 a
3201 3133 3430 3176 romano
3457 3117 3656 3176 babere
3683 3124 4040 3191 potestatem,

2437 3214 2494 3265 et
2521 3208 2638 3267 ideo
2659 3225 2762 3265 suo
2789 3207 2951 3266 modo
2979 3209 3124 3265 vices
3147 3209 3290 3265 illius
3315 3224 3528 3282 gerere,
3552 3211 3700 3267 sicut
3724 3208 3852 3267 olim
3875 3225 4040 3282 prae-

2439 3305 2588 3357 tores
2615 3299 2763 3356 vices
2789 3299 3130 3371 imperatoris
3157 3299 3572 3373 gereban,t.Non
3597 3299 3825 3357 intendit
3849 3308 4040 3357 autem

2438 3406 2537 3462 per
2557 3390 2663 3447 boc
2691 3389 2890 3446 docere
2917 3389 3239 3463 Gregorius,
3261 3392 3550 3462 episcopos
3571 3406 3692 3447 esse
3719 3396 3936 3449 tantum
3965 3392 4044 3447 vi·

2439 3482 2621 3537 carios
2646 3481 2822 3551 Papae
2849 3488 2905 3536 et
2931 3496 3040 3537 non
3069 3480 3318 3553 proprios
3347 3486 3614 3552 pastores,
3647 3489 3707 3538 et
3732 3481 4038 3555 principes,

2439 3569 2536 3627 sed
2562 3570 2738 3627 solum
2765 3569 2939 3628 voluit
2964 3569 3235 3642 explicare
3261 3572 3658 3627 emanationem
3692 3573 3854 3629 unius
3893 3574 4044 3644 prin-

2440 3663 2658 3733 cipatus
2699 3661 2766 3718 ab
2807 3660 2934 3729 alio,
2977 3676 3008 3717 a
3048 3676 3161 3734 quo
3203 3666 3468 3717 creantur
3505 3662 3771 3733 episcopi,
3813 3668 3878 3719 ut
3915 3664 4040 3719 eius

2439 3751 2810 3811 coadiutores.
2841 3752 2979 3808 Item
3015 3751 3126 3808 Leo
3153 3766 3292 3822 papa
3325 3753 3380 3807 in
3419 3766 3545 3824 cap.
3575 3754 3677 3809 Ita
3721 3755 4032 3821 nonanus,

2447 3848 2534 3901 19.
2567 3842 2698 3899 dist.
2731 3842 2960 3914 loquens
3004 3840 3072 3897 de
3107 3847 3376 3913 potestate
3402 3842 3569 3914 Petri,
3597 3842 3794 3916 inquit,
3825 3844 3884 3899 in
3913 3844 4033 3916 ipso

2437 3933 2608 3989 fuisse
2635 3947 2668 3988 a
2691 3930 2904 3988 Christo
2931 3930 3301 4003 principaliter
3323 3930 3674 4005 collocatam,
3703 3936 3774 3989 ut
3799 3932 3880 3990 ab
3905 3937 4038 4007 ipso

2440 4025 2615 4095 quasi
2637 4020 2898 4095 quodam
2919 4024 3111 4094 eapite
3131 4020 3296 4079 dona
3317 4038 3432 4079 sua
3449 4020 3606 4079 velut
3625 4026 3690 4079 in
3707 4038 3880 4081 omne
3906 4040 4038 4081 cor·

2433 4128 2548 4189 pus
2584 4108 2972 4185 diffunderet.
3002 4111 3157 4179 Quod
3199 4112 3569 4170 testimonium
3609 4113 3684 4170 ita
3721 4114 3896 4171 eludit
3931 4115 4039 4171 Ca—

2441 4208 2590 4271 stro,
2625 4208 2688 4257 ut
2715 4201 3045 4273 particulam
3071 4200 3218 4257 illam
3249 4201 3324 4259 ab
3351 4206 3479 4276 ipso
3504 4205 3927 4276 interpretetur,
3955 4204 4040 4261 di·

2439 4306 2570 4348 cere
2589 4290 2832 4348 ordinem
2856 4292 3141 4364 temporis,
3165 4306 3274 4349 non
3295 4291 3654 4349 causalitatis.
3671 4297 3838 4351 Nam
3863 4296 4041 4353 Chri-

2439 4386 2570 4438 stus
2609 4384 2721 4448 est,
2767 4380 2940 4454 inquit
2970 4421 2985 4453 ,
3025 4383 3126 4454 qut
3172 4379 3514 4439 immediate
3555 4380 3718 4439 dedit
3753 4383 4040 4457 apostolis

2434 4475 2804 4553 potestatem,
2833 4468 2936 4528 sed
2947 4473 3121 4546 prius
3147 4472 3342 4539 Petro,
3369 4472 3593 4530 Matth.
3629 4478 3715 4544 16,
3744 4478 3806 4531 et
3821 4480 4041 4549 postea

2439 4560 2676 4636 reliquis
2711 4561 3020 4635 apostolis,
3057 4560 3285 4620 March.
3321 4568 3409 4621 18.
3441 4561 3630 4619 sedin
3666 4564 3858 4635 primis
3895 4580 4040 4622 sem-

2441 4666 2538 4723 per
2569 4652 2639 4709 ibi
2679 4652 2937 4725 supponit
2972 4650 3200 4725 salsum,
3233 4651 3474 4724 scilicet,
3510 4652 3785 4711 Christum
3819 4653 4040 4713 dedisse

2441 4745 2632 4817 Petro,
2674 4742 2758 4799 vel
2800 4741 3060 4814 apostolis
3103 4749 3425 4814 potestatem
3466 4743 3653 4801 Mattb.
3703 4747 3801 4815 16,
3842 4750 3901 4802 et
3946 4750 4038 4818 18,

2443 4834 2571 4907 quia
2593 4842 2724 4892 tunc
2747 4849 2857 4891 non
2885 4832 3050 4905 dedit,
3076 4832 3172 4890 sed
3194 4833 3465 4905 promisit,
3489 4840 3555 4891 ut
3583 4839 3803 4891 constat
3821 4850 3892 4891 ex
3919 4850 4042 4891 ver-

2438 4925 2524 4983 bis
2549 4931 2606 4982 et
2634 4924 2912 4982 communi
2939 4925 3296 4996 expositione.
3326 4922 3478 4982 Unde
3507 4922 3704 4981 falsum
3727 4926 3896 4982 etiam
3923 4932 4036 4997 est,

2441 5017 2718 5074 Christum
2747 5016 2898 5086 prius
2927 5019 3170 5086 tempore
3195 5012 3410 5070 dedisse
3431 5016 3592 5073 Petro
3626 5014 4030 5087 apostolatum,

2441 5105 2528 5163 vel
2564 5110 2920 5177 potestatem,
2951 5119 3117 5177 quam
3153 5105 3353 5161 ceteris
3387 5104 3676 5177 apostoli83
3709 5120 3834 5163 nam
3865 5104 4030 5162 simul

2443 5193 2697 5253 omnibus
2722 5193 2884 5251 dixit:
2908 5196 3083 5251 Sicut
3109 5196 3272 5252 mira
3293 5210 3384 5251 me
3409 5197 3604 5252 vivens
3629 5196 3832 5261 Pater,
3856 5200 3914 5251 et
3931 5210 4040 5269 eqo

2439 5286 2607 5343 nimo
2647 5300 2776 5353 vos,
2813 5284 2964 5343 Iosn.
2996 5288 3104 5359 ²⁰5
3141 5293 3196 5343 et
3231 5299 3357 5357 cap.
3389 5285 3639 5359 sequenti
3676 5283 3814 5345 dixit
3855 5288 4039 5347 Petro:
