4325 6267
780 314 907 379 322

696 459 875 519 tinus,
904 459 998 515 96.
1022 452 1263 527 distinct.
1284 470 1419 530 ergo
1442 456 1819 528 confirmatur,
1842 456 1973 531 quia
1992 452 2286 527 collegium

700 545 1061 604 cardinalium
1090 544 1251 603 habet
1276 552 1605 618 potestatem
1632 546 1853 604 creandi
1872 545 2276 625 legislatorem.

696 636 833 705 Quid
872 651 1003 709 ergo
1044 636 1273 708 mirum,
1324 638 1469 709 quod
1510 638 1680 709 possit
1707 636 1942 695 condere
1981 635 2170 711 leges?
2197 636 2286 692 Sic

694 728 835 783 enim
875 724 1058 783 intulit
1096 727 1251 799 Engo
1293 727 1349 781 in
1388 742 1512 798 cap.
1546 723 1779 795 Nullus,
1834 731 1925 786 79.
1956 726 2083 784 dist.
2126 740 2287 798 posse

692 813 825 873 illud
864 814 1155 889 collegium
1195 831 1391 874 creare
1419 816 1768 886 cardinalem,
1813 820 1944 892 quia
1971 824 2152 890 potest
2193 816 2290 874 eli-

695 920 825 978 gere
852 908 1074 978 Papam.
1104 906 1470 964 confirmatur
1496 906 1770 971 secundo,
1800 907 1929 979 quia
1954 907 2085 965 illud
2124 906 2290 963 colle-

693 995 847 1067 gium
888 1002 1266 1067 repraesentat
1306 998 1613 1054 universam
1650 996 1983 1068 Ecclesiam,
2015 1003 2289 1070 quatenus

694 1084 841 1145 illius
862 1087 1076 1143 nomine
1105 1091 1287 1158 potest
1306 1085 1505 1159 eligere
1534 1089 1755 1158 Papam.
1782 1086 1887 1144 Sed
1914 1087 2049 1143 haec
2070 1092 2292 1143 senten·

695 1177 774 1233 tia
814 1192 921 1233 non
963 1175 1129 1235 habet
1165 1177 1382 1237 firmum
1424 1177 1871 1249 fundamentum,
1912 1192 2089 1249 neque
2131 1174 2289 1231 video

695 1266 977 1339 quomodo
998 1265 1244 1340 intelligi,
1268 1274 1367 1324 aut
1394 1266 1606 1324 defendi
1630 1268 1818 1339 possit.
1843 1268 1978 1324 Nam
2002 1266 2086 1323 vel
2114 1266 2292 1339 loqui·

694 1362 789 1413 tur
828 1355 895 1413 dc
936 1364 1103 1415 coetu
1130 1355 1521 1428 cardinalium,
1570 1358 1782 1415 vivente
1813 1360 1957 1431 Papa
1976 1398 1993 1431 ,
2024 1364 2122 1415 aut
2152 1356 2291 1414 Sede

697 1454 953 1520 vacante;
980 1454 1178 1504 neutro
1210 1454 1395 1505 autem
1420 1446 1583 1505 modo
1609 1465 1738 1505 vera
1760 1464 1883 1507 esse
1904 1434 2105 1522 potest,
2129 1463 2286 1521 ergo.

686 1536 870 1616 ‘Minor
926 1535 1109 1609 quoad
1150 1539 1389 1610 priorem
1428 1545 1637 1611 partem
1678 1546 1869 1613 patet,
1912 1542 2042 1615 quia
2078 1541 2294 1598 vivente

602 1622 609 1639 ’
695 1628 877 1699 Papa,
906 1618 1115 1686 nullam
1140 1629 1575 1687 iurisdictionem
1605 1631 1934 1689 ordinariam
1963 1631 2125 1689 habet
2160 1630 2293 1688 illud

694 1718 1008 1793 collegium,
1026 1726 1089 1777 ut
1116 1718 1404 1792 collegium
1430 1727 1547 1791 est3
1570 1722 1679 1777 imo
1701 1736 1803 1778 nec
1833 1722 2081 1796 singulae
2106 1736 2294 1795 perso-

695 1824 797 1865 nae
823 1809 940 1877 eius
966 1809 1068 1867 nisi
1096 1810 1148 1865 in
1180 1811 1414 1882 propriis
1443 1809 1637 1884 titulis,
1664 1817 1727 1868 ut
1754 1827 1921 1883 supra
1948 1812 2157 1870 dictum
2184 1818 2290 1868 est.

696 1898 1071 1973 Quapropter,
1102 1900 1317 1956 vivente
1342 1900 1489 1971 Papa
1508 1940 1524 1972 ,
1555 1915 1656 1958 nec
1685 1901 2007 1975 congregari
2032 1902 2087 1957 in
2122 1916 2294 1957 unum

696 1995 934 2063 possunt
959 2004 1057 2061 per
1101 1988 1325 2047 modum
1354 1989 1478 2047 talis
1518 1989 1753 2063 collegii,
1786 1991 1885 2049 nisi
1910 1996 1985 2049 'ex
2013 1990 2296 2048 voluntate

698 2085 757 2135 et
791 2079 1117 2137 auctoritate
1142 2077 1388 2137 eiusdem
1417 2082 1622 2154 Papae,
1650 2083 1975 2153 praesertim
2002 2081 2070 2139 ad
2111 2080 2294 2153 dispo-

698 2168 939 2229 nendum
965 2168 1033 2227 de
1061 2170 1169 2243 his,
1194 2185 1337 2243 quae
1362 2169 1431 2227 ad
1454 2172 1735 2229 Ecclesiae
1759 2173 1999 2246 regimen
2027 2178 2295 2246 spectant,

695 2259 983 2335 multoque
1010 2260 1189 2317 minus
1231 2267 1490 2332 poterunt
1518 2268 1651 2319 tunc
1691 2261 1933 2319 condere
1961 2261 2135 2335 legem
2180 2261 2298 2317 sine

697 2352 863 2423 Papa.
889 2352 1073 2409 Altera
1098 2366 1229 2408 vero
1250 2366 1379 2424 pars
1406 2350 1687 2409 evidenter
1706 2352 2054 2410 convincitur
2074 2368 2141 2410 ex
2169 2352 2301 2409 iuri-

698 2442 807 2499 bus
836 2442 1073 2515 allegatis
1099 2448 1154 2500 et
1178 2440 1442 2499 discursu
1468 2443 1638 2500 sacto.
1705 2464 1713 2471 ·

777 2533 929 2592 Unde
950 2532 1039 2589 illa
1052 2534 1433 2605 aequiparatio
1455 2550 1585 2591 cum
1608 2542 1803 2593 senatu
1824 2533 2017 2591 frivola
2041 2540 2147 2605 est,
2173 2535 2304 2607 quia

700 2624 889 2683 necin
929 2623 1036 2680 illis
1063 2622 1301 2681 decretis
1343 2623 1613 2696 habetur3
1662 2632 1720 2685 et
1758 2626 1885 2684 licet
1910 2626 2099 2697 ficret,
2148 2624 2303 2683 intel*

703 2714 917 2789 ligenda
957 2720 1105 2771 esset
1152 2714 1341 2787 ,quoad
1378 2714 1605 2772 honoris
1650 2722 1708 2774 et
1752 2714 2031 2790 dignitatis
2084 2716 2298 2790 titulos,

704 2821 815 2865 non
857 2804 1041 2878 quoad
1094 2804 1503 2863 iurisdictonem
1546 2807 1905 2878 spiritualem.
1958 2808 2109 2865 Hanc
2159 2808 2304 2864 enim

644 2948 658 2960 ,
700 2911 811 2953 non
842 2896 1020 2969 potuit
1042 2893 1175 2952 dare
1202 2897 1631 2970 Constantinus,
1660 2912 1763 2954 nec
1799 2897 1962 2954 estin
1998 2896 2303 2955 communi-

703 2991 816 3045 tate
844 2986 1031 3060 aliqua
1068 2986 1467 3058 ecclesiastica,
1498 2987 1598 3043 nisi
1636 3002 1669 3043 a
1706 2988 1850 3060 Papa
1891 2987 2190 3044 derivetur.
2221 2986 2304 3043 Ad

703 3078 934 3151 primam
964 3091 1097 3133 vero
1127 3076 1591 3134 confirmationem
1619 3084 1853 3150 negatur
1882 3078 2301 3149 consequentia,

706 3168 839 3243 quia
867 3175 1111 3239 potestas
1139 3156 1319 3224 solani
1348 3173 1433 3225 est
1458 3165 1584 3223 data
1612 3166 1979 3224 cardinalibus
2007 3167 2074 3223 ad
2113 3172 2302 3223 actum

704 3258 975 3333 eligendi,
1019 3274 1128 3314 non
1167 3257 1235 3314 ad
1278 3256 1450 3325 alios,
1494 3255 1623 3313 licet
1664 3256 1841 3313 minus
1882 3256 2106 3314 nobiles.
2150 3255 2308 3314 Unde

670 3350 872 3410 ,etiam
898 3347 993 3406 illa
1032 3347 1403 3420 aequiparatio
1440 3345 1687 3421 Hugonis
1726 3345 1927 3404 salsum
1954 3345 2149 3418 insert,
2179 3346 2309 3420 quia

709 3438 1009 3513 collegium⁸
1044 3436 1409 3494 cardinalium
1450 3453 1511 3495 re
1568 3451 1697 3494 vera
1738 3452 1846 3515 non
1886 3443 2067 3509 potest
2116 3452 2308 3494 creare

707 3528 1073 3597 cardinalem,
1104 3530 1235 3603 quia
1262 3527 1449 3585 nullibi
1476 3527 1642 3585 datur
1668 3526 1743 3584 illi
1781 3527 1915 3585 haec
1946 3533 2224 3601 potestas;
2255 3534 2311 3584 et

707 3626 953 3693 potestas
993 3618 1211 3676 definita
1252 3616 1321 3674 ad
1373 3623 1567 3675 actum
1605 3617 1925 3674 nobiliorem
1970 3633 2079 3674 non
2128 3622 2312 3699 potest

708 3711 929 3767 extendi
956 3706 1025 3765 ad
1052 3708 1219 3764 alium
1248 3707 1491 3763 diversae
1519 3706 1765 3777 rationis,
1790 3705 1919 3763 licet
1948 3708 2128 3763 minus
2155 3705 2328 3782 nohi·-

710 3800 855 3875 lem„
898 3806 953 3857 et
987 3799 1063 3856 ita
1102 3797 1309 3855 notavit
1334 3796 1527 3854 Glossa
1550 3799 1606 3853 in
1645 3797 1913 3856 clement.
1942 3802 2000 3857 2.
2031 3797 2099 3855 de
2140 3797 2304 3855 elect.

710 3891 881 3948 verbo
915 3892 1253 3965 potestatis,
1283 3894 1341 3944 et
1374 3888 1724 3945 Turrecrem.
1756 3888 1809 3944 in
1836 3887 1984 3945 dicto
2012 3902 2135 3961 cap.
2167 3886 2312 3946 Nul-

711 3980 831 4043 lus.
852 3981 913 4039 ln
941 3977 1185 4039 secunda
1210 3976 1445 4052 denique
1474 3978 1905 4047 confirmatione,
1928 3978 1981 4034 in
2010 3980 2191 4053 rigore
2216 3977 2314 4035 l'al-

710 4062 841 4131 sum
876 4078 995 4144 est,
1026 4069 1176 4143 quod
1211 4070 1479 4140 sumitur,
1526 4084 1653 4125 nam
1680 4076 1921 4142 potestas
1952 4068 2041 4125 illa
2080 4066 2311 4141 eligendi

712 4163 1025 4222 Pontificem
1054 4174 1161 4216 non
1190 4161 1357 4215 estin
1384 4157 1473 4216 illo
1501 4157 1733 4231 collegio
1759 4158 1827 4216 ab
1854 4159 2125 4231 Ecclesia,
2156 4158 2252 4215 sed
2281 4174 2311 4216 a

715 4254 931 4312 Christo
950 4292 967 4324 ,
1020 4248 1383 4307 mediantibus
1435 4248 1893 4321 praecedentibus
1934 4250 2311 4307 Pontificibus.

708 4326 918 4404 'Deinde
964 4342 1095 4398 licet
1140 4339 1437 4414 collegium
1474 4338 1605 4395 illud
1650 4346 2085 4411 repraesentaret
2118 4339 2316 4397 Eccle-

616 4510 623 4517 ·
717 4437 880 4505 siam,
910 4448 1017 4489 non
1046 4437 1227 4489 tamen
1254 4429 1598 4503 simpliciter,
1628 4430 1725 4486 sed
1756 4430 1823 4488 ad
1852 4430 2224 4503 praebendum
2253 4431 2316 4487 il·

718 4525 835 4583 lum
864 4536 1219 4591 consensum,
1245 4522 1392 4577 sicut
1410 4528 1749 4593 procurator
1771 4520 2077 4579 destinatus
2103 4530 2316 4580 tantum

721 4614 792 4673 ad
822 4628 991 4671 unum
1020 4622 1230 4669 actum.
1262 4611 1419 4670 Sicut
1451 4612 1611 4668 etiam
1640 4612 1934 4669 concilium
1970 4612 2314 4685 acephalum,

722 4704 854 4763 sede
876 4709 1121 4774 vacante,
1145 4700 1355 4759 dicitur
1372 4709 1776 4773 repraesentare
1800 4708 1967 4761 totam
1988 4702 2316 4774 Ecclesiam,

590 4824 635 4873 ,ι
712 4811 831 4855 .non
861 4802 1041 4853 tamen
1068 4792 1288 4849 omnino
1318 4790 1646 4864 perfectam,
1679 4792 1774 4849 sed
1812 4799 2091 4850 carentem
2116 4794 2318 4865 capite,

696 4888 860 4944 -etin
902 4883 1087 4941 ordine
1120 4887 1327 4937 tantum
1356 4880 1426 4939 ad
1467 4880 1769 4939 creandum
1797 4880 1965 4954 illud,
1992 4888 2048 4939 et
2084 4882 2321 4940 tollenda

694 4973 1137 5047 impedimenta,
1179 4970 1262 5027 vel
1303 4970 1679 5046 incommoda,
1709 4986 1851 5046 quae
1888 4972 2105 5030 interim
2145 4971 2324 5030 solent

724 5065 1009 5124 Ecclesiae
1036 5062 1313 5121 advenire.

810 5160 863 5215 6.
894 5151 1149 5213 Secundo
1174 5151 1303 5209 loco
1327 5150 1615 5208 dicendum
1642 5158 1731 5209 cst
1764 5151 1832 5209 de
1860 5151 2163 5209 minoribus
2191 5168 2324 5209 con-

726 5245 897 5322 ciliis,
926 5244 992 5305 de
1033 5242 1235 5319 quibus
1262 5242 1524 5301 statuitur
1550 5242 1773 5315 regula,
1802 5258 1966 5316 posse
1992 5242 2132 5303 serre
2173 5244 2320 5316 leges

2146 322 2353 373 unm
2379 324 2477 373 lv.

2361 450 2831 525 accommodatas,
2854 458 2911 509 et
2937 451 3378 525 proportionatas
3409 452 3771 512 iurisdictioni
3801 468 3960 529 suae,

2357 550 2466 600 tam
2509 541 2698 617 quoad
2739 542 3109 611 territorium,
3141 560 3306 618 quam
3333 544 3514 619 quoad
3557 547 3840 603 materiam
3886 545 3964 602 le-

2354 648 2508 707 gum.
2525 634 2674 689 Hanc
2699 648 2860 691 sumo
2881 648 2946 689 ex
2971 636 3249 691 communi
3271 634 3523 692 doctrina
3543 637 3962 693 canonistarum

2356 725 2408 781 in
2437 730 2470 791 s
2508 738 2712 798 porro,
2749 730 2873 795 post
2906 739 3029 794 cap.
3061 724 3314 798 Repulit,
3351 726 3478 783 dist.
3527 730 3558 783 3
3583 768 3598 794 ,
3627 726 3872 783 Hostien.
3907 726 3964 781 in

2355 830 2500 872 sum.
2533 813 2673 871 titul.
2705 812 2772 870 de
2809 814 3028 872 constit.
3061 815 3222 873 Decio
3245 857 3260 888 ,
3289 822 3346 873 et
3371 818 3490 873 aliis
3517 818 3672 874 circa
3709 815 3960 874 eamdem

2363 903 2678 979 rubricam,
2709 906 2994 961 innocent.
3023 907 3079 961 in
3106 920 3229 979 cap.
3267 908 3477 974 Grave,
3513 906 3578 963 de
3616 907 3960 979 praebendis.

2356 994 2672 1053 Declaratur
2693 1037 2708 1067 ,
2739 1002 2797 1053 et
2831 996 3096 1067 probatur
3135 997 3406 1071 breviter3
3439 1011 3564 1055 nam
3593 997 3728 1055 haec
3769 1000 3966 1055 conci-

2355 1085 2430 1142 lia
2455 1091 2587 1142 sunt
2616 1084 2840 1157 triplicis
2872 1084 3097 1159 ordinis;
3129 1080 3398 1159 quaedam
3427 1088 3690 1145 dicuntur
3723 1090 3968 1145 nationa-

2356 1172 2450 1247 lia,
2483 1176 2626 1232 utin
2659 1176 2911 1248 Hispania
2940 1176 3048 1233 sere
3078 1176 3302 1235 fuerunt
3329 1177 3586 1251 toletana,
3609 1186 3667 1235 et
3701 1177 3970 1251 generali-

2358 1275 2443 1323 ter
2470 1274 2600 1323 sunt
2627 1266 2747 1340 illa,
2779 1266 2843 1324 ad
2873 1283 3015 1341 quae
3043 1269 3379 1326 conveniunt
3403 1284 3508 1325 non
3539 1268 3718 1326 solum
3750 1270 3972 1341 episco-

2355 1358 2433 1431 pi,
2457 1356 2553 1413 sed
2585 1358 2748 1413 etiam
2771 1358 3166 1432 archiepiscopi
3195 1358 3430 1415 alicuius
3451 1359 3686 1415 nationis
3715 1358 3821 1415 sub
3847 1374 3966 1415 uno

2358 1447 2610 1519 primate,
2645 1447 2728 1505 vel
2757 1448 3090 1520 patriarcha.
3121 1448 3238 1506 Alia
3263 1460 3395 1506 sunt
3420 1449 3774 1527 provincialia
3803 1450 3969 1507 unius

2360 1537 2678 1610 metropolis
2709 1580 2724 1609 ,
2757 1539 2812 1594 in
2845 1539 3046 1612 quibus
3073 1540 3408 1598 conveniunt
3432 1541 3672 1612 episcopi
3701 1540 3972 1613 suffraga-

2361 1632 2446 1686 nei
2475 1644 2604 1687 cum
2638 1644 2740 1687 suo
2777 1629 3213 1703 archiepiscopo.
3240 1632 3358 1689 Alia
3385 1631 3618 1704 denique
3649 1638 3778 1689 sunt
3803 1646 3970 1707 syno-

2361 1719 2522 1791 dalia,
2552 1734 2693 1793 quae
2723 1718 2991 1776 ordinarie
3020 1736 3129 1777 non
3159 1727 3427 1777 vocantur
3454 1720 3709 1792 concilia,
3743 1719 3842 1777 sed
3873 1736 3968 1794 sy·

2361 1808 2523 1883 nodi,
2553 1815 2611 1866 et
2647 1807 2716 1866 ad
2745 1824 2810 1866 ea
2848 1812 3182 1868 conveniunt
3219 1811 3442 1868 abbates
3480 1817 3536 1868 et
3573 1810 3798 1883 parochi
3833 1824 3971 1867 cum

2363 1902 2478 1956 suis
2501 1899 2797 1972 episcopis.
2821 1900 3045 1958 Nullum
3069 1915 3202 1975 ergo
3223 1918 3288 1959 ex
3309 1902 3394 1959 his
3421 1908 3603 1974 potest
3623 1902 3719 1974 p'er
3741 1917 3802 1958 se
3821 1900 3971 1958 serre

2362 1987 2512 2063 leges
2541 1987 2836 2063 obligantes
2866 1996 3042 2047 totam
3070 1991 3374 2073 Ecclesiam
3393 2034 3407 2063 ,
3435 1992 3542 2048 nisi
3570 1992 3810 2050 Pontifex
3843 1991 3970 2050 illas

2362 2079 2571 2136 efficiat
2609 2094 2771 2153 suas,
2809 2080 2938 2152 quia
2971 2096 3080 2138 non
3122 2081 3321 2139 hahent
3346 2081 3704 2139 universalem
3745 2081 3972 2155 iurisdi-

2365 2169 2626 2241 ctionem,
2649 2175 2707 2225 et
2725 2168 2916 2225 eadem
2939 2172 3150 2228 ratione
3170 2187 3278 2228 non
3309 2180 3542 2244 possunt
3565 2173 3707 2230 ferre
3733 2172 3881 2246 leges
3915 2174 3974 2229 in

2365 2259 2607 2316 materiis
2631 2260 2974 2331 gravioribus
3003 2263 3294 2321 reservatis
3323 2263 3588 2328 Pontifici,
3621 2264 3770 2320 iuxta
3799 2278 3978 2336 regu-

2366 2349 2474 2408 lam
2503 2364 2672 2423 supra
2697 2351 2947 2422 positam.
2973 2354 3042 2409 At
3070 2368 3198 2410 vero
3220 2354 3272 2410 in
3303 2352 3978 2426 materia'proportionata

2367 2447 2548 2514 potest
2579 2440 3017 2515 unumquodque
3045 2443 3100 2499 in
3131 2459 3234 2500 suo
3262 2446 3538 2501 territorio
3566 2444 3711 2516 leges
3737 2443 3908 2501 serre.

2443 2530 2738 2589 Conclusio
2758 2548 2890 2605 ergo
2914 2533 2996 2589 sic
3023 2533 3292 2605 explicata
3317 2536 3555 2597 sumitur
3579 2550 3648 2591 ex
3685 2550 3809 2607 cap.
3849 2536 3975 2592 Ca-

2367 2622 2612 2689 thelica,
2639 2622 2766 2679 dist.
2783 2627 2803 2681 i
2822 2627 2942 2695 1,et
2959 2640 3025 2681 ex
3045 2639 3172 2697 cap.
3210 2622 3502 2693 concilia,
3524 2625 3649 2682 dist.
3667 2628 3754 2696 17,
3770 2632 3827 2683 et
3855 2624 3974 2683 l'ere

2370 2720 2487 2770 tota
2513 2711 2644 2769 dist.
2683 2717 2772 2785 18,
2803 2720 2860 2769 et
2898 2729 3021 2786 cap.
3053 2714 3264 2786 penult.
3295 2714 3422 2773 dist.
3453 2718 3550 2774 92.
3581 2716 3739 2773 Ratio
3779 2721 3972 2772 autem

2371 2803 2535 2860 huius
2573 2802 2962 2860 iurisdictionis
3005 2806 3146 2861 sumi
3186 2810 3366 2875 potest
3401 2804 3485 2861 vel
3521 2820 3589 2862 ex
3630 2811 3828 2861 natura
3857 2806 3973 2875 rei,

2371 2894 2656 2966 supposita
2695 2893 2966 2950 ordinaria
3013 2893 3389 2952 iurisdictione
3435 2897 3824 2968 episcoporum
3851 2935 3867 2967 ,
3917 2900 3978 2952 et

2371 2984 2616 3041 aliorum
2643 2984 3010 3056 praelatorum
3041 2985 3390 3057 superiorum
3408 3030 3424 3057 ,
3453 2988 3550 3060 qui
3575 2987 3627 3043 in
3655 2985 3849 3043 ordine
3877 2972 3980 3043 ec'-

2374 3074 2712 3131 clesiasticae
2751 3073 3088 3131 hierarchiae
3127 3074 3230 3132 illis
3255 3077 3588 3149 *superiores
3623 3082 3757 3133 sunt
3792 3075 3982 3149 aliquo

2373 3163 2558 3221 modo.
2593 3166 2728 3221 Nam
2757 3163 2884 3221 inde
2911 3166 3096 3221 statim
3123 3166 3212 3234 lit,
3243 3172 3306 3223 ut
3333 3173 3607 3239 quatenus
3649 3166 3838 3237 plures
3866 3166 3986 3237 epi-

2375 3257 2527 3327 scopi
2575 3256 2680 3312 sub
2719 3270 2829 3312 uno
2867 3254 3281 3328 archiepiscopo
3308 3255 3394 3312 vel
3424 3255 3737 3328 patriarcha
3773 3255 3984 3312 consti·

2378 3352 2635 3417 tuuntur,
2663 3346 2878 3417 possint
2901 3345 3064 3403 etiam
3091 3346 3146 3401 in
3175 3360 3346 3402 unum
3371 3347 3719 3419 congregari,
3749 3350 3807 3402 et
3847 3343 3983 3418 legi·

2375 3438 2570 3498 timum
2599 3452 2806 3509 corpus
2843 3426 3137 3511 mysticum
3165 3435 3420 3508 efficere,
3450 3438 3500 3491 in
3528 3452 3640 3510 quo
3667 3452 3738 3494 ex
3777 3441 3984 3491 natura

2374 3528 2456 3583 rei
2475 3534 2568 3584 est
2593 3534 2837 3599 potestas
2861 3525 3183 3599 legislativa,
3205 3541 3270 3582 eo
3297 3528 3420 3599 ipso
3446 3526 3595 3600 quod
3623 3542 3656 3583 a
3691 3527 3982 3599 superiore

2379 3633 2489 3675 non
2520 3617 2862 3690 prohibetur.
2887 3618 2958 3673 Et
2981 3615 3171 3674 eadem
3193 3617 3330 3675 ratio
3352 3616 3602 3690 procedit
3619 3619 3672 3673 in
3695 3618 3850 3673 clero
3873 3616 3983 3673 sub

2379 3722 2492 3783 uno
2519 3707 2778 3779 episcopo
2805 3706 3134 3779 constituto,
3161 3711 3270 3763 etc.
3303 3707 3402 3764 Vel
3427 3709 3594 3764 etiam
3623 3714 3811 3780 potest
3841 3707 3982 3763 haec

2380 3796 2682 3870 iurisdictio
2737 3796 2950 3853 censeri
2999 3811 3064 3852 ex
3119 3798 3462 3854 institutione
3511 3797 3749 3854 humana
3780 3839 3796 3869 ,
3847 3799 3985 3869 quia

2383 3886 2582 3945 summi
2612 3888 2896 3944 Pontifices
2921 3885 3220 3944 voluerunt
3247 3886 3314 3944 ad
3343 3888 3602 3945 maiorem
3633 3888 3892 3945 unionem
3919 3894 3983 3943 et

2378 3978 2815 4036 conformitatem
2841 3977 3178 4034 diversarum
3206 3980 3518 4048 nationum,
3549 3977 3634 4035 vel
3662 3979 3982 4050 provincia-

2379 4076 2652 4140 rum„aut
2679 4070 3104 4140 episcopatuum
3128 4068 3456 4141 respective,
3473 4074 3530 4125 et
3549 4066 3616 4124 ad
3643 4069 3822 4139 magis
3850 4082 3982 4123 sua·

2379 4174 2504 4216 vem
2532 4158 2997 4231 gubernationem,
3023 4166 3084 4215 ut
3110 4173 3217 4214 non
3249 4157 3424 4215 solum
3455 4174 3552 4230 per
3581 4158 3733 4230 ipsos
3760 4157 3982 4229 episco-

2383 4264 2508 4322 pos,
2531 4264 2630 4305 seu
2659 4250 2920 4321 primates
2947 4247 3286 4321 singillatim,
3303 4247 3398 4305 sed
3419 4250 3584 4305 etiam
3603 4264 3700 4320 per
3727 4248 3978 4319 legitima

2382 4340 2616 4398 concilia
2643 4346 2698 4396 et
2725 4337 2964 4415 synodos
2991 4337 3137 4411 leges
3163 4336 3290 4395 ferri
3317 4346 3558 4411 possent.
3581 4337 3732 4405 Quae
3760 4338 3986 4393 institu-

2384 4432 2464 4487 tio
2491 4436 2718 4487 constat
2740 4445 2806 4486 ex
2837 4428 3122 4485 traditione
3149 4429 3558 4502 antiquissima,
3591 4435 3650 4487 et
3673 4428 3986 4485 insinuatur

2387 4522 2441 4579 in
2469 4522 2654 4578 citatis
2681 4517 3016 4591 decretis,et
3039 4520 3330 4577 novissime
3350 4520 3402 4575 in
3425 4517 3659 4577 concilio
3681 4518 3987 4577 tridentino

2387 4592 2532 4669 sess.¹
2558 4614 2654 4683 24,
2685 4626 2809 4683 cap.
2837 4615 2897 4669 Ι2.
2928 4610 2997 4667 de
3039 4612 3414 4668 reformationi.
3457 4617 3731 4684 quatenus
3771 4612 3988 4683 praeci-

2385 4702 2513 4776 pit,
2557 4700 2834 4777 synodalia
2884 4707 2938 4757 et
2975 4701 3326 4773 provincialia
3374 4700 3630 4759 concilia.
3658 4700 3988 4775 frequenter

2391 4792 2536 4848 fieri.

2463 4880 2614 4941 Unde
2643 4882 2734 4956 fit,
2776 4887 2840 4938 ut
2865 4880 2934 4937 ad
2960 4881 3342 4953 obligationem
3371 4880 3589 4955 legum,
3629 4896 3774 4955 quae
3802 4880 3869 4938 ab
3897 4881 3984 4937 his

2389 4970 2628 5029 conciliis
2656 4972 2821 5041 flunt,
2851 4985 2960 5028 non
2989 4972 3058 5027 sit
3083 4970 3384 5028 necessaria
3411 4971 3754 5028 confirmatio
3783 4972 3984 5044 Papae.

2388 5062 2524 5131 Quia
2563 5060 2696 5119 haec
2745 5059 2976 5119 concilia
3015 5064 3162 5119 intra
3187 5078 3244 5119 se
3272 5061 3502 5135 habent,
3545 5061 3629 5120 vel
3661 5061 3860 5120 habere
3888 5061 3990 5120 de·

2390 5153 2524 5211 bant
2569 5159 2739 5226 caput
2785 5152 2886 5209 sibi
2929 5153 3404 5226 proportionatum
3429 5193 3446 5221 ,
3497 5153 3707 5210 scilicet
3751 5155 3988 5225 patriar-

2390 5243 2552 5301 cham
2573 5284 2588 5315 ,
2629 5248 2724 5301 aut
2749 5244 3065 5319 primatem,
3109 5243 3195 5301 vel
3220 5242 3692 5317 archiepiscopum
3713 5242 3845 5319 ,wel
3873 5246 3991 5319 epi-
