4325 6267
764 322 848 390 76

683 483 847 545 pore,
890 475 1204 542 perseverat
1240 466 1386 526 sicut
1422 472 1580 526 antea
1605 467 1718 528 sine
1743 481 1886 528 nova
1909 468 2146 530 editione
2178 468 2265 526 vel

675 559 1131 635 promulgatione.
1155 558 1507 618 Particularia
1533 565 1714 617 autem
1740 561 1966 620 mutatio
1987 561 2068 634 tit,
2091 574 2267 635 quan-

675 650 780 726 do,
815 655 1064 708 manente
1103 647 1220 723 lege
1257 649 1440 724 quoad
1477 649 1840 708 universalem
1876 647 2266 724 obligationem

672 745 930 814 respectu
962 741 1404 813 communitatis,
1437 740 1684 800 aufertur
1725 741 1779 799 in
1815 740 2134 814 particulari
2174 757 2261 799 re-

675 837 872 906 spectu
909 830 1141 889 alicuius
1170 845 1464 904 personae,
1493 847 1593 890 seu
1631 833 1799 905 partis
1828 831 2258 906 communitatis,

672 929 736 982 ut
763 922 878 981 lieri
897 920 1041 980 solet
1059 937 1157 994 per
1177 921 1602 994 dispensationes
1617 962 1635 993 ,
1658 929 1755 980 aut
1776 921 2072 996 privilegia.
2095 923 2258 995 Nam,

675 1015 822 1072 sicut
850 1028 1018 1086 supra
1037 1011 1270 1071 diximus
1293 1054 1308 1085 ,
1331 1028 1494 1086 posse
1513 1012 1782 1072 interdum
1811 1013 1942 1071 ferri
1963 1010 2138 1087 legem
2161 1029 2263 1086 pro

671 1105 859 1180 aliqua
893 1103 1317 1172 communitate,
1347 1102 1661 1178 excipiendo
1696 1108 1940 1178 partem,
1967 1103 2052 1160 vel
2082 1103 2262 1178 aliqua

673 1195 948 1268 membra,
988 1211 1058 1254 ex
1093 1195 1240 1253 iusta
1263 1208 1460 1269 causa;
1489 1198 1566 1254 ita
1592 1202 1720 1268 post
1744 1196 1910 1252 latam
1936 1196 2260 1269 generaliter

677 1286 856 1362 legem
897 1291 1078 1358 potest
1117 1285 1231 1342 fieri
1271 1284 1460 1344 similis
1485 1286 1753 1358 exemptio
1771 1329 1788 1358 ,
1813 1291 1870 1344 et
1896 1291 2031 1344 tunc
2059 1284 2262 1345 dicitur

679 1377 798 1436 fieri
821 1377 1051 1434 mutatio
1079 1374 1262 1450 aliqua
1289 1375 1634 1451 particularis
1659 1377 1712 1435 in
1739 1377 1875 1452 lege.

757 1472 812 1526 5.
845 1466 918 1524 Et
941 1467 1092 1524 iuxta
1117 1463 1256 1523 hanc
1283 1464 1681 1525 distinctionem
1713 1475 1842 1528 sunt
1865 1470 2150 1543 impositae
2170 1485 2263 1528 va-

676 1558 791 1617 riae
824 1571 989 1615 voces
1025 1555 1093 1614 ad
1120 1554 1260 1614 hanc
1287 1555 1416 1630 legis
1443 1560 1800 1617 mutationem
1831 1559 2259 1636 significandam,

678 1664 818 1725 quas
845 1652 1066 1720 oportet
1089 1645 1325 1705 breviter
1352 1662 1483 1721 prae
1510 1648 1686 1706 oculis
1714 1664 1949 1724 ponere,
1975 1656 2040 1708 ut
2059 1649 2262 1709 clarius

675 1745 735 1798 et
767 1736 1075 1812 expeditius
1111 1738 1170 1794 in
1207 1739 1562 1814 sequentibus
1587 1740 1736 1814 loqui
1763 1742 2058 1814 possimus.
2089 1743 2264 1811 Quae·

674 1828 800 1888 dam
841 1829 1012 1904 igitur
1049 1827 1215 1885 verba
1255 1834 1413 1902 sunt,
1446 1845 1588 1903 quae
1626 1831 1931 1905 significant
1956 1832 2263 1906 generalem

675 1927 732 1978 et
771 1917 1076 1977 absolutam
1114 1920 1476 1977 mutationem
1517 1919 1676 1994 legis3
1710 1921 1851 1998 alia,
1879 1938 2022 1996 quae
2050 1930 2263 1982 tantum

678 2011 983 2085 significant
1009 2010 1365 2068 mutationem
1394 2010 1698 2070 secundum
1720 2011 1882 2087 quid,
1906 2013 1990 2072 vel
2022 2016 2263 2087 particu-

671 2099 1033 2159 larem.Prior
1053 2100 1390 2175 significatur
1409 2104 1700 2176 praecipue
1721 2118 1818 2175 per
1840 2101 2069 2162 verbum
2091 2104 2264 2163 abro-

671 2189 864 2266 gandi
883 2188 1077 2266 legem3
1103 2196 1236 2248 tunc
1257 2191 1402 2248 enim
1421 2191 1674 2267 abrogari
1693 2191 1778 2251 lex
1793 2189 2016 2268 dicitur,
2039 2194 2261 2268 quando

673 2281 915 2340 totaliter
965 2295 1032 2338 ac
1069 2280 1390 2354 simpliciter
1425 2282 1694 2341 aufertur.
1725 2286 1909 2343 Potest
1946 2291 2130 2344 autem
2157 2285 2263 2344 hoc

672 2372 790 2430 lieri
831 2371 993 2428 variis
1031 2369 1229 2428 modis.
1271 2371 1426 2430 Unus
1465 2378 1549 2430 est
1583 2387 1682 2446 per
1711 2373 2010 2447 simplicem
2037 2375 2263 2433 ablatio-

671 2477 798 2520 nem
825 2460 990 2535 legis,
1019 2476 1159 2534 quae
1186 2465 1368 2533 potest
1393 2460 1502 2521 dici
1528 2464 1802 2522 revocatio
1825 2464 1992 2539 legis,
2017 2472 2075 2523 et
2095 2467 2263 2524 inter-

671 2553 807 2611 dum
838 2556 1070 2610 vocatur
1097 2567 1244 2610 mors
1271 2551 1437 2626 legis,
1462 2559 1526 2612 ut
1544 2552 1846 2612 videbimus
1867 2554 2004 2614 infra
2024 2562 2266 2616 tractan-

673 2642 744 2702 do
772 2641 841 2702 de
877 2641 992 2716 lege
1019 2642 1210 2700 veteri.
1239 2642 1392 2700 Alius
1417 2648 1533 2717 est,
1562 2636 1782 2717 quando
1816 2661 1924 2704 non
1953 2646 2133 2704 solum
2162 2647 2265 2706 tol-

672 2733 807 2793 litur
842 2731 959 2806 lex,
989 2732 1086 2791 sed
1112 2733 1274 2790 etiam
1312 2739 1529 2792 vetatur
1561 2735 1678 2793 eius
1706 2735 2042 2810 observatio,
2069 2745 2126 2796 et
2152 2739 2264 2796 dici

671 2829 858 2898 potest
901 2822 1189 2897 prohibitio
1227 2823 1393 2898 legis,
1435 2839 1535 2898 per
1573 2839 1739 2898 quam
1777 2828 1928 2898 prior
1964 2827 2050 2885 lex
2077 2827 2265 2901 incipit

670 2930 796 2973 esse
822 2928 932 2971 non
958 2913 1137 2972 solum
1165 2921 1415 2988 mortua,
1445 2912 1541 2972 sed
1569 2915 1730 2975 etiam
1758 2913 2070 2990 mortifera,
2100 2926 2166 2977 ut
2192 2919 2261 2976 de

677 3005 799 3080 lege
827 3005 995 3062 veteri
1022 3003 1326 3078 loquuntur
1350 3003 1606 3079 theologi.
1632 3006 1930 3082 Differtque
1951 3008 2041 3066 hic
2065 3009 2263 3067 modus

675 3083 710 3154 2¹1
739 3092 1114 3170 praecedenti,
1154 3095 1285 3169 quia
1317 3094 1408 3153 ille
1437 3095 1689 3154 consistit
1711 3095 1890 3155 solum
1919 3097 1971 3156 iu
1998 3099 2264 3158 ablatione

671 3187 807 3260 legis
832 3191 887 3245 et
913 3183 1257 3260 obligationis
1283 3184 1435 3261 eius,
1466 3185 1553 3244 hic
1581 3201 1710 3246 vero
1738 3195 1954 3261 praeter
1977 3189 2121 3248 illam
2151 3191 2260 3264 pri-

671 3278 946 3337 vationem
971 3275 1122 3335 addit
1145 3290 1341 3336 novam
1370 3276 1542 3352 legem
1583 3278 1957 3352 prohibentem
1993 3279 2077 3354 id,
2111 3283 2265 3356 quod

671 3368 935 3445 perillam
966 3368 1427 3442 praecipiebatur.

757 3464 813 3521 6.
845 3460 1058 3518 Tertius
1085 3460 1281 3517 modus
1307 3473 1428 3516 esse
1455 3463 1667 3532 potest,
1699 3460 1919 3533 quando
1947 3476 2056 3518 non
2083 3461 2263 3520 solum

670 3549 1021 3624 prohibetur,
1067 3546 1217 3622 quod
1265 3547 1417 3620 prius
1464 3548 1928 3625 praecipiebatur,
1967 3550 2063 3608 sed
2099 3551 2263 3608 etiam

667 3639 1042 3712 contrarium,
1081 3637 1165 3695 vel
1208 3637 1648 3709 incompossibile
1689 3639 1855 3710 priori
1897 3641 2258 3715 praecipitum

673 3738 739 3791 ut
763 3731 808 3788 si
833 3730 990 3804 prius
1019 3727 1450 3802 praecipiebatur
1467 3728 1711 3786 studium
1739 3728 1830 3788 tali
1853 3728 2013 3803 hora,
2037 3735 2093 3787 et
2113 3737 2262 3804 post·

672 3837 738 3882 ea
765 3817 1202 3894 praecipiebatur
1229 3817 1398 3875 oratio
1425 3831 1523 3890 pro
1561 3817 1750 3877 eadem
1786 3819 1950 3894 hora3
1985 3835 2112 3877 nam
2145 3821 2261 3898 ⁴hoc

671 3912 796 3988 plus
840 3914 958 3982 est,
999 3923 1166 3982 quam
1203 3922 1312 3966 non
1353 3909 1668 3982 praecipere
1709 3907 1982 3983 studium,
2010 3917 2068 3967 et
2093 3925 2261 3984 quam

673 4000 965 4078 prohibere
991 3997 1154 4070 illud3
1178 3997 1392 4057 additur
1419 4013 1552 4072 ergo
1581 3999 1634 4055 in
1663 3998 1767 4057 hoc
1790 4001 1950 4058 tertio
1977 3999 2140 4059 modo
2165 4016 2261 4058 no-

677 4107 811 4150 vum
837 4095 1187 4165 praeceptum
1217 4104 1326 4146 non
1360 4088 1537 4146 solum
1565 4088 1632 4147 de
1659 4089 2086 4148 contradictorio
2115 4091 2260 4148 obie-

670 4185 764 4242 cto
802 4186 893 4260 (ut
918 4181 1012 4250 ,sic
1050 4177 1288 4252 dicam),
1319 4177 1416 4237 sed
1441 4180 1602 4236 etiam
1629 4177 1697 4237 de
1737 4181 2035 4239 contrario.
2075 4182 2262 4240 Potest

669 4279 856 4332 autem
886 4271 970 4329 his
997 4269 1213 4329 duobus
1240 4268 1446 4328 ultimis
1468 4269 1642 4329 modis
1663 4269 1940 4345 abrogatio
1962 4271 2159 4345 prioris
2183 4274 2259 4331 le-

658 4365 753 4439 gis
781 4364 894 4422 fieri
920 4377 1020 4436 per
1047 4359 1204 4418 aliam
1227 4374 1422 4418 novam
1442 4359 1614 4435 legem
1637 4360 2147 4438 contradictoriam,
2173 4365 2257 4422 vel

673 4455 1020 4525 contrariam,
1034 4449 1318 4524 aliquando
1335 4465 1463 4508 vero
1483 4449 1761 4524 praecedit
1786 4466 1926 4524 pura
1953 4455 2255 4526 revocatio,

670 4551 730 4603 et
766 4549 952 4618 postea
991 4541 1208 4600 additur
1248 4557 1388 4599 nova
1419 4540 1746 4615 prohibitio,
1786 4543 1868 4600 vel
1898 4560 2102 4603 novum
2127 4561 2261 4603 con·

670 4635 902 4694 trarium
929 4637 1300 4706 praeceptum.
1323 4632 1396 4690 Et
1417 4630 1636 4705 quando
1655 4633 1717 4690 fit
1742 4633 1912 4706 priori
1936 4634 2121 4710 modo,
2147 4651 2257 4693 non

670 4732 848 4800 potest
873 4723 1139 4798 posterior
1160 4723 1247 4781 lex
1273 4723 1384 4780 fieri
1411 4724 1518 4780 nisi
1543 4723 1627 4783 vel
1656 4724 1722 4782 ab
1746 4725 1961 4799 eodem,
1992 4728 2087 4801 qui
2115 4727 2259 4798 prio·

670 4833 790 4876 rem
834 4814 1003 4888 tollit,
1045 4813 1131 4872 vel
1168 4829 1201 4870 a
1240 4814 1504 4887 superiori
1537 4820 1841 4890 potestate,
1882 4818 2011 4891 quia
2039 4816 2258 4875 inferior

671 4924 778 4966 non
804 4913 986 4980 potest
1009 4905 1260 4964 resistere
1287 4905 1496 4963 maiori.
1527 4904 1752 4990 Quando
1783 4921 1910 4964 vero
1938 4909 1996 4964 lit
2020 4906 2259 4981 prohibi-

669 5002 744 5058 tio
772 4995 1058 5072 posteriori
1079 4995 1240 5054 modo
1262 5039 1278 5070 ,
1299 5001 1478 5068 potest
1501 4997 1611 5054 fieri
1630 4996 1698 5054 ab
1718 4997 1982 5072 inferiori,
2001 4999 2128 5073 quia
2150 4997 2255 5054 iam

673 5090 934 5164 supponit
967 5087 1198 5145 ablatam
1224 5088 1462 5160 priorem
1489 5087 1699 5162 legem,
1729 5089 1870 5148 utin
1903 5087 2259 5163 abrogatione

672 5183 806 5258 legis
831 5179 1030 5239 veteris
1058 5177 1241 5237 videre
1270 5177 1423 5248 licet,
1446 5183 1504 5236 et
1529 5179 1668 5237 intra
1696 5195 1798 5236 suo
1817 5177 1942 5237 loco
1963 5179 2254 5252 explicabi-

667 5289 813 5334 mus.
828 5273 1073 5346 Denique
1087 5269 1219 5329 Soto
1240 5266 1442 5328 addidit
1457 5269 1818 5330 irritationem
1837 5267 1970 5345 legis
1991 5279 2253 5345 tanquam

2155 341 2364 394 unm
2389 339 2442 394 1.

2334 466 2647 528 distinctam
2684 469 2753 528 ab
2792 467 3160 546 abrogatione.
3182 470 3353 546 legis3
3396 473 3528 549 quia
3556 473 3707 534 sicut
3732 482 3929 538 votum

2332 559 2529 618 irritari
2567 565 2783 634 potest,
2826 560 2903 620 ita
2943 559 3155 618 videtur
3192 563 3354 622 etiam
3380 562 3467 622 lex
3491 581 3655 638 posse
3682 566 3910 626 irritari.

2332 647 2718 710 Verumtamen
2744 651 2799 708 in
2820 651 2939 726 lege
2958 651 3185 710 irritatio
3207 668 3314 710 non
3330 653 3545 715 videtur
3563 656 3828 718 distincta
3848 659 3921 716 ab

2334 738 2709 814 abrogatione,
2730 741 2859 816 quia
2884 740 3138 801 eumdem
3164 743 3418 804 effectum
3448 745 3633 820 habet,
3651 753 3708 807 et
3734 750 3921 808 solum

2331 845 2429 902 per
2455 836 2772 904 potestatem
2798 831 3184 892 iurisdictionis
3204 835 3320 894 lieri
3340 842 3545 909 potest.
3571 840 3704 896 Seto
3734 847 3923 900 autem

2333 928 2496 979 vocat
2522 921 2825 995 simplicem
2846 924 3277 1000 abrogationem,
3302 926 3518 1005 quando
3534 929 3593 986 lit
3612 929 3681 986 ab
3703 930 3923 1004 eodem,

2332 1012 2427 1084 qui
2448 1008 2622 1086 legem
2652 1012 2803 1088 tulit,
2830 1014 2913 1072 vel
2935 1017 2968 1072 'a
2994 1031 3343 1092 successore,
3368 1019 3463 1094 qui
3490 1025 3755 1094 tanquam
3778 1020 3929 1078 idem

2329 1107 2635 1173 reputatur.
2666 1101 2893 1172 Quando
2921 1119 3047 1163 vero
3074 1106 3271 1165 ablatio
3300 1108 3435 1181 legis
3474 1109 3535 1167 fit
3569 1125 3602 1166 a
3630 1108 3921 1184 superiori,

2330 1197 2465 1250 tunc
2504 1200 2669 1251 vocat
2706 1193 3080 1254 irritationem.
3114 1197 3216 1256 Sed
3254 1197 3358 1256 hoc
3388 1198 3568 1257 solum
3594 1206 3778 1272 potest
3803 1215 3928 1273 per-

2329 1282 2497 1341 tinere
2536 1283 2605 1341 ad
2644 1300 2808 1342 usum
2850 1289 3029 1360 vocis3
3062 1304 3129 1345 an
3173 1304 3301 1346 vero
3342 1291 3397 1346 in
3426 1305 3483 1347 re
3517 1291 3592 1348 sit
3616 1290 3799 1366 aliqua
3826 1290 3929 1349 dis·

2330 1371 2559 1432 ferentia
2576 1415 2591 1445 ,
2622 1375 2763 1432 inira
2790 1377 2945 1435 circa
2974 1377 3147 1453 legem
3175 1378 3469 1438 humanam
3494 1380 3760 1440 dicemus.

2412 1465 2466 1522 7.
2495 1462 2647 1522 Aliae
2674 1474 2805 1525 sunt
2822 1483 2984 1526 voces
3006 1470 3367 1544 significantes
3388 1472 3781 1546 particularem
3804 1489 3931 1532 mu-

2334 1555 2592 1612 tationem
2630 1556 2799 1632 legis,
2835 1560 2975 1616 inter
3014 1575 3153 1634 quas
3189 1562 3361 1635 prima
3408 1568 3468 1621 et
3504 1565 3677 1637 magis
3718 1565 3929 1623 usitata

2328 1650 2415 1703 est
2433 1645 2758 1720 dispensatio
2783 1646 2931 1722 legis.
2956 1649 3114 1708 Circa
3132 1666 3298 1723 quam
3323 1668 3515 1710 vocem
3538 1654 3715 1711 notari
3728 1655 3784 1710 in
3806 1657 3921 1726 pri-

2330 1735 2431 1793 mis
2459 1734 2619 1794 dehet
2644 1737 2796 1810 origo
2819 1745 2876 1796 et
2910 1741 3215 1812 proprietas
3250 1742 3388 1800 eius.
3420 1744 3746 1816 Dispensare
3774 1745 3923 1802 enim

2330 1825 2383 1882 in
2410 1841 2509 1883 sua
2538 1827 2755 1900 propria
2780 1827 3120 1901 impositione
3144 1830 3289 1890 idem
3310 1838 3397 1890 est
3412 1875 3429 1906 ,
3453 1831 3607 1907 quod
3625 1831 3921 1892 distrihue-

2330 1933 2419 1990 re,
2447 1917 2531 1975 vel
2561 1917 2937 1978 administrare
2962 1936 3165 1980 munus
3194 1921 3436 1998 aliquod,
3470 1923 3671 1981 habens
3695 1924 3929 1982 coniun-

2331 1997 2685 2066 ctam‘rerum
2705 2009 3143 2070 necessariarum
3163 2011 3619 2072 distributionem.
3634 2015 3705 2072 Et
3720 2014 3791 2072 ita
3810 2013 3929 2072 dis·

2335 2099 2559 2157 tributio
2586 2101 2705 2173 ipsa
2730 2099 3115 2160 beneficiorum
3143 2105 3266 2176 Dei,
3307 2120 3450 2179 quae
3478 2120 3576 2178 pro
3604 2105 3808 2162 ratione
3834 2104 3919 2163 di-

2332 2190 2487 2247 vinae
2514 2190 2881 2262 providentiae
2906 2190 3132 2250 diversis
3160 2195 3501 2267 temporibus
3520 2195 3610 2266 tit,
3634 2193 3921 2268 dispensa-

2334 2279 2408 2337 tio
2438 2279 2578 2338 solet
2606 2280 2890 2356 appellari,
2922 2289 2985 2340 ut
3010 2289 3160 2356 patet
3184 2299 3254 2343 ex
3277 2283 3370 2353 illo
3392 2285 3462 2342 ad
3484 2285 3685 2358 Ephes.
3724 2292 3745 2344 1
3772 2303 3787 2340 ε
3820 2287 3929 2344 Se-

2330 2369 2594 2428 cundam
2616 2370 3043 2448 beneplacitum
3060 2375 3209 2442 eius,
3237 2373 3392 2449 quod
3414 2379 3721 2452 proposuit
3740 2379 3807 2436 in
3830 2392 3919 2446 eo,

2328 2462 2395 2517 in
2413 2458 2849 2536 dispensatione
2860 2461 3253 2537 plenitudinis
3276 2469 3558 2540 temporis
3576 2469 3925 2525 instaurare

2336 2554 2543 2608 omnia
2567 2555 2633 2610 in
2664 2553 2915 2610 Christo.
2948 2555 3263 2627 Specialiter
3289 2563 3477 2614 autem
3502 2558 3643 2615 solet
3679 2559 3729 2614 in
3758 2574 3921 2618 sacra

2332 2641 2621 2715 Scriptura
2646 2645 2831 2701 vocari
2858 2643 3196 2718 dispensator
3212 2686 3229 2720 ,
3250 2650 3350 2721 qui
3378 2648 3431 2704 in
3458 2647 3622 2707 domo
3648 2651 3923 2724 aliquant>

2329 2735 2453 2792 eius
2480 2731 2694 2792 domino
2722 2737 3078 2795 constituitur
3096 2779 3113 2812 ,
3144 2745 3205 2796 ut
3230 2740 3537 2798 necessaria
3563 2740 3793 2797 familiae
3812 2740 3925 2799 dis·

2331 2829 2542 2898 penset,
2564 2824 2715 2881 iuxta
2738 2823 2871 2882 illud
2892 2827 3035 2884 Luc«
3063 2832 3148 2887 12:
3183 2832 3350 2906 Quis,
3380 2835 3581 2903 putas,
3617 2829 3927 2904 estfidelis

2331 2911 2728 2990 dispensator,
2774 2922 2886 2974 etc.
2928 2917 3001 2976 Et
3038 2919 3114 2976 ita
3153 2919 3207 2974 in
3234 2921 3402 2977 veteri
3428 2925 3755 2978 testamento
3784 2921 3933 2980 solet

2331 3018 2533 3062 nomen
2571 3004 2959 3079 dispensatoris
3000 3009 3312 3083 temporalis
3339 3012 3519 3083 accipi
3545 3028 3647 3084 pro
3671 3012 3797 3086 illo,
3830 3017 3928 3088 qui

2333 3094 2585 3153 familiam
2612 3096 2845 3154 alicuius
2870 3099 3241 3172 temporaliter
3262 3099 3628 3176 administrat,
3647 3108 3710 3161 ut
3728 3105 3925 3161 Genes.

2331 3189 2435 3254 ⁴3,
2468 3191 2521 3243 et
2545 3190 2617 3245 44
2636 3229 2651 3258 ,
2679 3192 2736 3245 et
2764 3190 2818 3246 3.
2848 3189 2983 3262 Reg.
3020 3194 3073 3249 8.
3109 3191 3181 3248 Et
3206 3189 3341 3250 haec
3368 3194 3619 3266 acceptio
3656 3199 3743 3250 est
3770 3193 3929 3251 valde

2330 3276 2533 3334 usitata
2560 3275 2613 3333 in
2642 3277 2765 3334 iure
2790 3277 2958 3351 civili,
2988 3285 3218 3354 erecte,
3256 3283 3430 3341 instit.
3471 3282 3539 3341 de
3566 3283 3846 3356 mandato,
3877 3284 3920 3342 l.

2330 3365 2600 3434 urbana,
2629 3366 2686 3425 ff.
2716 3365 2783 3424 de
2811 3367 2961 3425 verb.
2994 3369 3277 3445 significat.
3306 3379 3365 3431 et
3390 3374 3561 3434 multa
3584 3374 3654 3434 de
3680 3374 3767 3432 illa
3792 3390 3924 3434 eru·
3968 3391 3977 3400 ·

2331 3453 2441 3513 dite
2467 3455 2717 3529 congerit
2742 3457 3068 3519 Brissonius.

2410 3550 2462 3604 8.
2494 3549 2565 3604 At
2590 3546 2643 3603 in
2670 3561 2809 3604 novo
2836 3555 3162 3609 testamento
3184 3552 3253 3609 ad
3280 3552 3526 3612 altiorem
3542 3596 3559 3629 ,
3586 3557 3927 3630 spiritualem

2331 3635 2541 3695 scilicet
2566 3637 3009 3712 significationem
3037 3657 3140 3699 vox
3170 3641 3302 3702 haec
3332 3646 3590 3704 translata
3616 3656 3733 3722 est3
3760 3653 3933 3725 signi-

2328 3725 2456 3785 ficat
2480 3728 2627 3785 enim
2654 3743 3033 3806 oeconomum,
3056 3747 3156 3790 seu
3182 3733 3488 3795 ministrum
3509 3739 3806 3812 spiritualis
3826 3741 3927 3800 do-

2328 3831 2455 3874 mus
2490 3816 2617 3890 Dei,
2648 3833 2789 3891 quae
2814 3828 2901 3877 est
2926 3821 3206 3896 Ecclesia,
3238 3825 3391 3884 iuxta
3418 3827 3550 3886 illud
3578 3835 3633 3888 2.
3663 3833 3915 3891 Corinth.

2331 3912 2397 3968 ⁴:
2428 3909 2525 3966 Sic
2552 3925 2661 3966 nos
2687 3912 2979 3968 existimet
3006 3913 3208 3981 homo,
3240 3919 3311 3973 ut
3336 3920 3635 3978 ministros
3666 3922 3915 3987 Christi,

2330 4003 2389 4056 et
2413 3996 2845 4074 dispensatores
2886 4007 3305 4077 mysteriorum
3328 4011 3475 4072 Dei,-
3508 4015 3566 4068 et
3588 4015 3645 4070 2.
3676 4012 3827 4070 Petr.
3858 4018 3916 4074 4:

2328 4091 2499 4150 Sicut
2514 4088 2651 4148 boni
2668 4089 3099 4165 dispensatores
3118 4095 3500 4170 multiformis
3520 4104 3758 4174 ,cp-attae
3780 4107 3914 4162 Dei.

2329 4179 2481 4240 Unde
2519 4183 2682 4239 etiam
2722 4182 2840 4253 ipsa
2877 4181 3215 4258 distributio,
3258 4201 3356 4244 seu
3396 4189 3663 4262 generalis
3691 4192 3918 4252 admini-

2330 4271 2522 4331 stratio
2550 4273 2935 4350 mysteriorum
2962 4274 3093 4348 Dei,
3121 4289 3262 4348 quae
3289 4277 3342 4334 in
3370 4278 3621 4339 Ecclesia
3646 4281 3737 4355 fit,
3766 4283 3913 4343 solet

2330 4363 2384 4421 in
2411 4379 2570 4421 sacra
2596 4363 2883 4437 Scriptura
2907 4361 3233 4437 dispensatio
3262 4368 3539 4441 appellari.
3580 4374 3628 4428 1.
3659 4373 3910 4433 Corinth.

2330 4459 2398 4516 9:
2430 4457 2811 4531 Dispensatio
2838 4455 2989 4512 mihi
3024 4455 3251 4515 credita
3274 4463 3397 4523 est,-
3426 4460 3495 4517 ad
3520 4462 3722 4535 Ephes.
3750 4469 3807 4523 3:
3840 4468 3917 4524 Si

2330 4549 2533 4604 tamen
2571 4543 2831 4604 audistis
2869 4542 3365 4620 dispensationem
3405 4552 3542 4619 Dei,
3583 4569 3735 4626 quae
3760 4553 3917 4616 data

2328 4641 2415 4695 est
2440 4637 2589 4696 mihi
2614 4639 2680 4693 in
2706 4635 2902 4704 vobis,·
2930 4636 2999 4693 ad
3023 4636 3205 4695 Colos.
3249 4634 3305 4697 1¹:
3340 4641 3530 4699 Cuius
3540 4639 3757 4714 factus
3786 4662 3923 4704 sum

2326 4743 2431 4801 eqo
2458 4730 2733 4785 ntinister
2753 4723 3072 4783 secundam
3087 4725 3584 4803 dispensationem
3601 4735 3735 4800 Dei,
3765 4752 3923 4810 quae

2326 4815 2478 4875 data
2515 4820 2602 4874 est
2640 4815 2811 4874 milti.
2842 4815 2931 4873 Sic
2958 4816 3121 4872 etiam
3146 4816 3279 4875 dixit
3300 4818 3613 4879 Ber-nardus
3641 4823 3711 4882 ad
3736 4825 3925 4902 Euge-

2324 4909 2475 4966 nium
2497 4907 2589 4965 lib.
2618 4912 2671 4965 3.
2698 4904 2771 4964 de
2792 4904 3145 4965 considerat.
3172 4923 3295 4981 cap.
3322 4913 3375 4968 3:
3402 4913 3784 4986 Dispensatio
3804 4917 3919 4975 tibi

2324 5013 2503 5074 super
2526 4995 2726 5055 orbem
2748 4994 2977 5054 eredita
2994 5002 3104 5064 est,
3134 5013 3257 5055 non
3274 4997 3427 5058 data
3440 5007 3751 5074 possessio.
3778 5005 3919 5066 Hinc

2322 5103 2456 5162 ergo
2483 5085 2715 5145 ulterius
2740 5086 2999 5144 translata
3018 5093 3107 5145 est
3124 5085 3259 5146 haec
3282 5107 3389 5148 vox
3408 5091 3477 5149 ad
3499 5092 3923 5167 sIgnilicandum

2321 5177 2705 5252 particularem
2725 5181 2915 5233 actum
2935 5175 3099 5234 huius
3121 5182 3405 5250 potestatis
3429 5180 3911 5264 administrativae3

2322 5268 2401 5326 sic
2440 5267 2583 5326 enim
2621 5267 2902 5324 concessio
2940 5265 3397 5342 indulgentiarum
3436 5270 3766 5346 dispensatio
3794 5276 3918 5336 the-
