4325 6267
1823 320 2032 374 CAPUT
2062 324 2183 373 XX·

344 451 855 525 etiam'principes,
897 466 1001 507 nec
1046 451 1225 507 solum
1268 450 1604 523 saeculares,
1650 448 1749 507 sed
1789 451 1957 507 etiam

344 541 648 615 religiosos3
666 556 801 613 ergo
830 541 1063 598 maxime
1090 539 1292 601 habent
1320 539 1459 597 hanc
1490 538 1950 597 universalitatem

345 629 495 704 leges
525 629 831 703 pontificiae
863 644 991 685 cum
1034 627 1225 687 eadem
1253 629 1595 698 limitatione,
1634 628 1851 684 scilicet
1881 624 1954 682 de

344 736 427 787 se,
464 726 520 776 et
546 720 645 776 nisi
674 720 743 777 ab
769 722 892 791 ipso
920 719 1183 777 Pontifice
1211 718 1532 777 limitentur.
1549 719 1687 786 Quia
1713 721 1957 788 potestas

346 808 669 866 universalis
715 814 836 880 est,
880 806 1179 879 nullusque
1228 807 1511 865 hominum
1558 807 1959 877 baptizatorum

342 899 617 955 invenitur
658 896 727 954 ab
764 896 857 954 illa
892 903 1204 968 exemptus.
1246 898 1361 953 Hoc
1402 903 1586 953 autem
1629 910 1846 967 semper
1874 896 1958 951 in-

344 987 607 1063 telligitur
654 988 811 1044 iuxta
850 986 1111 1042 materiae
1146 987 1493 1059 exigentiam.
1525 984 1662 1053 Quia
1698 1000 1809 1040 non
1840 986 1953 1039 sin-

340 1076 505 1151 gulae
554 1076 705 1149 leges
761 1075 1168 1132 ecclesiasticae
1216 1091 1315 1131 seu
1362 1074 1667 1148 pontificiae
1713 1072 1958 1146 obligant

342 1180 537 1222 omnes
576 1163 798 1233 fidele83
841 1166 954 1219 imo
993 1178 1201 1245 paucae
1242 1162 1375 1221 tales
1416 1168 1579 1235 sunt,
1610 1161 1735 1218 illae
1764 1160 1952 1219 videli-

342 1261 457 1326 cet,
502 1268 647 1327 quae
687 1254 989 1325 respiciunt
1027 1251 1340 1326 generalem
1378 1258 1586 1309 statum
1628 1251 1951 1308 christiano·

341 1358 493 1412 rum,
516 1348 575 1398 et
598 1343 898 1412 viatorum,
916 1356 1057 1414 quos
1085 1340 1331 1415 dirigunt
1356 1339 1420 1397 ad
1447 1342 1613 1397 vitam
1640 1346 1942 1399 aeternam.

340 1432 490 1490 Aliae
519 1446 649 1489 vero
672 1437 803 1488 suut
824 1429 1274 1487 accommodatae
1295 1429 1523 1487 diversis
1550 1430 1783 1487 statibus
1811 1429 1955 1485 chri·

342 1520 645 1578 stianorum
664 1563 680 1591 ,
714 1526 773 1577 et
800 1519 869 1577 ita
899 1519 1047 1595 leges
1077 1520 1412 1593 pontificiae,
1446 1526 1509 1576 ut
1534 1521 1635 1592 sic,
1665 1518 1735 1577 ad
1764 1533 1952 1576 omues

340 1615 625 1681 spectant;
673 1624 783 1666 non
823 1617 1006 1666 tamen
1048 1608 1293 1681 singulae
1318 1608 1387 1665 ad
1416 1624 1628 1679 omnes,
1660 1608 1753 1665 sed
1781 1610 1953 1680 parti·

340 1698 487 1755 tione
526 1696 909 1755 accommoda.
941 1696 1359 1771 Intelligendum
1393 1698 1561 1753 etiam
1600 1696 1733 1753 illud
1770 1705 1857 1752 est
1882 1696 1950 1754 de

338 1787 571 1845 statibus
600 1787 1015 1857 ecclesiasticis,
1046 1801 1145 1843 seu
1174 1786 1359 1859 aliquo
1382 1784 1547 1843 modo
1572 1784 1951 1857 spiritualibus

337 1891 407 1933 ex
434 1876 659 1933 materia
688 1883 745 1934 et
770 1876 1048 1932 fine.Nam
1076 1875 1121 1931 si
1148 1873 1431 1932 christiani
1452 1873 1696 1930 homines
1725 1889 1949 1932 suman·
2050 1914 2068 1923 -

338 1970 433 2021 tur
460 1964 705 2036 politice,
736 1971 795 2021 et
822 1970 885 2020 ut
910 1964 1060 2020 cives
1088 1970 1244 2034 sunt,
1276 1961 1355 2019 sic
1383 1978 1493 2019 non
1520 1960 1836 2019 subduntur
1862 1977 1955 2019 ec·

336 2054 663 2128 clesiasticis
691 2054 907 2129 legibus
928 2069 1025 2127 per
1052 2068 1113 2109 se
1139 2051 1516 2126 loquendo,ut
1540 2068 1713 2125 supra
1741 2058 1859 2109 trac
1871 2059 1953 2109 ta-

336 2150 457 2203 tum
480 2150 587 2201 est.
610 2142 763 2203 Unde
789 2143 919 2201 licet
940 2157 1067 2200 vere
1086 2140 1339 2199 dicamus
1362 2142 1609 2199 homines
1631 2142 1954 2198 cuiuscum-

336 2249 448 2307 que
485 2239 664 2291 status
704 2232 935 2306 obligari
974 2230 1371 2291 ecclesiasticis
1408 2229 1647 2303 legibus,
1680 2229 1951 2287 nihilomi-

334 2338 443 2379 nus
480 2338 609 2380 vere
648 2322 812 2381 etiam
850 2321 1087 2380 dicimus
1122 2363 1137 2393 ,
1179 2321 1332 2395 leges
1380 2320 1797 2378 ecclesiasticas
1843 2335 1953 2377 non

336 2427 500 2486 posse
525 2410 595 2469 de
637 2412 897 2470 omnibus
924 2412 1148 2470 omnino
1176 2410 1411 2468 statibus
1438 2408 1727 2467 hominum
1752 2408 1943 2482 dispo·

334 2518 486 2574 nere,
532 2509 597 2559 ut
636 2508 790 2574 patet
827 2504 885 2558 in
908 2501 1016 2575 his,
1046 2516 1189 2575 quae
1216 2500 1284 2559 ad
1313 2504 1520 2557 statum
1551 2514 1701 2557 mere
1730 2506 1945 2574 tempo-

332 2592 508 2650 ralem
531 2597 591 2648 et
616 2592 835 2649 civilem
864 2592 1157 2662 pertinent.
1364 2578 1369 2587 ’

410 2684 467 2737 3.
496 2680 679 2739 Tertio
723 2680 1019 2738 dicendum
1064 2686 1170 2753 est,
1222 2680 1367 2753 leges
1394 2680 1805 2753 episcoporum,
1837 2694 1941 2735 seu

334 2768 659 2846 synodales,
714 2769 845 2827 licet
890 2768 1097 2842 ubique
1142 2783 1249 2825 non
1291 2766 1561 2840 obligent,
1592 2773 1773 2824 tamen
1801 2768 1947 2824 intra

332 2860 673 2917 territorium
714 2857 957 2932 obligare
996 2863 1233 2929 possunt
1266 2855 1335 2912 de
1371 2871 1431 2912 se
1468 2855 1715 2913 homines
1756 2857 1949 2913 cuius·

330 2963 579 3023 cumque
608 2947 1003 3005 status.Prima
1030 2961 1159 3019 pars
1186 2944 1339 3003 clara
1362 2952 1469 3017 est,
1488 2945 1621 3019 quia
1646 2950 1803 3001 extra
1832 2952 1943 3002 ter·-

329 3038 581 3101 ritorium
624 3038 710 3095 ius
751 3037 952 3095 dicenti
992 3051 1102 3093 non
1140 3041 1368 3109 paretur
1394 3036 1639 3109 impune,
1673 3035 1709 3091 l.
1741 3033 1846 3092 ult.
1878 3033 1948 3092 de

224 3108 279 3190 .'
330 3127 527 3187 iurisd.
576 3128 818 3185 omnium
869 3125 1041 3183 iudic-
1084 3131 1143 3184 et
1182 3141 1306 3198 cap·
1348 3128 1422 3187 Ut
1448 3128 1829 3193 animarum,
1878 3123 1948 3183 de

329 3218 713 3277 constitution.
752 3220 809 3275 in
834 3222 886 3276 6.
907 3216 1167 3274 Secunda
1192 3216 1319 3273 item
1346 3230 1473 3287 pars
1500 3222 1587 3273 est
1612 3221 1787 3287 certa,
1812 3215 1943 3289 quia

329 3310 631 3382 episcopus
680 3315 768 3365 est
816 3306 1084 3380 generalis
1131 3310 1323 3380 pastor
1360 3304 1415 3360 in
1459 3320 1562 3361 sua
1587 3302 1857 3375 dioecesi,
1885 3310 1941 3361 et

328 3413 523 3457 omnes
554 3397 805 3454 homines
828 3397 1236 3469 cuiuscumque
1260 3398 1437 3452 status
1456 3394 1537 3451 illi
1559 3392 1763 3452 subditi
1786 3400 1941 3467 sunt3

328 3504 523 3547 omnes
564 3502 701 3561 ergo
740 3492 923 3559 potest
966 3485 1079 3541 suis
1107 3484 1321 3556 legibus
1348 3482 1587 3557 obligare
1631 3484 1688 3539 in
1715 3483 1945 3540 materia

329 3579 637 3652 unicnique
672 3575 1101 3648 proportionata,
1133 3580 1191 3630 et
1216 3587 1349 3629 suae
1376 3572 1635 3644 potestati
1664 3572 1937 3643 subiecta,

328 3678 395 3727 ut
419 3668 641 3725 dictum
668 3672 774 3723 est.
792 3666 926 3721 ltem
947 3666 1005 3722 in
1031 3663 1119 3721 his
1156 3661 1445 3735 omnibus,
1487 3676 1632 3735 quae
1672 3677 1787 3719 non
1813 3670 1947 3721 sunt

324 3759 549 3834 propria
580 3754 857 3815 Pontificis
894 3753 1135 3823 summi,
1180 3756 1414 3825 possunt
1455 3752 1699 3823 episcopi
1742 3750 1795 3808 in
1824 3751 1941 3808 suis

326 3847 677 3909 dioecesibus
699 3842 969 3919 quidquid
989 3846 1175 3914 potest
1193 3839 1436 3898 Pontifex
1464 3842 1521 3897 in
1551 3839 1809 3896 universa
1832 3840 1939 3896 Ec-

322 3939 525 4009 clesia3
549 3950 685 4009 ergo
713 3934 860 3991 sicut
887 3931 1033 4005 leges
1062 3929 1367 4001 pontificiae
1402 3928 1471 3986 de
1508 3943 1569 3985 se
1605 3927 1853 4002 obligant
1878 3930 1933 3985 in

327 4036 441 4088 tota
468 4026 722 4085 Ecclesia
750 4023 997 4080 homines
1026 4020 1437 4092 cuiuscumque
1458 4022 1661 4089 status,
1689 4018 1761 4075 ita
1782 4018 1933 4091 leges

326 4115 621 4193 synodales
648 4111 890 4184 obligant
912 4123 1099 4166 omnes
1114 4108 1259 4165 intra
1280 4108 1563 4181 proprium
1578 4107 1935 4165 territorium.

324 4206 429 4267 Ubi
470 4204 657 4261 statim
702 4198 1037 4259 occurrebat
1076 4197 1355 4272 quaestio,
1397 4212 1465 4253 an
1494 4195 1600 4253 hoc
1638 4196 1943 4271 intelligen-

326 4296 463 4355 dum
493 4296 563 4351 sit
590 4292 658 4350 de
688 4290 943 4349 omnibus
964 4288 1093 4346 alias
1114 4286 1371 4358 subditis,
1391 4301 1490 4345 seu
1514 4285 1840 4345 habentibus
1861 4286 1935 4343 ibi

326 4380 689 4452 domicilium,
704 4378 791 4437 vel
818 4379 978 4437 etiam
1006 4376 1075 4434 de
1096 4378 1302 4436 exteris
1322 4376 1492 4433 brevi
1514 4382 1763 4447 tempore
1785 4390 1939 4433 com·

330 4469 808 4534 morantibus.Sed
832 4468 969 4526 haec
990 4467 1238 4541 quaestio
1261 4467 1393 4524 satis
1416 4471 1651 4523 tractata
1672 4470 1758 4523 est
1782 4467 1836 4523 in
1860 4463 1941 4522 lo-

330 4564 413 4623 cis
440 4566 495 4621 in
522 4559 787 4635 principio
816 4557 1012 4631 capitis
1040 4556 1247 4615 citatis.

410 4652 525 4712 Sub
553 4649 766 4723 legibus
794 4653 981 4705 autem
1006 4646 1391 4720 episcoporum
1416 4645 1935 4719 comprehendimus

332 4746 481 4819 leges
508 4742 677 4799 etiam
718 4736 1085 4795 conciliorum
1112 4734 1549 4809 provincialium,
1574 4741 1791 4793 servata
1817 4752 1947 4809 pro-

334 4834 588 4908 portione
626 4828 697 4886 ad
724 4826 1058 4884 territorium
1087 4865 1103 4897 ,
1144 4840 1242 4882 seu
1280 4824 1350 4881 ad
1380 4830 1553 4882 totam
1580 4826 1942 4900 provinciam,

336 4924 405 4983 ad
430 4936 601 4996 quam
640 4915 941 4975 concilium
971 4915 1212 4989 pertinet
1232 4954 1249 4987 ,
1279 4920 1365 4971 est
1391 4915 1535 4974 enim
1563 4913 1752 4972 eadem
1782 4916 1941 4987 ratio,

334 5021 403 5072 ut
440 5013 679 5069 constat.
728 5006 842 5064 lmo
883 5021 1016 5062 cum
1056 5005 1409 5077 proportione
1450 5005 1713 5078 applicari
1761 5012 1945 5080 potest

3423 304 3542 371 371

2028 450 2192 521 ctive,
2237 455 2295 506 et
2333 464 2463 526 cum
2493 448 2867 521 proportione.
2899 450 3034 506 Nam
3063 449 3506 522 uniuscuiusque
3535 466 3630 505 su-

2027 540 2258 610 perioris
2301 538 2446 614 leges
2489 538 2734 613 obligant
2772 538 2840 595 de
2880 554 2939 595 se
2979 540 3120 596 intra
3145 554 3304 597 suam
3333 539 3630 611 sphaeram

2027 642 2219 684 omnes
2249 627 2393 684 intra
2429 626 2574 684 illam
2613 634 2940 699 contentos,
2975 630 3106 702 quia
3145 628 3220 685 illi
3249 627 3448 685 subditi
3477 635 3632 685 sunt.

2026 714 2133 773 Sed
2172 717 2227 771 in
2268 715 2373 772 hoc
2414 721 2500 772 est
2537 714 2878 774 observanda
2914 717 3216 774 differentia
3240 719 3388 774 inter
3414 706 3634 773 Pontifi-

2028 819 2149 861 cem
2178 810 2236 861 et
2261 804 2568 877 inferiores,
2598 803 2751 877 quod
2779 821 2812 862 a
2831 805 3208 863 iurisdictione
3230 806 3504 863 Pontificis
3531 820 3630 867 nee

2026 908 2116 950 mo
2148 900 2330 967 potest
2355 908 2476 949 esse
2505 900 2825 966 exemptus3
2871 911 2902 951 a
2929 900 3200 967 potestate
3230 902 3416 952 autem
3444 894 3635 952 cuius-

2024 997 2266 1056 cumque
2311 982 2581 1039 inserioris
2620 990 2852 1055 possunt
2889 985 3075 1058 plures
3113 986 3277 1042 eximi
3313 1000 3411 1056 per
3445 987 3632 1057 ipsum

2026 1074 2363 1144 Pontificem,
2380 1079 2436 1130 et
2465 1073 2676 1130 ratione
2703 1075 3062 1145 exemptionis
3085 1081 3346 1147 poterunt
3366 1090 3476 1131 non
3500 1074 3634 1131 obli-

2023 1165 2141 1237 gari
2172 1163 2384 1236 legibus
2415 1165 2909 1235 episcoporum.Et
2935 1163 3008 1221 ita
3031 1163 3362 1237 subintelligi
3387 1164 3550 1223 dehet
3575 1166 3634 1221 in

2024 1253 2354 1323 assertione,
2389 1254 2538 1327 leges
2567 1252 2857 1330 synodales
2884 1254 3122 1326 obligare
3152 1269 3339 1311 omnes
3357 1298 3371 1325 ,
3401 1255 3503 1310 nisi
3532 1268 3633 1325 per

2022 1329 2366 1413 superiore'm
2395 1340 2780 1415 impediantur.
2802 1343 2962 1400 Sicut
2979 1344 3121 1401 enim
3143 1344 3334 1417 regula
3353 1343 3463 1415 illa,
3481 1342 3634 1416 quod

2022 1434 2320 1503 episcopus
2351 1436 2532 1503 potest
2558 1431 2611 1486 in
2640 1447 2743 1488 suo
2769 1431 3116 1504 episcopatu,
3148 1430 3417 1506 quidquid
3444 1438 3633 1504 potest

2024 1519 2268 1578 Pontifex
2313 1520 2364 1575 in
2404 1518 2662 1576 universa
2700 1520 2978 1593 Ecclesia,
3009 1520 3172 1578 habet
3197 1521 3632 1579 subintellectam

2023 1607 2390 1666 conditionem
2410 1650 2424 1679 ,
2453 1610 2572 1666 nisi
2597 1608 3028 1682 prohibeatur;
3071 1612 3147 1667 ita
3174 1610 3227 1667 in
3257 1610 3530 1682 praesenti
3557 1611 3631 1667 si-

2026 1698 2167 1755 milis
2195 1697 2430 1755 conditio
2460 1698 2912 1771 subintelligenda
2939 1706 3045 1756 est.

2581 1873 2862 1945 CAPUT
2891 1875 3044 1944 XX.

2175 2074 2269 2125 An
2306 2066 2460 2141 leqes
2498 2066 2818 2143 synodales
2847 2084 3138 2144 personas
3172 2069 3485 2145 reliqiosas

2514 2162 2821 2233 exemptas
2849 2157 3123 2233 obliqent.

2597 2336 3056 2404 summarium

2021 2526 2071 2577 1.
2092 2524 2358 2578 Sententia
2376 2530 2780 2593 negativa‚quae
2803 2528 3054 2580 fundatur
3078 2529 3132 2578 in
3155 2526 3478 2591 exemptione
3506 2529 3628 2579 reli-

2089 2596 2352 2659 giosorum
2368 2633 2384 2660 ,
2423 2600 2503 2649 vel
2531 2604 2586 2649 in
2609 2598 2914 2649 diversitate
2937 2604 3132 2660 status,
3169 2602 3226 2647 et
3249 2598 3372 2661 quia
3396 2598 3626 2660 religiosi

2088 2665 2283 2717 habent
2321 2669 2528 2732 propria
2565 2680 2741 2720 onera.
2769 2694 2836 2705 —-
2861 2666 2913 2717 2.
2940 2667 3046 2717 Lex
3070 2666 3442 2718 iurisdictionis
3465 2668 3630 2719 consi-

2087 2736 2182 2785 stit
2208 2736 2262 2785 in
2283 2737 2482 2801 agendo
2507 2750 2602 2789 seu
2621 2736 2866 2801 regendo,
2880 2738 2965 2787 lex
2982 2736 3282 2789 dioecesana
3301 2736 3353 2787 in
3376 2736 3632 2800 recipien-

2085 2804 2170 2855 do.
2200 2832 2270 2842 —-
2293 2806 2347 2857 3.
2375 2808 2485 2857 Duo
2507 2807 2572 2857 ad
2598 2808 2894 2872 episcopum
2917 2812 3187 2870 spectant,
3223 2818 3434 2870 pascere
3459 2812 3515 2856 et
3539 2817 3628 2871 pa-

2084 2875 2323 2925 sch—4.
2350 2875 2546 2939 Regula
2571 2876 2920 2927 panormitani
2944 2876 3010 2926 de
3033 2874 3313 2940 praedictis
3336 2875 3628 2937 regulis.—

2087 2944 2141 2994 5.
2183 2944 2378 3008 Regula
2420 2946 2527 2996 divi
2569 2946 2789 2997 'rhomae
2831 2945 2896 2995 de
2939 2945 3173 2995 monachi
3213 2944 3526 2995 obedientia.
3555 2970 3624 2981 —

2084 3012 2137 3063 6.
2154 3013 2400 3077 Religiosi
2419 3016 2642 3079 exempti
2662 3020 2906 3065 tenentur
2925 3016 3088 3066 solum
3109 3013 3176 3064 ad
3197 3013 3462 3065 vitandum
3479 3025 3626 3064 scan-

2087 3081 2262 3133 dalum
2297 3084 2436 3134 circa
2474 3098 2624 3137 usum
2664 3084 2745 3147 yel
2781 3084 3159 3135 observantiam
3204 3083 3385 3135 talium
3421 3095 3627 3147 regum;

2088 3164 2184 3201 nec
2219 3153 2358 3203 enim
2390 3160 2566 3217 partes
2592 3153 2967 3219 heterogeneae
2993 3152 3256 3206 habendae
3281 3159 3402 3205 sunt
3426 3166 3521 3217 pro
3543 3166 3626 3206 re-

2084 3222 2209 3285 gula
2233 3223 2534 3275 universali.
3463 3236 3468 3244 ·

2096 3393 2147 3450 1.
2181 3390 2362 3466 Aliqui
2391 3392 2644 3452 absolute
2667 3399 2900 3467 negant,
2942 3394 3144 3454 citatur
3170 3392 3432 3452 Paludan.
3467 3395 3524 3451 in
3554 3398 3612 3469 ⁴,

2015 3478 2148 3537 dist.
2183 3484 2271 3555 15,
2303 3498 2359 3556 q.
2394 3487 2451 3556 4,
2486 3489 2590 3541 art.
2626 3488 2679 3541 3.
2705 3482 2824 3564 Sed·
2839 3483 2926 3541 ille
2954 3483 3200 3558 loquitur
3229 3485 3296 3542 de
3323 3488 3621 3542 consuetu-

2014 3569 2178 3643 dine3
2211 3572 2430 3631 videtur
2458 3579 2640 3631 tamen
2663 3573 2854 3631 eadem
2882 3576 3060 3647 ratio,
3100 3573 3230 3648 quia
3253 3578 3404 3631 tanta
3428 3580 3517 3630 est
3541 3574 3626 3631 vis

2018 3660 2474 3735 consuetudinis,
2506 3669 2712 3735 quanta
2739 3663 2897 3737 legis,
2930 3668 2995 3720 ut
3021 3663 3160 3719 inira
3187 3661 3428 3734 dicetur,
3459 3670 3518 3720 et
3543 3664 3623 3721 ita
3667 3658 3674 3667 ’

2011 3749 2157 3808 idem
2195 3752 2444 3824 sequitur
2471 3753 2728 3809 Antonin.
2760 3756 2816 3811 2.
2847 3768 2904 3825 p.
2934 3752 3018 3809 tit.
3052 3755 3109 3824 6,
3141 3767 3264 3825 cap.
3298 3756 3355 3824 2,
3385 3758 3410 3827 a
3445 3754 3492 3810 1.
3526 3753 3614 3810 Ci-

2013 3844 2168 3897 tatur
2205 3841 2372 3897 etiam
2399 3840 2650 3898 Ledesm.
2680 3845 2740 3911 2,
2770 3857 2826 3913 p.
2861 3844 2918 3912 4,
2951 3856 3008 3914 q.
3047 3843 3135 3912 17,
3166 3848 3270 3898 art.
3307 3844 3364 3911 3,
3394 3840 3419 3908 ἕ
3446 3843 3620 3898 tertio

2011 3927 2166 3987 dico.
2201 3930 2264 3987 Hi
2322 3936 2508 3988 autem
2557 3936 2810 3988 auctores
2857 3946 2965 3988 non
3017 3931 3278 3989 videntur
3316 3930 3538 3990 fundari
3567 3932 3621 3991 in
3673 3986 3686 3994 .

2011 4020 2356 4092 exemptione
2398 4018 2816 4094 religiosorum,
2859 4019 2958 4076 sed
2985 4018 3036 4075 in
3063 4018 3382 4078 diversitate
3410 4026 3612 4095 status,

2010 4114 2068 4166 et
2094 4109 2222 4183 quia
2248 4108 2484 4183 religiosi
2513 4110 2716 4167 habent
2754 4125 2856 4165 sua
2883 4109 3105 4183 propria
3130 4124 3296 4167 onera
3324 4151 3341 4183 ,
3382 4116 3444 4168 ut
3482 4110 3620 4169 ieiu-

2013 4200 2123 4272 nia,
2153 4204 2265 4256 etc.
2302 4204 2358 4256 et
2383 4215 2492 4256 non
2517 4198 2720 4257 debent
2745 4200 2964 4271 gravari
2991 4201 3377 4257 communibus
3402 4199 3618 4274 legibus

2014 4286 2398 4365 synodalibus,
2441 4289 2588 4345 sicut
2621 4304 2653 4345 e
2691 4302 2962 4345 converso
2988 4288 3138 4363 leges
3163 4304 3264 4347 seu
3292 4296 3502 4347 statuta
3528 4306 3618 4349 re-

2012 4379 2333 4452 ligiosorum
2371 4394 2482 4435 non
2530 4376 2777 4451 obligant
2818 4379 3164 4438 saeculares:
3196 4378 3299 4437 Alii
3341 4382 3616 4457 sentiunt,

2011 4468 2302 4542 religiosos
2343 4469 2514 4525 teneri
2552 4467 2621 4525 ad
2662 4468 2812 4541 leges
2859 4470 3248 4543 episcoporum
3294 4470 3618 4545 servandas,

2012 4558 2143 4633 quia
2171 4574 2281 4617 non
2309 4564 2441 4615 sunt
2466 4558 2701 4630 exempti
2721 4573 2753 4615 a
2781 4558 2896 4633 lege
2925 4556 3306 4615 iurisdictionis
3333 4561 3622 4634 episcopo-

2012 4665 2160 4706 rum.
2186 4651 2270 4706 lta
2297 4648 2539 4707 sentiunt
2563 4648 2777 4721 glossae
2804 4654 2862 4705 et
2886 4648 3144 4706 doctores
3174 4648 3359 4706 statim
3385 4650 3610 4724 citandi,

2016 4739 2111 4813 qui
2160 4745 2483 4811 supponunt
2527 4737 2934 4797 distinctionem
2981 4738 3276 4812 quamdam
3312 4740 3381 4799 de
3405 4740 3616 4816 duplici

2013 4828 2133 4904 lege
2158 4831 2571 4901 episcoporum:
2605 4844 2715 4886 una
2741 4828 2946 4887 dicitur
2973 4829 3059 4885 lex
3086 4829 3498 4905 iurisdictionis,
3513 4832 3618 4892 alia

2014 4918 2352 4976 dioecesana
2386 4919 2578 4976 stricte
2614 4924 2852 4991 sumpta.
2881 4917 3029 4977 Solet
3055 4921 3198 4976 enim
3225 4918 3502 4981 interdum
3529 4922 3620 4981 lex

2012 5007 2338 5066 dioecesana
2365 5008 2517 5082 large
2547 5008 2690 5066 sumi
2718 5022 2820 5081 pro
2849 5013 2965 5065 toto
2993 5008 3112 5067 iure
3135 5010 3536 5083 episcopali,ut
3558 5012 3616 5070 in

335 5099 631 5161 conclusio
666 5095 736 5155 ad
766 5109 957 5153 omnes
985 5094 1295 5168 praelatos,
1329 5101 1384 5153 et
1406 5098 1829 5155 communitates
1854 5108 1947 5155 ec-
2016 5112 2143 5171 cap.
2177 5095 2454 5157 Audistis
2472 5143 2486 5167 ,
2517 5098 2592 5174 ,de
2621 5098 3179 5174 praescriptionibus,
3217 5105 3274 5157 et
3298 5105 3431 5159 tunc
3463 5117 3618 5161 com·

339 5190 684 5260 ciesiasticas
722 5186 981 5245 habentes
1020 5189 1349 5259 potestatem
1378 5184 1733 5260 legislativam
1760 5202 1946 5263 respe-

2016 5186 2308 5261 prehendit
2334 5187 2510 5265 legem
2539 5187 2947 5247 iurisdictionis.
2971 5187 3088 5248 Alio
3109 5202 3240 5249 vero
3261 5189 3423 5250 modo
3443 5192 3616 5253 sumi·
