4325 6267
1776 370 1988 421 CAPUT
2015 373 2158 422 XVI.

305 519 434 562 mus
483 520 592 560 non
632 520 792 578 posse
830 504 936 560 hoc
974 502 1088 560 fieri
1127 519 1229 574 per
1262 499 1746 573 dispensationem,
1787 511 1920 569 ergo

307 591 490 648 multo
519 593 701 649 minus
723 593 834 648 lieri
856 597 1036 662 potest
1058 607 1156 662 per
1175 589 1448 663 epiikiam.
1482 588 1756 645 Probatur
1784 601 1916 641 con-

307 683 628 753 sequentia,
659 681 786 754 quia
827 680 976 754 quod
1019 696 1126 737 non
1171 685 1496 751 potestesse
1539 692 1646 732 non
1691 674 1918 744 malum,

307 783 598 840 nunquam
639 772 748 825 lion
786 776 875 825 est
911 768 1145 840 malum3
1193 783 1328 841 ergo
1370 781 1652 838 nunquam
1695 779 1801 819 non
1833 767 1922 818 est

303 855 677 930 prohibitum,
699 873 831 930 ergo
855 873 960 912 non
989 862 1170 928 potest
1197 871 1319 912 vere
1351 853 1624 911 declarari
1653 869 1759 908 non
1791 867 1918 923 pro·

304 943 548 1001 bibitum
587 945 704 1018 lege
737 943 968 1001 naturali
997 961 1094 1016 pro
1126 945 1306 1017 aliquo
1336 948 1609 1015 tempore,
1641 941 1724 996 vel
1755 955 1919 996 occa·

305 1034 499 1105 sione,
529 1033 678 1106 quod
711 1033 786 1089 ad
826 1031 1074 1105 epiiliiam
1117 1033 1370 1105 pertinet.
1400 1031 1555 1098 Quod
1597 1032 1640 1085 si
1685 1028 1916 1085 mutatio

309 1122 407 1177 liat
446 1123 498 1178 in
539 1122 784 1194 obiecto,
814 1123 900 1179 vel
930 1122 1354 1178 circumstantiis
1383 1119 1723 1190 intrinsecis,
1748 1125 1806 1175 et
1832 1133 1919 1173 ra-

307 1212 464 1267 tione
489 1213 612 1267 eius
637 1211 953 1267 mutationis
991 1218 1152 1270 actus
1179 1209 1394 1266 desinat
1421 1225 1540 1266 esse
1569 1209 1744 1264 malus
1763 1248 1778 1278 ,
1813 1208 1917 1264 iam

305 1299 404 1355 illa
440 1315 550 1356 non
578 1307 664 1356 est
697 1298 924 1372 epiiltia,
963 1302 1096 1372 quia
1132 1315 1239 1356 non
1270 1305 1522 1356 versatur
1551 1300 1701 1355 circa
1745 1304 1916 1354 mate·

305 1389 450 1444 riam
487 1388 594 1445 sub
631 1389 724 1444 tali
763 1389 880 1461 lege
915 1388 1149 1445 naturali
1185 1387 1669 1459 comprehensam,
1712 1387 1806 1443 sed
1835 1392 1920 1443 est

309 1477 554 1550 cognitio
567 1491 666 1532 seu
687 1477 1054 1548 interpretatio
1073 1477 1326 1533 materiae
1349 1476 1482 1547 legis
1495 1483 1550 1533 et
1565 1477 1752 1533 linium
1772 1477 1915 1532 eius.

315 1567 390 1622 Ut
409 1564 631 1638 quando
651 1565 1094 1636 interpretamur,
1121 1580 1219 1637 per
1242 1564 1414 1636 legem
1439 1580 1542 1620 non
1567 1563 1786 1620 furandi
1809 1580 1918 1620 non

307 1653 586 1725 prohiberi
613 1654 864 1724 accipere
891 1654 958 1709 ab
986 1651 1087 1710 alio
1117 1654 1428 1709 necessaria
1455 1652 1525 1708 ad
1551 1653 1712 1708 vitam
1740 1653 1792 1707 in
1821 1667 1917 1709 ex-

308 1749 488 1799 trema
527 1743 884 1812 necessitate,
925 1742 1019 1798 illa
1057 1757 1165 1797 non
1203 1747 1288 1796 est
1313 1740 1541 1812 epiikia,
1573 1741 1667 1798 sed
1697 1743 1918 1812 propria

307 1829 607 1886 declaratio
644 1829 789 1886 illius
830 1828 992 1902 legis,
1034 1845 1174 1903 quae
1215 1845 1322 1885 non
1365 1828 1621 1900 prohibet
1661 1830 1760 1885 nisi
1800 1829 1919 1885 sur-

310 1925 430 1974 tum
454 1958 470 1987 ,
513 1917 564 1974 id
591 1924 674 1974 est
702 1919 1076 1990 acceptionem
1115 1919 1191 1974 rei
1233 1919 1470 1989 alienae,
1501 1916 1720 1974 domino
1750 1920 1914 1974 ratio··

309 2005 563 2063 habiliter
606 2007 798 2078 invito,
841 2025 941 2064 seu
982 2011 1358 2080 acceptionem
1396 2011 1474 2065 rei
1501 2008 1703 2086 alienae
1733 2007 1914 2080 quoad

312 2097 706 2168 proprietatem
729 2101 784 2153 et
812 2114 1005 2169 usum3
1031 2100 1287 2169 acceptio
1317 2105 1502 2155 autem
1523 2099 1602 2154 rei
1631 2098 1834 2154 alienae
1858 2100 1913 2153 in

289 2175 558 2243 ‘extrema
576 2187 896 2243 necessitate
919 2203 1018 2242 nec
1041 2194 1129 2243 est
1155 2186 1222 2243 de
1247 2201 1304 2242 re
1326 2188 1545 2243 omnino
1567 2187 1760 2259 aliena,
1785 2189 1915 2258 quia

312 2290 415 2346 pro
457 2274 551 2330 illo
591 2275 828 2331 articulo
844 2276 1033 2331 omnia
1060 2281 1189 2331 sunt
1215 2277 1556 2348 communia,
1589 2290 1688 2330 nec
1721 2282 1805 2331 est
1831 2277 1918 2330 in·

309 2365 423 2420 vito
453 2363 674 2420 domino
706 2363 1114 2422 rationabiliter.
1145 2365 1230 2420 Sic
1268 2366 1430 2420 etiam
1463 2364 1510 2418 in
1540 2363 1631 2420 illo
1667 2363 1916 2435 exemplo

308 2452 380 2509 de
408 2453 677 2525 deposito,
697 2453 740 2508 si
761 2452 1099 2525 intelligatur
1122 2459 1476 2526 praeceptum
1500 2452 1629 2509 illud
1656 2458 1916 2526 tanquam

309 2543 650 2614 negativum,
681 2542 828 2598 sieut
853 2548 1206 2613 praeceptum
1235 2541 1582 2606 restituendi,
1613 2541 1664 2596 id
1693 2546 1780 2597 est
1807 2556 1913 2596 non

309 2630 576 2686 retinendi
597 2630 906 2700 depositum
937 2629 1194 2698 alienum,
1229 2645 1335 2685 non
1363 2636 1449 2686 est
1476 2631 1551 2685 ita
1581 2629 1915 2685 indefinitum

309 2727 668 2792 praeceptum
689 2760 704 2789 ,
735 2719 830 2776 sed
859 2736 966 2776 non
1007 2718 1274 2776 retinendi
1309 2718 1782 2789 irrationabiliter,
1814 2733 1912 2774 seu

308 2811 432 2865 sine
459 2823 632 2864 causa
667 2815 917 2880 cogente.
950 2810 1028 2865 lta
1059 2823 1192 2882 ergo
1227 2809 1280 2863 in
1313 2807 1620 2878 praeceptis
1651 2806 1916 2879 negativis

311 2897 661 2954 naturalibus
690 2896 908 2969 intelligi
935 2911 1042 2952 non
1071 2902 1250 2968 potest
1279 2897 1497 2968 propria
1527 2894 1740 2966 epiikia.

393 2991 446 3044 8.
478 2986 669 3043 Dices:
701 2986 848 3058 Ergo
874 2984 1064 3041 eadem
1091 2985 1298 3041 ratione
1326 2985 1490 3042 etiam
1522 2985 1574 3039 in
1605 2984 1915 3056 praeceptis

307 3077 562 3148 positivis
585 3089 866 3148 nunquam
889 3073 1219 3148 intelligetur
1237 3074 1448 3146 epiikia.
1473 3076 1649 3144 Patet,
1676 3073 1805 3145 quia
1831 3072 1912 3128 vel

306 3170 496 3221 manet
535 3171 697 3220 actus
731 3178 949 3234 semper
976 3177 1106 3220 cum
1135 3161 1341 3218 eisdem
1371 3162 1828 3231 circumstantiis,
1859 3168 1914 3218 et

309 3262 446 3308 tunc
475 3252 804 3323 impossibile
825 3258 934 3324 est,
968 3258 1030 3308 ut
1060 3257 1414 3322 praeceptum
1442 3250 1754 3323 negativum
1785 3265 1910 3320 pro·

309 3341 504 3397 hibens
546 3348 732 3397 actum
751 3381 766 3411 ,
797 3355 948 3396 nunc
977 3339 1212 3412 obliget,
1242 3345 1300 3395 et
1326 3345 1516 3410 postea
1545 3354 1651 3394 nou
1683 3338 1909 3411 obliget;

309 3428 395 3484 vel
436 3428 890 3485 circumstantiae
927 3435 1087 3484 actus
1125 3433 1442 3496 mutantur,
1483 3435 1540 3484 et
1583 3433 1714 3484 tunc
1754 3429 1916 3484 etiam

306 3532 416 3572 non
447 3517 554 3572 erit
581 3515 788 3588 epiiltia.
822 3517 890 3572 Et
916 3516 1059 3573 idem
1089 3531 1218 3572 cum
1248 3516 1600 3588 proportione
1627 3514 1733 3571 dici
1763 3523 1914 3588 pote-

307 3609 383 3664 rit
408 3608 462 3662 in
485 3605 844 3661 affirmativis.
872 3604 1278 3677 Respondetur,
1301 3605 1549 3677 negando
1572 3619 1918 3676 consequen·

307 3696 474 3767 tiam3
504 3701 635 3750 sunt
663 3697 804 3751 enim
835 3695 976 3752 duae
1006 3694 1338 3751 differentiae
1369 3692 1637 3750 notandae
1662 3696 1805 3751 inter
1833 3695 1918 3749 ius

304 3784 606 3856 positivum
638 3791 694 3840 et
721 3783 1006 3855 naturale,
1041 3799 1180 3856 quae
1213 3785 1445 3840 maxime
1474 3782 1756 3840 declarant
1777 3784 1915 3840 hanc

305 3876 616 3930 materiam.

390 3969 443 4021 9.
476 3965 628 4020 Prior
654 3970 760 4035 est,
807 3961 956 4033 quod
1000 3963 1050 4018 in
1093 3961 1212 4035 lege
1239 3963 1490 4034 positiva,
1523 3967 1772 4018 manente
1804 3967 1916 4016 tota

307 4055 537 4110 materia
567 4057 728 4108 actus
757 4067 886 4106 cum
919 4050 1176 4106 omnibus
1207 4051 1635 4107 circumstantiis
1663 4050 1918 4106 intrinse-

304 4142 562 4219 cisgeius,
592 4147 772 4212 potest
801 4155 898 4213 per
921 4139 1418 4211 interpretationem
1445 4153 1676 4212 aequam
1699 4154 1918 4194 cessare

306 4230 595 4304 obligatio,
624 4229 876 4301 quamvis
905 4243 1132 4284 necesse
1155 4229 1247 4299 sit,
1273 4233 1335 4283 ut
1357 4225 1536 4298 aliqua
1558 4226 1920 4282 circumstan-

305 4320 386 4378 tia
428 4318 734 4374 extrinseca
778 4322 1073 4388 occurrat,
1103 4331 1243 4389 quae
1273 4322 1439 4389 cogat
1466 4314 1531 4371 ad
1565 4315 1721 4371 talem
1755 4316 1917 4371 inter-

307 4407 674 4480 pretationem
712 4405 1048 4477 l'aciendam,
1079 4410 1131 4460 et
1157 4403 1244 4460 illa
1271 4411 1358 4460 est
1383 4403 1760 4476 propriissima
1789 4403 1919 4473 epii-

307 4496 416 4552 kia.
459 4497 612 4550 Patet
648 4494 698 4549 in
738 4492 987 4564 exemplo
1027 4492 1305 4548 communi
1341 4491 1407 4548 de
1448 4491 1804 4563 prohibitione
1845 4491 1918 4546 t‘e-

306 4581 466 4640 rendi
503 4597 655 4638 arma
689 4587 890 4652 noctu3
934 4595 1058 4636 nam
1087 4581 1130 4636 si
1158 4580 1229 4636 sit
1255 4579 1476 4636 evidens
1504 4581 1834 4652 necessitas,
1864 4586 1922 4636 et

309 4675 394 4730 ita
431 4686 669 4743 urgens,
699 4677 765 4726 ut
791 4685 898 4724 non
929 4668 1101 4741 possit
1127 4685 1160 4725 a
1187 4671 1456 4740 superiori
1487 4669 1702 4725 licentia
1730 4675 1919 4739 postu-

312 4762 437 4832 lari,
470 4761 614 4815 iuste
641 4760 1088 4831 interpretamur,
1116 4765 1250 4815 tunc
1276 4765 1627 4832 praeceptum
1652 4775 1758 4815 non
1789 4758 1922 4815 obli-

310 4864 479 4924 gare,
520 4863 630 4903 non
667 4849 796 4919 quia
836 4861 942 4902 non
981 4846 1052 4902 sit
1085 4846 1177 4904 illa
1204 4849 1430 4904 materia
1457 4847 1580 4904 talis
1608 4849 1920 4920 praecepti,

313 4939 412 4998 sed
443 4939 576 5010 qiiia
605 4937 736 4993 licet
762 4938 832 4991 sit
859 4934 1073 5007 eadem,
1103 4935 1170 4992 ab
1189 4951 1254 4992 ea
1273 4943 1359 4994 est
1377 4936 1696 5008 separabilis
1717 4935 1920 4994 malitia

317 5026 501 5084 ablata
547 5023 937 5097 prohibitione,
977 5029 1036 5080 et
1077 5029 1210 5081 tunc
1240 5040 1348 5082 non
1376 5031 1464 5082 est
1492 5025 1815 5098 verisimile,
1847 5027 1924 5081 in-

319 5117 619 5174 tentionem
661 5113 988 5187 legislatoris
1029 5111 1097 5170 ad
1143 5112 1300 5171 illum
1340 5130 1535 5171 casum
1575 5113 1811 5171 extendi.
1856 5117 1926 5170 At

319 5223 448 5264 vero
476 5209 532 5261 in
565 5204 684 5277 lege
713 5203 952 5259 naturali
983 5204 1094 5258 fieri
1125 5218 1232 5259 non
1261 5211 1465 5277 potest,
1497 5211 1558 5260 ut
1585 5209 1760 5260 stante
1787 5205 1922 5259 inte-

467 5318 653 5362 -Stumtz
669 5349 679 5368 ‚
704 5317 760 5360 De
779 5315 961 5368 Leuibus
981 5335 1038 5348 -
1052 5315 1156 5359 Para
1178 5315 1211 5358 l.

3382 361 3503 424 iffi

1989 511 2088 568 gra
2130 499 2356 555 materia
2396 515 2527 561 cum
2566 500 2770 557 eisdem
2812 501 3239 558 circumstantiis
3282 502 3587 558 intrinsecis

1995 589 2219 654 propter
2246 587 2391 642 solas
2420 589 2757 646 extrinsecas
2784 590 3105 647 occasiones
3136 593 3582 662 interpretemur,

1992 671 2167 744 legem
2192 674 2567 747 prohibentem
2587 694 2691 734 non
2710 678 2968 752 obligare3
2988 680 3111 753 quia
3132 679 3455 750 impossibile
3476 686 3583 750 est,

1987 774 2018 814 a
2053 761 2145 816 tali
2184 767 2415 820 materia
2452 767 2569 821 suis
2604 768 2917 825 intrinsecis
2954 767 3358 824 conditionibus
3395 768 3587 824 affecta

1991 853 2233 920 separari
2275 853 2563 927 malitiam,
2606 862 2665 912 et
2702 864 3109 930 consequenter
3152 872 3253 914 nec
3282 856 3586 914 naturalem

1991 940 2415 1011 prohibitionem
2440 984 2457 1014 ,
2487 945 2696 1000 etiamsi
2726 946 3066 1003 extrinsecus
3089 947 3205 1001 linis
3236 946 3319 1002 vel
3345 947 3587 1002 circum-

1991 1029 2216 1085 stantiae
2248 1032 2544 1090 varientur.
2578 1034 2691 1088 Hoc
2736 1033 2984 1090 declarat
3016 1036 3233 1107 egregie
3272 1035 3581 1112 exemplum

1995 1117 2064 1174 de
2093 1119 2483 1190 mendacio,de
2510 1137 2621 1193 quo
2650 1139 2899 1194 suppono
2923 1120 2991 1178 ita
3013 1138 3131 1178 esse
3160 1124 3451 1180 intrinsece
3476 1139 3587 1179 ma·

1990 1206 2140 1277 lum,
2174 1213 2236 1263 ut
2262 1215 2483 1280 propter
2510 1209 2716 1266 nullam
2747 1212 3089 1267 occasionem
3112 1251 3126 1280 ,
3164 1212 3246 1266 vel
3296 1213 3589 1268 necessita·

1994 1301 2104 1351 tem
2135 1299 2501 1354 extrinsecam
2535 1297 2695 1354 licere
2726 1299 2916 1370 possit,
2942 1299 2985 1354 si
3008 1308 3191 1355 manet
3212 1299 3579 1370 mendacium,

1989 1384 2139 1440 iuxta
2160 1385 2469 1441 doctrinam
2491 1389 2781 1459 Augustini
2804 1387 2855 1442 in
2880 1387 2971 1442 lib.
2986 1385 3059 1442 de
3078 1385 3352 1444 mendae.
3378 1392 3434 1444 et
3452 1404 3586 1443 con-

1989 1477 2093 1529 tra
2120 1473 2397 1530 mendac.
2428 1481 2483 1532 et
2511 1475 2559 1529 in
2590 1478 2751 1547 epist.
2789 1480 2841 1533 8.
2877 1474 2944 1532 ad
2973 1476 3193 1530 Hieron.
3228 1482 3284 1530 et
3312 1477 3589 1548 sequenti-

1987 1561 2091 1618 bus
2113 1603 2128 1634 ,
2174 1579 2315 1634 quae
2360 1564 2461 1620 ruit
2500 1565 2659 1620 etiam
2689 1563 2871 1621 Basilii
2890 1607 2903 1634 ,
2935 1572 2992 1621 et
3022 1563 3212 1636 regula
3247 1568 3337 1622 76.
3367 1580 3435 1620 ex
3465 1565 3589 1622 bre·

1989 1652 2127 1707 vior.
2157 1658 2213 1706 et
2234 1652 2551 1728 Hieronymi
2574 1653 2625 1708 in
2651 1653 2880 1726 Apolog.
2912 1657 3123 1710 contra
3148 1652 3377 1726 tht'fin.
3402 1660 3457 1710 et
3476 1654 3588 1724 epi-

1988 1741 2126 1797 stola
2167 1745 2269 1812 653
2313 1747 2369 1798 et
2407 1748 2491 1798 est
2520 1748 2740 1813 recepta
2768 1741 2835 1798 ab
2863 1743 3118 1799 omnibus
3156 1742 3427 1815 theologis
3454 1758 3585 1798 cum

1989 1830 2247 1903 Magistro
2278 1831 2328 1885 in
2359 1835 2414 1896 3,
2446 1829 2500 1888 d.
2538 1836 2630 1903 38,
2661 1837 2715 1886 et
2742 1831 2797 1886 d.
2829 1831 3021 1888 Thom.
3052 1838 3108 1890 2.
3132 1838 3192 1902 2,
3222 1848 3277 1905 q.
3317 1835 3441 1903 llo,
3464 1838 3571 1888 art.

1991 1922 2054 1988 33
2087 1926 2145 1975 et
2175 1918 2339 1974 habet
2366 1935 2625 1993 magnum
2651 1919 3067 1977 fundamentum
3093 1923 3148 1976 in
3178 1921 3358 1977 verbis
3386 1920 3585 1979 Christi

1986 2009 2136 2063 loan.
2174 2012 2229 2076 8,
2262 2007 2353 2063 ubi
2378 2006 2445 2062 de
2474 2008 2734 2064 daemone
2764 2009 2867 2064 ait:
2894 2008 3173 2067 Mandas:
3200 2013 3302 2076 est,
3330 2014 3385 2066 et
3403 2014 3586 2082 pater

1987 2095 2309 2162 mendacii,
2344 2099 2472 2168 quia
2499 2097 2843 2154 mendacium
2871 2114 2981 2154 non
3002 2105 3324 2169 potestesse
3356 2114 3421 2154 ex
3448 2099 3583 2169 Deo,

1987 2185 2084 2241 sed
2111 2200 2181 2241 ex
2206 2184 2493 2258 daemone,
2516 2194 2575 2243 et
2596 2184 2717 2248 ideo
2746 2195 2982 2244 vocatur
3010 2195 3187 2261 pater,
3214 2187 3262 2244 id
3285 2195 3370 2243 est
3389 2189 3584 2243 inven-

1990 2280 2077 2328 tor
2107 2275 2226 2330 eius
2246 2314 2261 2343 ‚
2301 2281 2358 2333 ct
2392 2273 2513 2330 ideo
2554 2274 2621 2331 de
2650 2278 2759 2332 Deo
2790 2279 2971 2347 potius
3000 2279 3267 2350 scriptum
3295 2283 3407 2333 est:
3442 2279 3587 2334 Per·

1987 2359 2090 2416 des
2120 2377 2339 2428 omnes,
2374 2366 2477 2434 qui
2505 2361 2830 2436 loquuntur
2856 2363 3253 2432 mendacium,
3285 2365 3494 2437 psalmo
3528 2371 3579 2422 5.

1988 2449 2144 2507 Unde
2187 2451 2239 2505 in
2284 2467 2409 2523 cap.
2445 2453 2643 2526 Super
2668 2467 2753 2520 eo,
2788 2452 2855 2509 de
2885 2470 3041 2511 usur.
3074 2454 3300 2532 dicitur,
3335 2454 3583 2526 Scriptu-

1988 2555 2104 2595 ram
2145 2555 2361 2597 sacram
2402 2540 2691 2612 prohibere
2731 2557 2830 2613 pro
2859 2542 3086 2600 alterius
3114 2546 3221 2599 vita
3249 2544 3500 2614 mentiri,
3530 2551 3587 2600 et

1993 2629 2115 2686 ideo
2143 2631 2483 2686 contrarium
2515 2631 2563 2685 in
2585 2631 2843 2687 Cassiano
2870 2631 3056 2688 collat.
3092 2635 3175 2691 17.
3214 2639 3469 2705 tanquam
3496 2649 3585 2688 er-

1989 2733 2082 2773 ror
2123 2716 2449 2789 damnatur,
2492 2718 2559 2775 de
2587 2735 2699 2791 quo
2740 2719 2905 2776 latius
2945 2720 3099 2794 alibi,
3129 2727 3185 2777 et
3212 2721 3377 2778 videri
3407 2727 3588 2793 potest

1985 2807 2181 2862 Castro
2205 2813 2401 2863 contra
2422 2807 2629 2863 haeret.
2655 2807 2807 2864 verb.
2834 2807 3238 2866 mendacium.
3260 2809 3418 2866 Nulla
3439 2811 3585 2865 enim

1987 2895 2090 2951 alia
2119 2896 2261 2952 ratio
2290 2895 2456 2951 huius
2488 2897 2751 2952 verissimi
2780 2897 3053 2971 dogmatis
3081 2898 3233 2956 reddi
3260 2905 3456 2970 potest,
3480 2899 3583 2954 nisi

1987 2986 2118 3055 quia
2144 2983 2489 3041 extrinsecus
2533 2984 2653 3040 finis
2694 2985 2778 3040 vel
2804 2987 3108 3043 necessitas
3136 2988 3445 3047 extrinseca
3474 3003 3583 3042 non

1988 3080 2168 3130 mutat
2191 3073 2491 3144 obiectum,
2508 3089 2611 3130 nec
2634 3075 2958 3130 intrinsecas
2981 3076 3320 3133 conditiones
3345 3075 3412 3132 ad
3437 3091 3585 3132 men-

1987 3161 2209 3218 dacium
2251 3161 2542 3234 requisitas
2562 3201 2577 3228 ,
2621 3178 2651 3218 a
2678 3177 2792 3233 quo
2818 3163 3030 3219 obiecto
3060 3164 3301 3235 praecise
3332 3170 3582 3236 spectato

1991 3248 2156 3305 habet
2196 3248 2542 3305 mendacium
2586 3265 2743 3305 suam
2775 3250 3125 3310 intrinsecam
3152 3252 3582 3321 deformitatem,

1984 3343 2040 3392 et
2067 3337 2190 3392 ideo
2220 3353 2319 3392 nec
2350 3337 2709 3410 dispensatio,
2740 3333 2841 3395 uec
2871 3340 3065 3411 epiikia
3094 3343 3145 3398 in
3174 3358 3240 3398 eo
3272 3343 3457 3399 locum
3490 3342 3585 3399 ha·

1987 3426 2098 3496 bet,
2125 3433 2189 3482 ut
2215 3426 2392 3496 possit
2418 3426 2577 3482 licere
2607 3433 2835 3499 propter
2863 3433 3205 3487 extrinsecas
3232 3431 3578 3504 occasiones,

1989 3515 2372 3582 necessitates,
2403 3520 2501 3571 aut
2528 3515 2678 3571 lines.
2705 3517 2926 3583 Quoties
2949 3534 3085 3591 ergo
3107 3525 3463 3591 praeceptum
3485 3520 3581 3574 ali-

1986 3604 2137 3678 quod
2170 3605 2421 3660 naturale
2450 3602 2667 3661 videtur
2694 3621 2801 3662 non
2834 3606 3071 3678 obligare
3102 3608 3153 3662 in
3177 3607 3361 3680 aliqua
3381 3623 3582 3680 oppor-

1989 3695 2240 3763 tunitate,
2284 3709 2510 3750 necesse
2549 3700 2636 3751 est
2678 3696 2874 3750 mutari
2916 3696 3197 3752 materiam
3236 3696 3356 3753 talis
3385 3704 3580 3766 actus,

1987 3800 2128 3856 quae
2170 3783 2242 3838 illi
2282 3782 2447 3839 dabat
2486 3783 2773 3846 malitiam,
2817 3790 3039 3855 propter
3065 3801 3233 3858 quam
3262 3786 3583 3858 prohibetur

1988 3871 2104 3943 lege
2143 3871 2399 3927 naturali.
2434 3872 2499 3926 Et
2529 3871 2602 3926 ita
2630 3869 3071 3948 differtsmultum
3110 3874 3228 3930 talis
3258 3876 3487 3930 mutatio
3516 3872 3583 3928 ab

1989 3960 2102 4032 illa,
2133 3974 2277 4030 quae
2304 3961 2363 4014 lit
2392 3963 2443 4013 in
2471 3958 2585 4030 lege
2608 3961 2861 4031 positiva,
2894 3960 3115 4033 quando
3143 3963 3431 4020 intervenit
3456 3963 3586 4033 epii-

1987 4048 2102 4111 kia;
2146 4049 2279 4121 quia
2322 4048 2409 4103 hic
2452 4048 2567 4104 sola
2610 4048 2901 4118 prohibitio
2942 4059 3123 4108 cessat
3161 4053 3311 4110 circa
3338 4051 3585 4109 eamdem

1989 4138 2306 4212 materiam,
2338 4137 2409 4193 ibi
2440 4143 2624 4193 autem
2656 4139 2895 4209 minime,
2928 4139 3021 4196 sed
3052 4143 3277 4198 materia
3304 4143 3581 4199 subtrahi-

1955 4263 1962 4272 ·
1989 4231 2099 4297 tur,
2129 4233 2184 4280 et
2212 4241 2310 4297 per
2335 4224 2478 4280 illius
2511 4226 2867 4282 mutationem
2898 4228 3103 4284 tollitur
3130 4229 3351 4286 malitia.

2077 4319 2161 4371 10.
2210 4313 2326 4369 Alia
2366 4312 2666 4370 differentia
2717 4323 2834 4388 est,
2876 4317 3025 4389 quod
3065 4321 3119 4375 in
3171 4320 3288 4392 lege
3330 4322 3581 4394 positiva,

1989 4403 2211 4476 quando
2244 4402 2614 4473 interpretatio
2653 4403 2710 4458 fit
2746 4418 2843 4473 per
2880 4404 3158 4478 epiikiam,
3188 4424 3295 4464 non
3337 4411 3394 4464 tit
3434 4411 3583 4467 circa

1989 4496 2175 4548 actum
2213 4490 2555 4563 prohibitum
2594 4507 2688 4562 per
2727 4492 2931 4565 legem,
2963 4510 3065 4552 nec
3094 4496 3243 4553 circa
3271 4497 3584 4556 obscurita-

1989 4587 2100 4638 tem
2144 4581 2443 4637 verborum
2484 4581 2634 4647 eius,
2678 4581 2774 4638 sed
2816 4583 2996 4654 potius
3032 4587 3396 4658 supponitur,
3427 4587 3585 4643 illum

1988 4686 2110 4756 esse
2141 4676 2327 4727 actum
2358 4669 2693 4742 prohibitum
2722 4672 3027 4728 secundum
3059 4677 3295 4744 speciem
3326 4691 3504 4746 suam,
3528 4682 3586 4733 et

1989 4757 2378 4831 comprehendi
2416 4757 2518 4813 sub
2560 4758 2739 4814 verbis
2780 4759 2913 4832 legis
2953 4765 3215 4832 spectatis
3246 4765 3299 4819 in
3327 4779 3427 4822 sua
3456 4779 3583 4834 pro·

1990 4849 2253 4920 prietate:
2309 4852 2424 4903 tola
2463 4860 2591 4901 vero
2638 4847 3017 4919 interpretatio
3067 4856 3122 4907 et
3170 4851 3489 4908 coniectura
3528 4852 3587 4908 fit

1993 4937 2145 5005 circa
2172 4935 2523 4991 intentionem
2552 4933 2897 5008 legislatoris,
2929 4937 3080 5010 quod
3109 4955 3215 4995 non
3247 4939 3410 4996 suerit
3430 4953 3584 4996 mens

1991 5027 2112 5083 eius
2155 5021 2621 5095 comprehendere
2664 5023 2828 5080 talem
2858 5041 3051 5082 casum
3087 5042 3188 5084 seu
3217 5033 3401 5084 actum
3432 5028 3584 5085 illum

1991 5129 2093 5186 pro
2135 5111 2226 5169 tali
2268 5111 2691 5183 opportunitate.
2737 5113 2806 5169 Et
2833 5113 2966 5170 haec
2994 5122 3081 5172 est
3110 5117 3331 5188 propria
3358 5115 3548 5186 epiiltia
3566 5156 3581 5184 ,

1992 5216 2136 5276 quae
2163 5199 2371 5258 dicitur
2400 5199 2705 5257 emendatio
2736 5189 2898 5276 legis3
2926 5204 3115 5276 utique
3138 5203 3441 5260 secundum
3463 5219 3583 5277 spe-

3058 5308 3111 5351 19
