4325 6267
799 286 884 354 54

713 437 818 490 art.
857 435 908 505 1,
938 429 1130 488 Castro
1158 429 1250 488 lib.
1287 432 1335 504 l,
1366 446 1489 505 cap·
1525 431 1574 491 1.
1600 430 1668 490 ad
1691 431 1872 504 tinem,
1898 431 2306 490 etluristarum

2206 303 2407 356 LIBER
2434 305 2485 355 1.

2380 447 2484 489 eas
2518 433 2837 488 instituunt
2848 447 2869 497 ,·
2906 445 3045 486 cum
3079 431 3283 486 tamen
3302 426 3540 502 fuerint
3576 429 3888 486 institutae
3916 429 3975 485 et

714 523 768 578 in
799 521 905 595 leg.
935 519 1080 594 leqis
1107 526 1311 589 virtus,
1345 528 1400 579 et
1426 524 1480 578 in
1508 519 1565 579 d.
1596 537 1719 597 cap.
1754 524 1988 581 Omnis.
2021 524 2092 580 Et
2115 521 2309 581 eodem
2366 520 2687 596 firmatae,
2736 537 2855 576 non
2888 517 3085 576 licebit
3116 517 3409 575 iudicibus
3450 517 3521 574 de
3559 521 3645 576 eis
3671 517 3963 586 iudicare,

713 627 879 669 sensu
921 610 1054 669 dixit
1091 613 1380 671 Gratianus
1407 611 1532 671 dist.
1567 617 1622 672 4.
1668 613 1734 670 ad
1777 613 1958 671 finem·
1991 617 2313 672 Decretum

712 707 1118 762 necessitatem
1139 701 1336 776 facit,
1379 705 1717 762 exhortatio
1751 703 2006 763 liberam
2041 702 2313 784 uolunta-

713 799 832 852 tem
860 797 1100 852 excitat.
1145 793 1382 852 Similem
1419 794 1739 852 sententiam
1767 794 1934 852 habet
1959 795 2063 852 sub
2092 795 2311 851 nomine

713 882 922 941 consilii
949 891 1004 942 et
1030 885 1309 957 praecepti
1348 885 1711 959 Hieronymus
1743 883 1778 941 l.
1813 891 1871 956 2,
1901 892 2094 941 contra
2115 888 2307 944 Iovia.

712 975 861 1032 circa
882 973 1153 1032 medium:
1189 975 1299 1035 Ubi
1321 974 1636 1032 consilium
1656 973 1857 1042 datur,
1885 971 2189 1048 offerentis
2210 991 2315 1032 ar·

710 1065 953 1122 bitrium
989 1069 1110 1133 est;
1151 1065 1252 1122 ubi
1277 1071 1700 1140 praecept-um,
1733 1068 2054 1123 necessitas
2079 1071 2168 1122 est
2194 1082 2315 1124 ser·

657 1227 661 1232 .
707 1158 931 1213 vitulis.
976 1157 1046 1212 Et
1085 1156 1405 1214 Ambrosius
1445 1156 1538 1212 lib.
1575 1154 1648 1213 de
1686 1153 1904 1222 viduis,
1941 1157 2091 1212 circa
2129 1155 2309 1214 tinem:

711 1248 1121 1320 Praeceptum,
1158 1247 1360 1320 inquit,
1393 1248 1458 1302 in
1484 1245 1740 1302 subditos
1743 1244 1970 1318 fertur,
1997 1243 2313 1302 consilium

708 1338 926 1394 amicis
953 1333 1140 1393 datur
1155 1353 1172 1388 :
1191 1336 1292 1392 ubi
1308 1340 1696 1410 praeceptum
1715 1339 1816 1401 est,
1842 1335 1928 1390 ibi
1950 1333 2051 1392 leoe
2073 1340 2191 1405 est,·
2214 1337 2317 1394 ubi

710 1425 1049 1494 consilium,
1077 1425 1160 1483 ibi
1184 1430 1392 1500 qratia
1409 1433 1514 1484 est.
1541 1427 1611 1484 Et
1633 1425 1789 1482 infra:
1814 1427 2211 1502 Praeceptum
2231 1427 2315 1482 ibi

709 1521 825 1582 est,
861 1515 964 1573 ubi
995 1521 1078 1572 est
1095 1533 1292 1590 poena
1315 1519 1571 1591 peccati,
1609 1518 1796 1590 utique
1825 1521 2046 1588 propter
2074 1518 2314 1574 necessi-

707 1611 904 1678 tatem,
930 1621 1094 1679 quam
1117 1613 1472 1679 praeceptum
1493 1605 1722 1663 inducit.
1749 1605 1837 1662 Sic
1859 1607 2020 1662 etiam
2043 1606 2175 1664 dixit
2202 1609 2311 1664 Au-

705 1694 960 1767 gustinus
987 1695 1037 1750 in
1068 1696 1161 1752 lib.
1193 1693 1264 1752 de
1290 1699 1507 1754 sancta
1525 1698 1880 1769 virginitate,
1901 1695 2030 1768 bap.
2065 1700 2129 1754 14
2153 1714 2167 1752 ε
2193 1700 2312 1754 Do-

705 1786 867 1840 mino
899 1788 1296 1860 praecipienti
1332 1801 1444 1842 non
1480 1784 1712 1842 obedire
1738 1784 2084 1844 damnabile
2108 1791 2229 1854 est;
2256 1794 2314 1845 et

707 1876 860 1933 infra:
879 1878 1204 1952 Praecepto
1225 1879 1488 1949 quisquis
1507 1893 1625 1932 non
1641 1875 2020 1950 obtemperat,
2039 1891 2178 1934 reus
2199 1882 2303 1944 est,

706 1969 762 2022 et
787 1965 1014 2023 debitor
1030 1982 1280 2042 poenae.
1313 1965 1606 2024 Ponderari
1635 1969 1801 2024 etiam
1829 1974 2032 2041 potest,
2061 1967 2213 2041 quod
2240 1971 2314 2026 ait

706 2056 870 2130 Greg.
903 2057 998 2114 lib.
1043 2061 1128 2130 12,
1160 2057 1316 2131 epist.
1350 2059 1440 2130 17,
1469 2063 1527 2114 et
1551 2057 1789 2115 refertur
1813 2058 1864 2114 in
1887 2074 2010 2131 cap.
2046 2065 2092 2118 1.
2120 2058 2189 2115 de
2212 2058 2311 2116 do·

707 2152 818 2203 nat.
859 2145 1152 2206 Nobilitas
1187 2146 1616 2231 quodammodo
1651 2148 1764 2206 sibi
1810 2147 1994 2223 leqem
2027 2152 2302 2224 imponit,

704 2241 774 2293 ut
800 2236 1002 2296 debere
1031 2255 1120 2302 se,
1152 2238 1311 2313 quod
1334 2245 1536 2315 sponte
1562 2239 1786 2308 tribuit,
1823 2242 2152 2298 existimet:
2181 2257 2311 2314 sup·

707 2329 860 2401 ponit
897 2330 1040 2386 enim
1059 2370 1074 2401 ,
1105 2328 1278 2403 legem
1307 2329 1588 2401 imponere
1613 2319 1880 2404 debitum.
1913 2332 2156 2404 Denique
2185 2332 2308 2387 Ari-

708 2425 839 2476 stot.
879 2423 929 2478 1.
960 2420 1160 2478 Ethic.
1191 2435 1314 2492 cap.
1343 2424 1396 2478 9.
1431 2418 1534 2478 hac
1559 2422 1770 2476 ratione
1791 2416 1946 2491 dixit,
1969 2420 2022 2476 in
2043 2420 2162 2496 lege
2184 2436 2307 2478 esse

708 2510 818 2566 vim
859 2510 1196 2582 coactivam,
1227 2509 1356 2582 quia
1384 2509 1515 2567 licet
1541 2526 1650 2566 non
1679 2510 1855 2567 omnis
1885 2509 1971 2567 lex
1999 2509 2310 2583 specialiter

707 2614 939 2672 poenam
967 2599 1231 2672 imponat,
1263 2600 1431 2657 insert
1456 2605 1634 2656 tamen
1662 2601 2068 2672 necessitatem,
2099 2600 2307 2658 ratione

709 2691 874 2746 euius
911 2689 1075 2746 bomo
1115 2691 1176 2746 tit
1201 2689 1398 2765 dignus
1427 2705 1630 2762 poena,
1663 2690 1706 2748 si
1738 2691 1910 2762 legem
1937 2677 2306 2764 transgredia-³

707 2786 819 2839 tur.
852 2780 1008 2837 Ratio
1045 2786 1230 2838 autem
1257 2781 1495 2838 sumitur
1520 2797 1587 2838 ex
1615 2778 1774 2838 dictis
1801 2780 1868 2837 de
1897 2782 2204 2838 substantia
2231 2781 2307 2837 le-

707 2871 828 2945 gis3
871 2876 956 2928 est
989 2872 1136 2927 enim
1173 2871 1458 2942 imperium
1487 2870 1792 2944 procedens
1821 2886 1852 2928 a
1883 2871 2158 2928 voluntate
2186 2870 2304 2928 effi-

707 2963 828 3018 caci
857 2960 1126 3036 0bligandi
1154 2961 1292 3034 eiuS,
1316 2963 1410 3034 qui
1433 2967 1757 3034 potestatem
1779 2960 1969 3036 habet3
1995 2961 2088 3018 sed
2112 2961 2305 3019 volun-

711 3059 796 3110 tas
837 3052 1064 3124 efficax,
1108 3053 1390 3125 supposita
1427 3059 1727 3125 potestate,
1769 3051 1986 3109 inducit
2018 3051 2299 3126 effectum3

707 3160 861 3223 ergo.
895 3145 1100 3202 Sensus
1139 3151 1325 3200 autem
1362 3150 1420 3199 et
1459 3145 1632 3200 maior
1659 3141 1957 3200 declaratio
1985 3142 2303 3198 assertionis

707 3233 947 3306 patebit,
978 3232 1358 3304 respondendo
1386 3232 1454 3289 ad
1481 3249 1566 3304 ea,
1596 3248 1737 3306 quae
1765 3233 1815 3288 in
1846 3233 2022 3305 primo
2049 3231 2300 3289 membro

709 3324 924 3381 obiecta
950 3329 1098 3389 sunt,
1129 3330 1185 3381 et
1209 3323 1327 3381 ideo
1354 3323 1460 3380 illis
1489 3323 1938 3383 satisfaciendum
1965 3329 2069 3381 est.

795 3418 848 3470 3.
865 3414 1032 3495 ,Circa
1053 3413 1288 3485 primum
1314 3427 1442 3486 ergo
1457 3412 1524 3470 de
1545 3413 1663 3486 lege
1678 3413 1994 3485 permissive
2010 3428 2118 3469 uno
2137 3413 2301 3470 verbo

709 3503 1014 3576 respondeo
1055 3519 1184 3559 cum
1222 3503 1415 3560 Castro
1443 3502 1533 3560 lib.
1575 3507 1623 3560 1.
1654 3502 1727 3560 de
1752 3501 1874 3578 leqe
1893 3501 2134 3578 poenal.
2170 3518 2295 3574 cap.

715 3598 765 3653 1.
809 3595 861 3649 in
893 3594 1025 3663 fine,
1058 3593 1204 3665 leges
1244 3593 1619 3664 permittentes
1648 3594 1702 3648 in
1733 3599 1946 3650 tantum
1975 3608 2094 3649 esse
2125 3592 2296 3665 leges,

709 3687 765 3741 in
787 3689 1056 3756 quantum
1084 3681 1317 3738 latenter
1343 3681 1544 3740 habent
1571 3682 1807 3740 admixta
1837 3689 2151 3754 praecepta,
2184 3683 2300 3740 sine

709 3773 910 3848 quibus
937 3789 1044 3830 non
1075 3779 1266 3844 posset
1291 3772 1514 3846 intelligi
1547 3774 1831 3846 permissio
1853 3813 1868 3843 ,
1903 3779 1964 3828 ut
1989 3773 2302 3844 specialiter

708 3865 930 3922 decreta
953 3862 1262 3936 perlegam.
1288 3862 1444 3931 Quod
1466 3863 1786 3938 significavit
1804 3862 1996 3938 Glossa
2020 3863 2073 3918 in
2097 3861 2152 3919 d.
2188 3863 2295 3936 leg.

709 3954 854 4029 leqis
881 3957 1094 4020 virtus,
1130 3952 1262 4010 dum
1287 3955 1462 4010 utitur
1481 3952 1730 4025 exemplo
1751 3953 1891 4026 legis
1907 3953 2130 4025 primae,
2157 3951 2293 4009 Cod.

709 4044 774 4102 de
802 4046 909 4100 iur.
952 4049 1011 4099 et
1041 4042 1174 4100 fact.
1204 4043 1380 4115 ignor.
1415 4043 1515 4100 Ubi
1544 4041 1695 4098 militi
1725 4044 2061 4114 permittitur
2102 4043 2183 4098 uti
2210 4058 2304 4099 ex-

639 4187 647 4193 .
708 4134 1052 4207 ceptionibus
1083 4138 1207 4206 post
1227 4133 1549 4190 sententiam
1569 4139 1765 4189 contra
1787 4148 1844 4188 se
1879 4132 2044 4189 latam
2075 4139 2302 4206 propter

709 4241 865 4282 suam
906 4223 1300 4298 ignorantiam,
1345 4238 1472 4279 nam
1513 4222 1601 4280 illa
1625 4222 1910 4294 permissio
1941 4223 2072 4296 legis
2101 4223 2303 4296 obligat

709 4315 944 4376 iudicem
981 4314 1049 4372 ad
1085 4313 1220 4371 tales
1255 4314 1600 4387 exceptiones
1643 4312 2041 4387 admittendas3
2074 4321 2129 4370 et
2156 4315 2300 4372 idem

707 4407 868 4464 estin
904 4404 1198 4476 similibus,
1231 4412 1293 4461 ut
1315 4405 1488 4478 capite
1519 4393 1766 4478 sequenti
1793 4404 1960 4462 latius
1986 4406 2295 4478 explicabo.

787 4501 842 4556 4.
873 4497 1033 4553 Circa
1061 4495 1369 4553 secundum
1398 4494 1466 4551 de
1504 4495 1622 4568 lege
1657 4493 1869 4576 poenali
1907 4494 2167 4568 adverto,
2198 4495 2299 4552 du·

711 4588 908 4660 plicem
949 4601 1116 4660 posse
1157 4584 1378 4657 intelligi
1419 4590 1732 4656 respectum
1775 4585 1832 4639 in
1857 4585 1949 4642 tali
1973 4585 2121 4658 lege:
2154 4602 2302 4644 unus

707 4686 792 4736 est
815 4677 883 4734 ad
909 4676 1180 4749 iudicem,
1205 4675 1300 4748 qui
1326 4673 1636 4732 inflicturus
1659 4681 1745 4731 est
1765 4690 2028 4747 poenam3
2059 4674 2199 4731 alius
2222 4681 2308 4732 est

710 4768 779 4825 ad
807 4783 998 4840 reum,
1039 4765 1133 4840 qui
1173 4765 1314 4822 illam
1355 4780 1621 4836 passurus
1661 4771 1765 4821 est.
1807 4764 1978 4821 Priori
2005 4764 2169 4822 modo
2197 4764 2306 4823 dici

709 4864 887 4932 potest
923 4857 1008 4914 lex
1046 4857 1138 4914 illa
1177 4854 1436 4912 inducere
1477 4854 1893 4929 obligationem,
1931 4862 1988 4912 et
2023 4855 2301 4929 imponere
2331 4889 2337 4896 -

709 4950 854 5008 illam
896 4947 1058 5005 iudici
1094 4946 1350 5020 puniendi
1379 4946 1480 5004 tale
1523 4945 1784 5003 delictum
1811 4942 2120 5003 secundum
2149 4962 2301 5004 men-

711 5057 898 5098 suram
925 5053 1022 5112 per
1051 5039 1223 5112 legem
1261 5039 1654 5110 praescriptam
1678 5077 1693 5107 ,
1722 5036 1871 5094 iuxta
1897 5033 2029 5094 illud
2059 5037 2295 5111 August.

665 5164 670 5173 ·
710 5133 803 5190 lib.
836 5130 907 5189 de
931 5147 1050 5188 ver.
1084 5127 1250 5203 reliq.
1282 5145 1405 5202 cap.
1440 5133 1540 5188 31:
1565 5129 1748 5186 Iuliis
1770 5126 2193 5203 temporalibus
2218 5129 2297 5188 le·

707 5223 902 5299 pibus,
937 5236 1306 5296 quamquam
1331 5218 1402 5278 de
1426 5220 1520 5278 his
1545 5219 1812 5278 homines
1839 5218 2120 5288 iudicent,
2157 5237 2294 5278 cum

2380 609 2486 668 sed
2522 607 2851 668 secundum
2890 613 3078 684 ipsas.
3122 611 3267 666 Haec
3295 609 3479 668 atatem
3506 609 3767 682 obligatio
3798 609 3973 667 maior

2382 707 2465 758 est
2502 701 2556 758 in
2596 700 2884 775 ordinariis
2923 700 3227 774 iudicibus,
3256 717 3422 775 quam
3449 703 3501 757 in
3531 716 3791 772 supremo
3822 703 3973 773 priu-

2381 793 2531 863 cipe,
2564 797 2629 848 ut
2666 789 2911 848 declarat
2938 789 2996 847 d.
3026 791 3258 848 Thomas
3286 797 3343 850 2.
3374 795 3405 849 2
3426 832 3441 862 ,
3470 808 3527 866 q.
3553 795 3621 851 67
3641 834 3656 864 ,
3686 799 3792 849 art.
3822 796 3884 864 43
3916 793 3973 848 in

2384 881 2636 938 omnibus
2678 889 2854 940 tamen
2889 891 2974 938 est
3004 883 3205 956 aliqua,
3230 889 3611 957 praeterquam
3642 884 3697 940 in
3720 886 3850 954 Deo,
3876 881 3971 956 qui

2380 979 2467 1028 est
2494 987 2787 1044 supremus
2820 975 3080 1030 Dominus
3098 1013 3113 1040 ,
3131 981 3189 1030 et
3213 980 3395 1047 potest
3421 989 3651 1046 poenam
3679 979 3845 1045 prout
3872 990 3969 1031 vo·
4014 984 4019 1004 *

2386 1061 2553 1120 luerit
2580 1063 2853 1120 relaxare:
2886 1063 2983 1120 sed
3007 1064 3110 1120 boc
3142 1063 3270 1120 nihil
3300 1063 3367 1121 ad
3396 1079 3653 1136 praesens
3678 1064 3863 1121 refert.

2457 1153 2617 1210 Circa
2644 1155 2999 1224 posteriorem
3028 1161 3215 1210 autem
3238 1159 3549 1226 respectum
3570 1151 3969 1211 advertendum

2381 1249 2497 1310 est,
2531 1241 2669 1301 duas
2698 1259 2859 1316 posse
2879 1243 3103 1316 intelligi
3131 1243 3485 1317 obligationes
3504 1244 3559 1300 in
3583 1243 3727 1315 lege:
3756 1259 3863 1300 una
3886 1250 3975 1301 est

2382 1331 2451 1390 ad
2491 1331 2742 1406 culpam,
2786 1348 2926 1405 quae
2965 1335 3106 1391 solet
3142 1332 3251 1390 dici
3280 1334 3332 1389 in
3357 1332 3729 1406 conscientia3
3762 1332 3864 1390 alia
3888 1339 3975 1392 est

2382 1421 2449 1479 ad
2480 1438 2729 1494 poenam.
2763 1423 2901 1479 Nam
2929 1422 3060 1479 licet
3086 1422 3221 1480 haec
3252 1423 3521 1495 posterior
3548 1421 3797 1480 videatur
3824 1422 3973 1482 illam

2382 1516 2617 1586 priorem
2648 1527 2989 1586 supponere,
3014 1515 3141 1588 quia
3168 1529 3325 1571 nemo
3347 1515 3407 1570 tit
3424 1512 3625 1588 dignus
3647 1529 3844 1587 poena,
3866 1514 3975 1572 nisi

2384 1620 2481 1677 per
2524 1603 2775 1676 culpam3
2818 1605 3166 1663 nihilominus
3207 1606 3548 1662 controverti
3584 1604 3751 1677 solet,
3790 1621 3857 1662 an
3886 1605 3973 1662 lex

2380 1695 2559 1768 aliqua
2584 1694 2808 1753 inducat
2836 1695 3193 1768 posteriorem
3220 1695 3605 1769 obligationem
3634 1696 3751 1752 sine
3778 1695 3971 1769 priori,

2382 1785 2527 1858 quod
2560 1785 2739 1844 solum
2763 1785 2813 1841 in
2835 1785 3163 1859 quibusdam
3184 1785 3397 1860 legibus
3419 1785 3671 1843 humanis
3694 1786 3858 1843 habet
3875 1785 3971 1842 ali-

2381 1891 2550 1949 quam
2577 1874 3006 1949 dubitationem,
3036 1893 3163 1934 nam
3190 1877 3244 1934 in
3272 1876 3464 1934 (livinis
3486 1884 3700 1935 certum
3728 1884 3814 1935 est
3839 1877 3973 1935 illud

2379 1966 2732 2038 principium:
2777 1965 2843 2022 de
2885 1965 2975 2023 illa
3016 1975 3197 2026 autem
3234 1969 3555 2041 quaestione
3594 1975 3787 2040 postea
3824 1967 3973 2026 dice·

2378 2072 2535 2127 muS,
2569 2055 2857 2114 tractando
2886 2057 2955 2113 de
2982 2057 3100 2131 lege
3127 2058 3360 2130 poenali.
3391 2060 3548 2116 Nunc
3578 2059 3664 2115 vel
3684 2064 3864 2132 potest
3889 2061 3973 2114 in-

2378 2144 2545 2220 telligi
2585 2147 2811 2204 assertio
2854 2147 3029 2219 posita
3067 2148 3134 2205 de
3162 2147 3478 2222 obligatione
3508 2149 3559 2205 in
3586 2165 3817 2226 genere,
3848 2151 3973 2208 ahs·

2376 2235 2641 2293 trahendo
2678 2237 2746 2294 ab
2779 2236 2885 2294 illis
2911 2237 3132 2296 duobus
3160 2238 3364 2312 modis,
3396 2239 3479 2296 vel
3508 2238 3701 2296 melius
3729 2239 3837 2297 dici
3868 2257 3971 2314 po-

2378 2332 2489 2384 test
2514 2328 2724 2384 etiamsi
2754 2327 2936 2401 aliqua
2975 2327 3062 2385 lex
3090 2345 3197 2385 non
3226 2329 3429 2404 obliget
3454 2331 3509 2386 in
3539 2330 3877 2387 conscientia
3898 2329 3969 2388 ad

2377 2423 2597 2490 actum,
2630 2424 2854 2498 propter
2881 2418 3044 2475 cuius
3071 2413 3565 2492 transgressionem
3594 2435 3768 2492 poena
3794 2422 3971 2492 impo-

2375 2510 2555 2582 nitur,
2586 2509 2827 2582 obligare
2866 2510 3056 2566 saltem
3096 2508 3182 2566 vel
3221 2509 3287 2566 ad
3316 2509 3505 2582 illum,
3538 2511 3623 2568 vel
3653 2511 3723 2568 ad
3752 2509 3970 2568 solven-

2375 2599 2501 2656 dam
2533 2614 2633 2656 seu
2661 2598 3033 2657 sustinendam
3060 2615 3317 2672 poenam,
3340 2605 3398 2656 et
3424 2601 3499 2656 ita
3528 2615 3707 2674 neque
3726 2600 3869 2658 illam
3894 2601 3973 2658 le-

2374 2705 2499 2762 gem
2521 2705 2643 2746 esse
2661 2692 2773 2747 sine
2795 2691 2973 2765 aliqua
2994 2689 3322 2764 obligatione
3344 2691 3561 2748 omnino
3584 2691 3825 2764 propria.
3850 2692 3969 2749 Dixi

2374 2786 2557 2838 autem
2599 2779 2682 2838 ad
2720 2777 3063 2839 solvendam
3099 2780 3191 2838 vel
3232 2777 3640 2838 sustinendam
3676 2797 3960 2856 poenam,

2378 2872 2508 2943 quia
2538 2871 2701 2927 etiam
2728 2869 2795 2926 de
2821 2872 2937 2943 ipsa
2968 2887 3139 2942 poena
3166 2870 3412 2943 quaestio
3442 2878 3558 2943 est,
3590 2887 3659 2928 an
3686 2871 3772 2928 lex
3793 2886 3890 2944 per
3912 2888 3971 2929 se

2374 2969 2431 3018 et
2458 2961 2765 3019 immediate
2792 2961 2998 3036 obliget
3023 2961 3092 3018 ad
3120 2961 3297 3032 illam,
3330 2976 3471 3033 quae
3499 2977 3605 3018 non
3634 2968 3720 3019 est
3749 2961 3837 3019 bic
3858 2968 3971 3020 tra-

2374 3051 2602 3125 ctanda3
2631 3053 2761 3109 satis
2789 3053 2931 3110 enim
2953 3057 3037 3108 est
3064 3051 3133 3108 ad
3154 3053 3513 3110 assertionem
3536 3055 3791 3125 positam,
3816 3054 3969 3126 quod

2374 3141 2606 3216 obliget,
2652 3143 2765 3200 sive
2799 3149 2950 3214 ante,
2982 3143 3096 3199 sive
3124 3149 3250 3215 post
3276 3145 3597 3200 sententiam
3622 3142 3787 3200 latam
3811 3186 3824 3212 ,
3856 3144 3968 3200 sive

2375 3233 2443 3289 ad
2472 3233 2744 3307 agendum
2763 3273 2779 3300 ,
2812 3235 2927 3291 sive
2950 3231 3020 3290 ad
3050 3249 3157 3288 non
3185 3231 3577 3308 resistendum,
3607 3239 3775 3308 atque
3802 3235 3875 3292 ita
3900 3234 3969 3292 ad

2374 3323 2748 3380 sustinendam
2777 3339 3030 3396 poenam.

2451 3419 2503 3469 5.
2535 3413 2692 3470 Circa
2730 3414 2957 3470 tertium
2995 3411 3060 3468 de
3104 3412 3391 3487 privilegus
3413 3453 3430 3484 ,
3468 3411 3627 3469 multi
3654 3418 3878 3488 propter
3903 3415 3965 3472 il·

2366 3495 2479 3558 lam
2506 3502 2769 3558 rationem
2791 3506 3019 3575 negant,
3044 3501 3380 3576 privilegium
3404 3517 3529 3558 esse
3554 3519 3737 3561 veram
3761 3504 3962 3579 legem,

2372 3591 2466 3649 sed
2497 3599 2596 3650 aut
2632 3591 2939 3649 secundum
2974 3591 3107 3664 quid
3138 3598 3380 3665 tantum,
3411 3598 3475 3650 ut
3504 3594 3671 3651 sentit
3696 3594 3889 3651 Glossa
3914 3595 3969 3652 in

2370 3681 2425 3739 d.
2458 3697 2582 3755 cap.
2614 3681 3021 3755 Privileqium.
3055 3687 3154 3740 aut
3178 3681 3329 3740 nullo
3358 3682 3521 3740 modo
3542 3727 3557 3758 ,
3586 3691 3653 3742 ut
3678 3685 3845 3743 sentit
3864 3687 3964 3743 Ca-

2372 3779 2487 3830 stro
2524 3773 2635 3854 lib..
2663 3778 2711 3833 1.
2744 3771 2815 3829 de
2847 3771 2968 3846 leqe
2987 3771 3261 3847 poenali,
3296 3790 3421 3847 cap.
3461 3779 3509 3832 1.
3541 3776 3655 3849 Ego
3694 3792 3825 3833 vero
3854 3778 3966 3834 exi-

2371 3866 2565 3935 stimo,
2597 3865 2642 3921 si
2664 3863 3006 3936 privilegium
3030 3879 3161 3920 cum
3179 3865 3531 3936 proportione
3549 3872 3829 3940 sumatur,
3856 3885 3966 3926 non

2371 3955 2551 4012 minus
2581 3969 2742 4027 posse
2764 3955 2902 4011 inter
2929 3954 3075 4027 leges
3097 3955 3438 4027 computari,
3464 3972 3632 4029 quam
3654 3958 3967 4028 permissio·

2370 4061 2517 4101 nem.
2547 4046 2696 4113 Quae
2736 4051 2821 4101 est
2850 4050 3037 4116 aperta
3064 4045 3327 4101 sententia
3354 4044 3409 4104 d.
3437 4046 3632 4103 Isidori
3670 4051 3721 4104 5.
3752 4053 3957 4122 Etym.

2370 4149 2493 4207 cap.
2531 4137 2595 4192 19
2615 4176 2630 4205 ,
2662 4141 2723 4191 ut
2748 4132 3051 4190 videbimus
3081 4133 3259 4204 capite
3289 4137 3563 4207 sequenti.
3602 4136 3735 4202 Dico
3770 4145 3953 4196 autem

2372 4241 2508 4282 cum
2546 4227 2951 4299 proportione,
2993 4223 3123 4297 quia
3167 4225 3211 4280 si
3249 4239 3431 4281 sermo
3468 4225 3537 4282 sit
3572 4224 3641 4283 de
3674 4227 3958 4301 privilegio

2372 4313 2686 4388 temporali,
2716 4315 2801 4371 vel
2842 4329 3113 4372 concesso
3144 4316 3235 4371 uni
3264 4330 3562 4388 personae,
3596 4323 3658 4374 ut
3685 4333 3815 4374 cum
3842 4319 3962 4376 eius

2374 4405 2481 4462 vita
2521 4404 2768 4478 finiatur,
2802 4403 2934 4460 illud
2962 4402 3145 4460 deficit
3170 4420 3202 4461 a
3228 4406 3445 4462 ratione
3473 4407 3639 4480 legis,
3670 4422 3779 4464 non
3808 4424 3965 4480 prae-

2374 4497 2485 4552 cise
2516 4509 2589 4552 ex
2624 4511 2717 4563 eo,
2750 4494 2900 4568 quod
2938 4495 3283 4568 privilegium
3318 4502 3434 4569 est,
3465 4495 3561 4573 sed
3588 4499 3715 4571 quia
3742 4515 3857 4556 non
3877 4505 3966 4556 est

2372 4584 2504 4658 quid
2542 4583 2737 4642 stabile
2772 4591 2869 4642 aut
2904 4585 3153 4660 firmum,
3194 4585 3345 4660 quod
3372 4586 3608 4644 diximus
3634 4603 3753 4645 esse
3782 4590 3848 4647 de
3876 4607 3967 4648 ra-

2376 4676 2517 4732 tione
2539 4675 2701 4748 legis:
2729 4681 2784 4730 at
2802 4675 3140 4748 privilegium
3162 4683 3491 4749 perpetuum
3512 4693 3844 4738 concessum
3866 4685 3967 4739 aut

2374 4765 2750 4822 communitati
2790 4765 2982 4836 alicui,
3026 4772 3123 4824 aut
3166 4767 3423 4834 familiae,
3467 4773 3529 4824 ut
3566 4767 3620 4824 in
3656 4785 3721 4826 ea
3747 4787 3965 4846 semper

2374 4856 2568 4928 duret,
2600 4856 2875 4928 propriam
2902 4858 3167 4914 rationem
3197 4857 3333 4932 legis
3359 4856 3539 4915 habet.
3880 4856 3885 4862 ’

2453 4953 2505 5009 6.
2540 4949 2770 5021 Oportet
2804 4954 2985 5005 tamen
3020 4946 3260 5020 duplicia
3288 4948 3626 5022 distinguere
3655 4950 3957 5024 privilegia:

2372 5039 2640 5116 quaedam
2684 5045 2813 5096 sunt
2851 5054 3114 5100 concessa
3150 5041 3351 5098 intuitu
3390 5037 3623 5097 alicuius
3658 5042 3785 5100 honi
3806 5060 3962 5102 com-

2370 5134 2573 5204 munis,
2598 5129 2799 5204 quibus
2822 5130 3061 5203 privatae
3083 5145 3349 5203 personae
3369 5133 3681 5189 renuntiare
3707 5149 3817 5190 non
3840 5151 3966 5206 pos·
4065 5135 4077 5146 '

2371 5229 2530 5295 sunt,
2574 5221 2723 5278 iuxta
2763 5235 2887 5293 cap.
2933 5221 3003 5278 Si
3027 5218 3316 5293 simoenti,
3349 5219 3418 5278 de
3456 5221 3577 5278 foro
3604 5226 3963 5299 competenti,
