4325 6267
1620 383 1830 432 CAPUT
1860 384 2056 432 xxxl.

196 515 428 570 minum.
462 513 571 572 Sed
609 512 699 570 bic
740 525 897 570 error
924 510 1251 586 generaliter
1278 509 1553 566 refutatus
1578 512 1663 563 est
1692 505 1787 562 lib.

202 606 257 672 1,
288 619 414 674 cap.
458 605 619 660 XVssl
637 646 652 675 ,
680 609 733 658 et
770 601 1059 674 specialius
1088 602 1141 656 in
1168 601 1429 673 principio
1456 598 1622 654 huius
1648 595 1791 667 libri,

202 693 287 748 ubi
330 692 712 764 ostendimus,
754 706 872 748 esse
910 692 963 747 in
1008 690 1343 763 principibus
1369 693 1693 761 potestatem
1721 685 1796 741 le-

200 782 509 854 gislativam
550 783 793 848 civilem,
836 787 893 838 et
933 780 1071 837 hanc
1113 793 1465 852 perseverare
1504 779 1556 834 in
1596 775 1793 834 Christi

198 872 465 942 Ecclesia,
498 878 555 928 et
581 873 731 928 circa
758 869 939 927 lideles
980 871 1206 926 versari.
1233 868 1493 942 Idemque
1516 883 1645 924 cum
1670 880 1795 936 pro·

202 963 447 1035 portione
472 959 831 1019 ostendemus
845 962 897 1016 in
914 958 1051 1016 libro
1073 960 1319 1031 sequenti
1338 957 1404 1014 de
1423 955 1795 1014 ecclesiastica

203 1057 501 1122 potestate,
533 1056 588 1107 et
614 1051 732 1108 ideo
774 1048 865 1105 hic
894 1048 1055 1121 plura
1082 1048 1265 1105 dicere
1302 1063 1408 1103 non
1436 1053 1521 1102 est
1550 1058 1792 1102 necesse.

204 1143 329 1198 Nam
358 1139 511 1211 quod
540 1138 751 1198 Paulus
777 1143 992 1208 monet,
1023 1152 1090 1194 ne
1121 1135 1428 1193 efficiamur
1456 1134 1596 1190 servi
1628 1132 1799 1188 homi·

206 1245 363 1300 num,
400 1226 681 1300 intelligit,
710 1241 817 1298 qua
848 1225 1092 1282 homines
1120 1231 1282 1294 sunt,
1308 1222 1356 1278 id
1386 1228 1556 1279 estne
1579 1222 1681 1277 illis
1701 1235 1795 1292 pa·-

204 1325 419 1374 reamu's
460 1319 515 1372 in
548 1317 641 1386 iis,
673 1331 813 1388 quae
841 1317 951 1371 Deo
984 1319 1319 1386 repugnant,
1350 1327 1450 1368 nec
1479 1311 1795 1368 servitutem

208 1410 418 1466 illorum
442 1408 695 1464 servituti
717 1407 812 1464 Dei
836 1405 1224 1477 praeferamus.
1248 1403 1349 1470 Qui
1371 1407 1553 1457 autem
1577 1399 1797 1456 subiici-

212 1508 297 1555 tur
336 1498 442 1569 legi
482 1497 756 1554 humanae
798 1497 941 1552 iusta
979 1500 1033 1551 et
1073 1493 1305 1566 legitima
1335 1497 1604 1564 potestate
1633 1489 1795 1560 latae,

210 1590 369 1660 magis
412 1591 526 1643 Deo
572 1586 769 1658 servit,
798 1599 963 1658 quam
994 1583 1223 1652 homini3
1257 1583 1387 1654 quia
1414 1588 1466 1637 et
1497 1581 1657 1636 homo
1691 1592 1797 1633 non

213 1678 309 1734 l'ert
348 1676 523 1748 legem
546 1717 561 1746 ,
593 1675 691 1729 nisi
731 1679 794 1729 ut
830 1673 1073 1729 minister
1099 1672 1224 1742 Dei,
1251 1677 1307 1726 et
1332 1674 1474 1727 Deus
1504 1670 1615 1740 ipse
1646 1683 1799 1739 prae-

214 1770 336 1839 cipit
365 1765 590 1822 obedire
618 1763 953 1835 principibus
981 1769 1037 1818 et
1072 1761 1325 1833 praelatis
1344 1800 1359 1828 ,
1392 1765 1455 1816 ut
1490 1758 1631 1814 idem
1660 1760 1799 1812 Pau·

216 1857 293 1912 lus
323 1855 441 1911 aliis
468 1855 609 1911 locis
636 1853 843 1910 docuit.
872 1853 942 1908 Et
960 1851 1149 1908 eodem
1176 1850 1337 1907 modo
1368 1865 1432 1905 ac
1457 1864 1620 1903 sensu
1651 1863 1801 1903 man-

215 1947 331 2002 data
366 1945 651 2002 hominum
680 1943 939 2000 dicuntur
962 1956 1055 2013 pet·
1078 1941 1527 2010 antonomasiam,
1554 1953 1694 2010 quae
1714 1953 1798 1992 re-

219 2041 450 2107 pugnant
492 2033 764 2090 mandatis
790 2031 917 2102 Dei,
949 2031 1094 2088 sicut
1136 2031 1357 2102 propria
1387 2027 1638 2084 voluntas
1665 2025 1797 2082 dici-

220 2135 331 2196 tur,
364 2140 505 2197 quae
535 2139 568 2179 a
594 2122 879 2178 :voluntate
906 2121 1032 2190 Dei,
1058 2119 1139 2174 vel
1170 2119 1469 2190 superioris
1490 2114 1793 2186 discordat3

218 2222 269 2270 et
294 2213 407 2268 ideo
434 2209 757 2283 reprehendi
785 2209 951 2278 solet,
982 2208 1230 2281 quamvis
1260 2207 1386 2262 alias
1407 2212 1648 2276 constet,
1675 2220 1801 2276 pro-

224 2303 328 2373 pria
358 2301 637 2358 voluntate
665 2306 721 2354 et
748 2299 993 2354 libertate
1024 2297 1286 2354 utendum
1309 2313 1428 2352 esse
1458 2294 1523 2351 ad
1554 2293 1802 2350 obedien-

220 2391 339 2446 dum
386 2393 523 2446 Deo.
556 2390 643 2444 Sic
672 2403 806 2460 ergo
840 2386 1099 2443 mandatis
1128 2387 1411 2442 hominum
1442 2381 1801 2440 obediendum

225 2487 324 2549 est,
354 2479 575 2552 quando
606 2483 737 2534 sunt
762 2484 1131 2533 consentanea
1158 2476 1367 2532 divinae
1395 2475 1684 2532 voluntati.

292 2567 662 2632 3..Secundus
691 2583 849 2622 error
876 2573 961 2624 est
984 2565 1383 2622 haereticorum
1404 2564 1567 2620 huius
1594 2569 1803 2635 tempo-

226 2659 291 2714 ris
315 2658 638 2727 dicentium,
664 2656 853 2714 saltem
881 2658 1053 2712 iustos
1082 2671 1189 2712 non
1211 2654 1435 2728 obligari
1464 2653 1673 2726 iegibus
1703 2653 1802 2709 hu-

229 2749 509 2821 manis,qui
536 2753 767 2803 utuntur
789 2744 995 2803 eisdem
1016 2744 1402 2814 fundamentis,
1426 2749 1801 2816 propterquae

228 2837 353 2894 idem
379 2841 636 2894 asserunt
663 2834 729 2892 de
756 2837 902 2892 omni
932 2835 1068 2908 lege:
1102 2834 1214 2890 istis
1245 2848 1373 2890 vero
1409 2836 1541 2890 satis
1580 2847 1805 2904 respon-

230 2945 339 2983 sum
364 2927 525 2984 estin
556 2925 703 2982 dicto
732 2941 785 2982 e.
810 2926 997 2997 lell,
1034 2924 1123 2982 lib.
1158 2927 1201 2998 1,
1230 2933 1284 2981 et
1314 2924 1431 2981 ideo
1462 2926 1514 2979 in
1546 2923 1647 2979 hoc
1678 2921 1803 2978 nihil

230 3017 305 3073 hic
333 3017 527 3074 addere
552 3032 777 3073 necesse
797 3023 898 3072 est.
931 3014 1105 3072 Videri
1132 3013 1321 3071 deinde
1344 3019 1522 3085 potest
1547 3015 1804 3084 Augusti-

232 3124 322 3164 nus
342 3109 387 3164 in
414 3107 575 3180 epist.
611 3105 679 3163 ad
708 3107 867 3164 Rom.
898 3119 951 3162 c.
986 3106 1076 3162 72.
1102 3104 1166 3160 ad
1196 3104 1375 3173 tinem,
1399 3102 1491 3175 qui
1522 3101 1625 3158 late
1657 3100 1801 3157 hunc

232 3212 455 3254 errorem
484 3197 591 3253 iam
622 3195 749 3252 olim
776 3193 1097 3266 confutavit.
1133 3193 1350 3248 Tertius
1384 3206 1543 3248 error
1570 3189 1671 3245 suit
1696 3204 1805 3245 non

232 3301 595 3359 quoscumque
632 3287 839 3362 iustos,
872 3281 968 3339 sed
994 3283 1187 3340 eximie
1215 3282 1486 3350 perlectos
1515 3286 1801 3351 exemptos

232 3391 339 3430 esse
368 3377 433 3431 ab
459 3376 795 3448 obligatione
833 3375 965 3446 legis
994 3372 1293 3442 humanae,
1325 3370 1481 3444 quod,
1512 3376 1804 3427 senserunt

232 3463 459 3538 Begardi,
501 3473 560 3522 et
598 3463 840 3536 Beghini,
884 3469 948 3519 ut
988 3464 1265 3534 colligitur
1310 3447 1677 3518 ex¹Clement.
1714 3459 1804 3517 Ad

233 3559 505 3622 nostram,
540 3555 611 3610 de
638 3554 844 3610 haeret.
876 3552 1269 3610 Fundabantur
1298 3556 1479 3608 autem
1499 3593 1514 3619 ,
1545 3551 1675 3624 quia
1702 3567 1802 3622 pu-

236 3642 419 3713 tabant,
442 3643 615 3700 iustos
636 3642 911 3714 perfectos
942 3643 994 3698 in·
1018 3641 1120 3698 hac
1149 3643 1257 3697 vita
1288 3641 1571 3713 pervenire
1599 3639 1668 3696 ad
1694 3647 1804 3698 sta-

240 3736 339 3787 tum
364 3733 665 3790 beatificum
685 3774 700 3804 ,
730 3733 783 3787 in
811 3747 921 3802 quo
948 3746 1055 3788 non
1086 3730 1397 3804 obligantur
1424 3731 1565 3786 beati
1593 3729 1803 3803 legibus

241 3820 485 3878 humanis.
524 3819 633 3878 Sed
670 3820 775 3877 hoc
812 3819 1227 3878 fundamentum
1265 3819 1421 3892 plane
1458 3827 1543 3876 est
1576 3818 1804 3876 haereti-

238 3925 373 3983 cum,
399 3927 573 3984 neque
614 3916 700 3966 est
736 3909 843 3967 hoe
884 3908 1007 3966 loco
1049 3909 1427 3981 tractandum,
1459 3908 1621 3966 habet
1660 3911 1801 3965 enim

240 4001 495 4071 proprium
537 4001 591 4057 in
637 4003 684 4058 1.
724 4017 782 4072 p.
827 4015 879 4070 q.
931 4001 1018 4070 12,
1056 4004 1114 4055 et
1155 4003 1202 4055 1.
1234 4004 1291 4068 2,
1322 4015 1377 4072 q.
1415 3997 1477 4066 3,
1508 4006 1563 4056 et
1589 4002 1655 4070 ⁴3
1684 3998 1804 4055 ideo

240 4097 411 4144 contra
436 4088 585 4146 hunc
614 4089 777 4145 etiam
812 4103 1056 4144 errorem
1086 4087 1339 4144 sufficere
1378 4092 1606 4159 possunt
1646 4103 1805 4159 supe-

240 4177 342 4232 rius
368 4178 509 4236 dicta
537 4179 591 4234 in
612 4176 844 4250 allegato
868 4192 988 4249 cap.
1016 4178 1152 4246 XVl,
1176 4184 1233 4234 et
1251 4177 1319 4233 de
1340 4182 1611 4248 potestate
1630 4176 1805 4232 seren-

240 4265 285 4320 di
310 4265 443 4338 leges
470 4267 765 4340 humanas,
796 4273 854 4324 et
882 4266 1115 4324 delinitio
1154 4266 1369 4323 concilii
1410 4264 1627 4323 trident.
1662 4281 1800 4322 sess.

246 4360 293 4425 6,
320 4373 431 4430 cap.
471 4363 559 4429 11,
592 4363 649 4414 et
674 4373 797 4416 can.
840 4361 936 4430 19,
966 4362 1022 4414 et
1048 4361 1122 4416 20
1143 4401 1157 4430 ,
1187 4365 1245 4414 et
1274 4355 1438 4412 videri
1468 4361 1651 4428 potest
1676 4357 1804 4412 Soto

242 4444 319 4500 lib.
361 4451 409 4503 3.
439 4445 509 4504 de
544 4451 748 4503 natur.
790 4450 845 4502 et
878 4451 1035 4520 μναῖ.
1076 4461 1202 4518 cap.
1243 4450 1291 4518 1,
1322 4445 1457 4518 Veg.
1491 4446 1581 4502 lib.
1624 4449 1678 4503 ti
1706 4488 1719 4515 ,
1752 4444 1803 4498 in

242 4535 417 4591 concil.
447 4535 667 4592 trident.
702 4551 826 4607 cap.
857 4537 913 4607 6,
942 4540 997 4590 et
1028 4536 1079 4592 7.

308 4629 355 4682 4.
385 4625 679 4683 Dicendum
700 4640 832 4697 ergo
854 4631 961 4688 est,
986 4638 1201 4681 omnem
1223 4622 1497 4680 hominem
1519 4625 1799 4694 viatorem,

244 4718 293 4768 et
311 4716 633 4786 superiorem
661 4713 971 4786 habentem,
1002 4729 1165 4786 posse
1195 4713 1345 4770 illius·
1366 4713 1575 4786 legibus
1602 4712 1802 4785 obliga·

247 4802 305 4864 ri,
330 4818 388 4859 ac
414 4803 637 4862 subinde
664 4805 811 4878 leges
840 4804 1107 4862 humanas
1136 4803 1379 4876 obligare
1406 4820 1595 4862 ornnes
1619 4803 1803 4860 subdi-

250 4896 339 4960 tos,
372 4892 435 4949 ad
460 4910 599 4967 quos
622 4895 948 4968 loquuntur.
972 4896 1121 4962 Quae
1142 4895 1371 4952 assertio
1396 4897 1635 4962 sumitur
1655 4910 1721 4951 ex
1742 4893 1797 4950 d.

246 4978 410 5036 Thom.
446 4988 494 5040 l.
524 4989 589 5054 2,
624 4999 679 5057 q.
714 4988 821 5054 96,
850 4990 957 5041 art.
995 4988 1058 5057 5,
1088 4992 1146 5041 et
1173 4991 1227 5042 2.
1263 4989 1317 5057 3,
1350 5000 1406 5057 q.
1444 4989 1578 5055 104,
1611 4993 1713 5041 art.
1753 4990 1801 5055 1,

248 5075 297 5123 et
316 5078 453 5128 recte
477 5070 753 5130 declarata
782 5075 1003 5131 omnino
1028 5081 1179 5132 certa
1207 5081 1312 5147 est,
1341 5080 1398 5131 et
1424 5073 1492 5131 de
1522 5074 1643 5131 fide.
1675 5077 1803 5131 Pro-

248 5158 493 5235 baturque
514 5163 851 5222 sufficienter
872 5180 935 5220 ex
961 5166 1141 5223 verbis
1164 5165 1312 5222 Pauli
1334 5166 1561 5222 Roman.
1590 5169 1649 5223 3:
1676 5167 1805 5222 Sci-

250 5263 380 5316 mus,
406 5255 684 5322 quoniam
708 5268 1105 5327 quaecumque
1131 5253 1230 5312 lex
1256 5253 1543 5326 loquitur,
1577 5256 1673 5321 iis,
1710 5256 1812 5326 qui

387 5359 552 5406 Suantz
564 5395 575 5413 ,
596 5361 654 5407 De
670 5363 855 5434 lfeailms
870 5385 920 5394 —-
934 5363 1040 5407 Pars
1056 5363 1092 5406 1.

3259 373 3382 435 273

1861 508 1925 562 in
1952 505 2075 580 leqe
2102 514 2254 576 sunt,
2291 509 2568 585 loquitur.
2595 510 2723 568 lllos
2743 527 2875 586 ergo
2897 512 3058 569 etiam
3081 511 3305 585 obligat,
3326 513 3456 586 quia

1865 593 2105 668 loquitur
2143 597 2456 670 imperando
2473 597 2496 670 ‚'
2529 607 2582 656 et
2615 601 2899 674 imperium
2939 601 3142 672 obligat
3181 600 3452 674 subditos,

1864 691 1929 742 ut
1954 701 2123 757 supra
2148 697 2432 746 ostensum
2459 696 2566 761 est,
2589 697 2644 747 et
2667 691 2942 747 convincit
2962 691 3124 748 etiam
3155 690 3287 748 illud
3307 691 3462 752 Pauli

1862 775 2091 831 Roman.
2134 779 2228 834 13:
2269 778 2478 834 Omnis
2507 782 2722 836 anima
2740 779 3127 853 potestatibus
3161 779 3456 838 sublimio·

1866 864 2029 920 ribus
2056 863 2302 923 subdita
2327 871 2428 934 sit,
2469 883 2596 924 cum
2625 869 2892 926 similibus
2921 869 3252 926 testimoniis
3289 884 3458 941 supra

1866 953 2067 1010 citatis.
2098 956 2256 1012 Ratio
2286 963 2469 1013 autem
2508 959 2776 1030 generalis
2803 966 2914 1030 est,
2946 960 3076 1032 quia
3119 961 3256 1016 ratio
3295 965 3456 1016 natu·

1864 1044 1991 1101 ralis
2020 1044 2205 1115 docet,
2231 1046 2524 1103 servandas
2546 1063 2665 1103 esse
2689 1048 2834 1121 leges
2855 1050 3030 1105 iustas
3053 1049 3118 1104 ab
3143 1048 3456 1105 hominibus

1866 1135 2033 1207 latas3
2065 1143 2121 1192 et
2141 1139 2290 1192 'Deus
2317 1138 2479 1194 etiam
2509 1139 2561 1192 in
2594 1138 2880 1209 Scriptura
2917 1153 3076 1211 saepe
3114 1137 3220 1196 hoc
3249 1141 3457 1210 praeci·
3551 1158 3568 1172 ·

1866 1225 1975 1295 pit3
2008 1239 2137 1296 ergo
2167 1225 2398 1282 maxime
2427 1242 2458 1282 a
2487 1226 2748 1298 subditis,
2780 1243 2903 1284 nam
2934 1226 3006 1284 illi
3039 1234 3186 1300 sunt,
3218 1231 3311 1301 qui
3337 1230 3456 1284 suis

1864 1314 2235 1386 superioribus
2263 1314 2619 1374 obedientiam
2644 1315 2874 1388 debent3
2906 1317 2972 1374 ab
3014 1318 3116 1374 hac
3147 1325 3330 1374 autem
3359 1333 3453 1389 ge-

1863 1403 2030 1460 nerali
2070 1402 2260 1476 regula
2299 1404 2448 1461 nulla
2485 1409 2734 1477 exceptio
2763 1407 2920 1463 nobis
2960 1407 3088 1464 data
3121 1415 3241 1478 est,
3273 1407 3354 1464 vel
3384 1407 3452 1464 de

1864 1493 2129 1564 fidelibus,
2160 1492 2247 1550 vel
2277 1493 2344 1550 de
2371 1494 2551 1566 iustis,
2583 1511 2682 1550 seu
2709 1494 2776 1552 de
2806 1496 3083 1568 perlectis,
3115 1499 3234 1552 sive'
3255 1496 3324 1552 de
3351 1511 3453 1552 eu-

1865 1584 2192 1656 iuscumque
2240 1583 2460 1641 alterius
2502 1584 2828 1642 conditionis
2881 1586 3188 1643 hominibus
3217 1606 3232 1657 ς
3279 1601 3456 1658 neque

1864 1673 2005 1729 enim
2028 1689 2122 1744 per
2138 1674 2478 1746 Scripturam
2503 1673 2606 1730 vel.
2629 1673 3087 1748 traditionem,vel
3113 1691 3206 1747 per
3223 1675 3460 1748 aliquam

1867 1763 2200 1834 probabilem
2223 1765 2488 1820 rationem
2510 1761 2576 1819 de
2600 1765 2689 1820 tali
2715 1764 3028 1836 exceptione
3050 1770 3285 1821 constat:
3317 1780 3450 1836 ergo

1864 1867 1966 1908 nec
2008 1851 2314 1910 secundum
2355 1851 2533 1921 iidem,
2566 1868 2668 1908 nec
2711 1853 3017 1912 secundum
3061 1853 3322 1910 rationem
3362 1853 3456 1908 ad-

1867 1941 2002 1998 mitti
2032 1947 2237 2012 potest:
2269 1957 2397 2014 ergo
2421 1957 2607 1997 omnes
2631 1943 2832 2001 subditi
2855 1943 3180 2016 obligatione
3204 1943 3336 2015 legis
3360 1943 3458 2000 hu-

1869 2045 2053 2085 manae
2083 2036 2357 2088 tenentur.
3097 2083 3102 2086 .

1942 2118 2192 2175 Notanda
2219 2136 2350 2176 vero
2377 2127 2464 2178 est
2498 2120 2765 2194 particula
2806 2119 2890 2178 ad
2924 2137 3066 2195 quos
3109 2119 3450 2194 loquuntur,

1873 2223 1941 2264 ex
1967 2223 2077 2282 qua
2114 2209 2315 2279 pendet
2355 2211 2712 2286 intelligentia
2747 2209 3152 2282 conclusionis,
3185 2227 3292 2267 non
3319 2212 3461 2266 enim

1870 2299 2120 2371 singulae
2149 2299 2295 2372 leges
2323 2301 2591 2360 humanae
2622 2302 2903 2358 universos
2926 2299 3172 2357 homines
3195 2301 3456 2373 obligant,

1870 2405 1969 2446 nec
1999 2388 2196 2462 singuli
2222 2389 2466 2446 homines
2496 2391 2748 2447 omnibus
2780 2390 2860 2445 bis
2890 2389 3102 2462 legibus
3130 2396 3454 2460 onerantur,

1870 2478 1963 2535 sed
1994 2479 2376 2553 unusquisque
2405 2478 2676 2553 obligatur
2705 2479 2915 2552 legibus
2943 2478 3010 2534 ad
3052 2495 3111 2536 se
3149 2479 3460 2550 pertinenti-

1867 2568 1999 2624 bus:
2034 2567 2224 2625 nullus
2248 2583 2377 2626 vero
2406 2576 2511 2636 est,
2545 2572 2640 2643 qui
2679 2567 2746 2624 ad
2774 2568 2984 2640 aliquas
3012 2567 3158 2642 leges
3197 2569 3461 2625 humanas

1870 2658 2166 2714 servanda-s
2215 2675 2324 2714 non
2356 2665 2628 2728 teneatur,
2661 2661 2705 2713 si
2731 2659 2784 2714 in
2813 2659 2967 2714 terris
2992 2658 3342 2731 recognoscit
3368 2673 3462 2713 su-

1870 2747 2156 2819 periorem.
2191 2749 2262 2804 Et
2293 2748 2365 2803 ita
2394 2763 2582 2804 omnes
2611 2746 2830 2821 quidem
2860 2747 3230 2804 subiiciuntur
3269 2745 3461 2803 huma-

1871 2839 1951 2892 nis
1980 2835 2226 2909 legibus,
2256 2843 2564 2894 nontamen
2601 2837 2848 2894 absolute
2868 2843 2922 2892 et
2939 2836 3333 2906 indifferenter,
3365 2835 3461 2892 sed

1871 2927 2196 2997 respective.
2213 2927 2606 2998 Explicandum
2629 2942 2758 2983 vero
2781 2932 3051 2998 superest,
3076 2925 3350 2998 quomodo
3372 2925 3462 2981 hic

1872 3021 2184 3086 respectus,
2209 3031 2308 3072 seu
2336 3014 2650 3074 distributio
2674 3015 2836 3072 huius
2859 3015 3198 3088 obligationis
3222 3014 3463 3071 facienda

1871 3105 1969 3160 sit:
2002 3101 2069 3158 ad
2108 3103 2258 3176 quod
2285 3104 2668 3176 explicandum
2695 3104 2837 3160 duae
2875 3102 3011 3160 aliae
3048 3104 3270 3177 regulae
3298 3119 3464 3176 gene-

1870 3192 2013 3250 rales
2034 3191 2312 3248 addendae
2341 3199 2490 3250 sunt.

1950 3289 2002 3337 5.
2044 3282 2177 3338 Dico
2218 3296 2349 3356 ergo
2391 3282 2654 3340 secundo:
2689 3285 3057 3359 Unaquaeque
3098 3283 3182 3342 lex
3227 3283 3464 3340 bumana

1870 3372 2071 3444 obligat
2092 3385 2281 3427 omnes
2303 3387 2588 3443 personas,
2615 3387 2755 3446 quae
2778 3381 2909 3431 sunt
2931 3381 3112 3446 partes
3135 3372 3284 3430 illius
3313 3389 3464 3430 com-

1872 3461 2182 3532 munitatis,
2216 3476 2316 3533 pro
2350 3477 2459 3534 qua
2481 3460 2562 3520 lex
2591 3461 2790 3534 fertur,
2815 3465 2856 3518 si
2887 3471 3068 3520 cetera
3105 3467 3461 3519 concurrant.

1872 3553 2023 3610 Hanc
2059 3550 2306 3608 ultimam
2345 3551 2667 3623 particulam
2705 3550 2878 3624 addo,
2911 3553 3040 3625 quia
3075 3550 3465 3624 supponendae

1874 3646 2004 3698 sunt
2032 3642 2086 3696 in
2117 3641 2234 3714 lege
2257 3657 2448 3697 omnes
2473 3640 2606 3698 aliae
2629 3641 2968 3699 conditiones
2991 3641 3057 3698 ad
3078 3642 3458 3715 obligationem

1871 3731 2005 3805 legis
2034 3730 2349 3803 requisitae,
2380 3731 2594 3804 quaein
2617 3731 2988 3803 superioribus
3013 3739 3286 3789 tractatae
3305 3737 3456 3798 sunt3

1870 3836 1992 3877 nam
2024 3818 2112 3876 hic
2152 3819 2332 3876 solum
2370 3821 2582 3893 agimus
2620 3818 2688 3877 de
2716 3820 3025 3877 conditione
3064 3821 3368 3877 necessaria
3395 3835 3463 3876 ex

1872 3915 2027 3982 parte
2048 3922 2337 3981 personae,
2361 3924 2502 3981 quae
2524 3908 2810 3982 obliganda
2829 3915 2918 3966 est
2935 3926 3032 3982 per
3052 3909 3244 3983 legem.
3262 3907 3462 3966 Deinde

1874 3999 2033 4056 etiam
2057 3998 2436 4070 supponimus,
2461 3998 2626 4054 verba
2646 4005 2702 4054 et
2720 4000 2982 4056 rationem
3007 3999 3142 4071 legis
3159 4041 3173 4070 ,
3195 4006 3463 4071 quantum
3537 4055 3546 4064 ,

1872 4096 1960 4146 est
1986 4087 2051 4144 de
2080 4105 2137 4145 se
2161 4130 2176 4160 ,
2211 4087 2405 4144 habere
2436 4086 2621 4146 locum
2651 4089 2702 4144 in
2733 4088 2826 4146 tali
2857 4104 3120 4161 persona3
3152 4103 3274 4146 nam
3303 4091 3349 4144 si
3379 4086 3462 4144 lex

1874 4179 1990 4250 ipsa
2016 4177 2370 4234 determinate
2401 4176 2609 4234 feratur
2635 4177 2702 4234 ad
2730 4187 2884 4236 certa
2920 4180 3164 4236 membra
3206 4179 3463 4250 reipubli-

1873 4283 1969 4325 cae
1990 4311 2005 4341 ,
2036 4283 2142 4324 non
2177 4259 2438 4340 ‘obligabit
2479 4266 2709 4340 reliqua,
2739 4270 2865 4342 quia
2895 4275 3028 4326 tunc
3058 4285 3164 4326 non
3194 4269 3368 4326 fertur
3395 4267 3462 4324 ad

1874 4365 2047 4416 totam
2076 4359 2546 4430 communitatem,
2577 4357 2672 4414 sed
2701 4356 2766 4414 ad
2791 4365 2998 4430 partem
3020 4358 3161 4427 eius,
3184 4363 3459 4431 quatenus

1874 4448 1979 4504 sub
2012 4446 2111 4503 alia
2138 4445 2347 4503 ratione
2378 4447 2640 4504 minorem
2667 4446 2959 4520 quamdam
2981 4448 3464 4504 commutationem

1875 4535 2190 4608 constituit,
2221 4542 2278 4592 et
2300 4535 2377 4591 ita
2404 4542 2622 4592 servata
2650 4537 3000 4608 proportione
3029 4536 3096 4593 ad
3123 4537 3268 4594 illam
3295 4539 3462 4594 etiam
3559 4577 3570 4586 .

1876 4629 2076 4697 poterit
2102 4624 2292 4698 regula
2319 4625 2492 4696 posita
2522 4624 2800 4698 applicari.
2819 4627 2909 4683 Sic
2935 4641 3066 4698 ergo
3089 4626 3357 4698 explicata
3379 4641 3466 4682 as-

1875 4715 2037 4773 sertio
2066 4714 2380 4770 communis
2408 4721 2461 4771 et
2489 4721 2640 4770 certa
2666 4721 2784 4786 est,
2815 4715 3161 4787 sumiturque
3199 4730 3264 4772 ex
3293 4715 3463 4772 Paulo
3511 4721 3517 4727 ’

1880 4806 2044 4878 priori
2075 4805 2198 4861 loco
2229 4802 2480 4876 allegato.
2506 4803 2732 4862 Ratione
2761 4802 3098 4874 declaratur,
3121 4806 3252 4877 quia
3279 4804 3384 4873 lex,
3409 4811 3472 4861 ut

1876 4897 1930 4951 in
1960 4893 2331 4966 superioribus
2360 4891 2612 4964 vidimus,
2645 4909 2740 4965 per
2769 4908 2826 4949 se
2851 4894 3025 4964 primo
3050 4893 3224 4950 fertur
3248 4894 3296 4948 in
3319 4909 3470 4974 com-

1880 4984 2224 5055 munitatem,
2253 4993 2311 5040 et
2346 4982 2468 5040 inde
2501 4982 2783 5042 descendit
2819 4983 2938 5040 eius
2970 4982 3219 5056 obligatio
3261 4984 3330 5040 ad
3357 4985 3469 5039 sin-

1880 5073 2074 5147 gulos:
2104 5089 2236 5146 ergo
2265 5089 2360 5146 per
2391 5089 2480 5144 se,
2508 5079 2564 5130 et
2591 5079 2857 5146 quantum
2883 5080 2968 5132 est
2994 5091 3062 5132 ex
3089 5077 3140 5130 vi
3176 5073 3310 5146 legis
3329 5115 3344 5144 ,
3374 5072 3470 5130 de·

1883 5163 2099 5222 scendit
2138 5163 2207 5221 ad
2248 5181 2468 5235 omnes,
2511 5167 2606 5237 qui
2646 5171 2776 5221 sunt
2815 5170 2996 5237 partes
3038 5163 3467 5235 communitatis3

1887 5255 2015 5327 quia
2056 5267 2158 5311 nee
2201 5259 2380 5326 potest
2414 5270 2534 5312 esse
2577 5253 2682 5310 alia
2720 5257 2860 5312 ratio
2901 5254 3064 5310 huius
3105 5251 3471 5325 obligationis,

2955 5358 3006 5400 35
