4325 6267
864 327 989 394 264

787 470 858 528 Et
885 471 1138 544 quamvis
1175 468 1266 528 ille
1293 470 1523 528 affectus
1545 513 1560 544 ,
1589 469 1676 530 vel
1703 479 2052 547 contemptus
2080 473 2373 546 restringa-

782 566 876 619 tur
917 559 986 619 ad
1024 561 1126 620 tale
1163 567 1518 634 praeceptum
1560 565 1886 640 minimum,
1928 579 2142 638 semper
2180 564 2376 621 retinet

784 667 1012 726 gravem
1053 651 1520 710 inordinationem.
1564 656 1727 712 Sicut
1761 655 1943 714 dicere
1985 655 2102 712 leve
2149 654 2372 712 menda·

787 741 934 799 cium
976 757 1041 800 ea
1078 742 1289 800 formali
1329 744 1625 801 intentione
1666 745 1968 803 offendendi
2006 749 2179 804 Deum
2209 748 2372 803 etiam

783 831 1002 904 leviter,
1033 841 1118 890 est
1143 833 1390 907 profecto
1419 841 1712 905 peccatum
1740 836 1992 908 mortale,
2023 839 2148 910 quia
2173 835 2375 893 illamet

783 921 1008 980 intentio
1033 931 1117 981 est
1145 925 1328 998 gravis
1367 925 1752 998 irreverentia,
1799 933 1854 984 et
1892 929 2137 986 continet
2174 925 2373 984 delibe-

783 1020 968 1070 ratum
1009 1014 1102 1072 Dei
1143 1014 1348 1072 odium.
1395 1016 1679 1084 Quomodo
1721 1017 1944 1090 intelligi
1986 1023 2167 1089 potest
2206 1016 2371 1090 illud,

783 1104 931 1178 quod
971 1120 1038 1162 ex
1078 1108 1386 1186 Augustino
1418 1107 1587 1164 refert
1612 1107 1897 1165 Gratianus
1927 1110 1983 1164 in
2011 1123 2136 1179 cap.
2176 1110 2375 1167 Unum

788 1198 1091 1264 orarium,
1128 1193 1338 1262 &nunc
1363 1203 1594 1264 autent,
1631 1197 1755 1255 dist.
1801 1203 1904 1256 25:
1951 1197 2202 1256 Nullum
2236 1213 2374 1273 pec-

785 1289 990 1342 catum
1018 1290 1104 1342 est
1129 1284 1278 1343 adeo
1302 1285 1546 1354 veniale,
1571 1286 1728 1362 quod
1755 1305 1876 1346 non
1888 1287 2013 1362 fiat
2033 1285 2364 1355 criminale,

783 1371 926 1431 dum
945 1373 1173 1450 placet,
1210 1378 1402 1450 utique
1429 1395 1495 1435 ex
1523 1385 1846 1450 contemptu
1876 1381 1986 1436 Dei.

867 1470 955 1524 16.
996 1468 1125 1524 Dico
1162 1468 1362 1526 tertio:
1401 1467 1724 1542 'transgredi
1764 1467 1940 1543 legem
1975 1469 2271 1526 humanam
2306 1485 2375 1526 ex

782 1561 1098 1631 contemptu
1129 1558 1337 1616 formali
1365 1558 1586 1616 humani
1626 1558 1982 1632 legislatoris,
2026 1560 2187 1617 etiam
2228 1559 2373 1617 vide-

784 1651 878 1702 tur
904 1662 1026 1705 esse
1047 1663 1259 1720 semper
1277 1689 1293 1721 ,
1324 1655 1381 1706 et
1407 1649 1460 1705 in
1491 1647 1773 1708 individuo
1795 1658 2090 1722 peccatum
2119 1648 2366 1706 mortale.

782 1735 902 1793 Hoc
931 1752 1042 1794 non
1069 1738 1287 1796 videtur
1318 1754 1490 1812 aeque
1519 1745 1768 1808 certum,
1799 1740 1929 1812 quia
1963 1738 2243 1812 legislator
2268 1738 2372 1796 hu-

781 1841 980 1884 manus
1007 1843 1119 1884 non
1145 1835 1229 1885 est
1255 1845 1488 1901 persona
1515 1835 1625 1887 tam
1661 1829 1936 1887 excellens
1965 1872 1980 1903 ,
2024 1837 2080 1886 et
2119 1832 2250 1904 quia
2279 1828 2373 1886 ali-

783 1917 932 1990 quod
973 1918 1158 1976 odium
1198 1919 1317 1977 eius
1355 1925 1540 1992 potest
1577 1935 1700 1976 esse
1751 1919 1980 1978 veniale.
2024 1922 2373 1994 Distinguere

783 2023 916 2082 ergo
955 2025 1253 2082 possumus
1283 2012 1646 2083 superiorem,
1673 2011 1759 2068 vel
1782 2010 2076 2068 formaliter
2097 2017 2371 2085 quatenus

782 2098 1062 2171 praelatus
1090 2099 1176 2157 vel
1203 2101 1455 2174 superior
1481 2107 1585 2174 est,
1609 2101 1696 2159 vel
1723 2108 1994 2175 quatenus
2022 2101 2245 2175 quidam
2275 2102 2372 2158 ho-

781 2203 897 2245 mo.
931 2188 1254 2264 Transgredi
1277 2206 1408 2263 ergo
1431 2190 1573 2247 illius
1599 2191 1772 2265 legem
1794 2207 1862 2250 ex
1881 2199 2201 2266 contemptu
2228 2193 2374 2251 eius-

785 2276 943 2353 dem,
972 2286 1242 2353 quatenus
1287 2281 1564 2354 praelatus
1593 2289 1709 2356 est,
1741 2298 1955 2356 semper
1982 2299 2219 2356 censeo,
2249 2300 2371 2341 esse

788 2375 1080 2441 peccatum
1108 2371 1359 2429 mortale.
1390 2374 1462 2430 Et
1481 2375 1555 2430 ita
1583 2373 1830 2445 procedit
1857 2375 2142 2432 conclusio
2172 2377 2370 2448 posita.

783 2461 944 2517 Ratio
975 2466 1158 2518 autem
1183 2468 1298 2534 est,
1329 2462 1614 2535 quiaillud
1641 2471 1726 2520 est
1751 2471 2101 2522 contemnere
2133 2473 2372 2536 potesta-

783 2557 895 2607 tem
931 2551 1048 2606 eius
1078 2593 1094 2623 ,
1122 2561 1179 2608 et
1215 2552 1344 2625 quia
1383 2559 1516 2610 tunc
1559 2556 1957 2628 contemnitur,
1988 2564 2261 2627 quatenus
2288 2572 2373 2614 re-

785 2648 1098 2714 praesentat
1121 2645 1294 2700 Deum
1321 2684 1337 2716 ,
1375 2650 1431 2700 et
1465 2645 1612 2701 vices
1643 2645 1764 2701 eius
1800 2645 1981 2718 gerit3
2019 2653 2076 2702 et
2101 2645 2225 2703 ideo
2253 2646 2374 2704 talis

783 2739 1139 2806 contemptus
1169 2732 1440 2791 redundat
1459 2735 1511 2790 in
1543 2740 1918 2808 contemptum
1945 2735 2058 2808 Dei,
2078 2738 2231 2792 iuxta
2253 2752 2375 2793 ver-

783 2822 916 2880 bum
945 2821 1143 2881 Christi
1173 2825 1380 2882 Domini
1408 2827 1592 2882 Lucae
1625 2829 1721 2883 10:
1761 2829 1878 2902 Qui
1903 2842 2002 2883 vos
2031 2825 2231 2894 audit,
2279 2842 2373 2884 me

785 2913 960 2972 audit
971 2932 996 2976 ,·
1023 2921 1080 2972 et
1107 2918 1333 2989 quivos
1359 2919 1613 2990 spernit,
1648 2931 1740 2972 me
1770 2920 2012 2990 spernit.
2044 2918 2145 2974 Cui
2174 2933 2373 2975 conso-

783 3011 882 3061 nat
905 3002 1040 3062 illud
1067 3004 1319 3062 Bernardi
1347 3004 1470 3062 loco
1498 3006 1692 3062 citato:
1723 3008 1852 3063 Sive
1878 3009 2041 3064 Deus
2061 3049 2077 3075 ,
2125 3005 2246 3064 sive
2271 3009 2373 3065 Ιιο-

783 3111 881 3152 mo
900 3093 1263 3152 mandatum
1286 3093 1690 3169 quodcumque
1712 3093 2050 3163 tradiderit,
2073 3101 2220 3174 pari
2232 3113 2373 3172 pro-

765 3183 936 3258 fecto
961 3184 1390 3261 obsequendum
1418 3190 1504 3242 est
1540 3201 1718 3254 cura,
1749 3189 1894 3261 pari
1917 3191 2250 3244 reverentia
2274 3187 2373 3246 de-

767 3274 1116 3349 serendum.
1148 3277 1202 3334 Si
1231 3269 1359 3332 vero
1389 3281 1741 3348 contemptus
1762 3275 1942 3332 solum
1967 3277 2038 3332 sit
2057 3277 2227 3348 ipsius
2252 3293 2374 3350 per-

785 3383 972 3443 sonae,
1002 3372 1274 3441 quatenus
1297 3365 1462 3423 homo
1489 3365 1710 3440 quidam
1735 3373 1850 3440 est,
1880 3372 1939 3424 et
1961 3365 2159 3423 habere
2188 3373 2373 3439 potest

785 3457 1021 3532 aliquem
1063 3457 1384 3529 defectum,
1428 3456 1506 3513 sic
1546 3467 1655 3514 non
1695 3463 1966 3530 repugnat
2003 3471 2124 3514 esse
2166 3458 2371 3514 veniale

783 3553 1080 3620 peccatum
1119 3564 1187 3604 ex
1227 3546 1439 3604 levitate
1476 3547 1760 3620 materiae,
1792 3553 1848 3604 et
1877 3547 1981 3604 hoc
2005 3550 2170 3606 etiam
2199 3547 2374 3606 voluit

783 3639 1094 3696 caietanus.
1135 3637 1516 3710 probaturque
1558 3636 1889 3695 sufficienter
1925 3637 2187 3712 exemplis
2228 3638 2364 3695 eius.

784 3729 858 3787 Et
883 3729 936 3785 in
959 3728 1102 3785 idem
1129 3727 1271 3784 redit
1297 3726 1400 3785 alia
1427 3727 1709 3785 distinctio
1732 3769 1748 3801 ,
1789 3745 1952 3802 quam
1993 3730 2193 3787 ibidem
2234 3730 2369 3786 indi·

785 3825 912 3892 cat,
944 3819 1164 3892 dicens,
1195 3816 1343 3875 aliud
1370 3833 1490 3875 esse
1520 3817 1663 3876 nolle
1692 3819 1850 3877 subdi
1879 3862 1893 3893 ,
1945 3835 2042 3877 seu
2073 3821 2373 3878 formaliter

785 3907 932 3966 nolle
965 3907 1213 3980 obedire,
1242 3907 1390 3965 aliud
1419 3907 1558 3966 nolle
1589 3909 1864 3968 consolari
1894 3911 2231 3982 superiorem
2260 3930 2277 3984 3
2316 3917 2374 3968 et

787 3996 896 4054 hoc
923 3999 1200 4072 posterius
1229 3997 1363 4056 dicit
1392 4015 1512 4057 esse
1542 4017 1706 4072 posse
1735 4000 1911 4058 solum
1939 4002 2146 4060 veniale
2173 4017 2372 4076 pecca-

786 4094 937 4161 tum,
967 4091 1181 4146 etiamsi
1214 4089 1283 4146 ob
1311 4105 1428 4146 eam
1449 4089 1734 4147 formalem
1755 4106 1981 4148 causam
2003 4092 2257 4150 voluntas
2278 4109 2374 4150 su-

788 4179 1023 4268 perioris
1051 4195 1160 4235 non
1189 4178 1482 4251 impleatur
1508 4221 1523 4251 ,
1545 4181 1696 4252 'quia
1722 4194 1832 4238 non
1859 4183 2228 4240 contemnitur
2254 4185 2372 4240 eius
2410 4203 2429 4224 ·

785 4273 1026 4340 potestas
1045 4309 1062 4339 ,
1096 4268 1191 4325 sed
1219 4270 1371 4325 circa
1401 4283 1687 4340 personam
1727 4270 1844 4327 eius
1881 4271 2149 4344 quaedam
2181 4271 2375 4330 amari-

785 4358 920 4416 tudo
953 4359 1114 4415 animi
1142 4357 1476 4416 ostenditur.
1507 4359 1819 4418 Cavendum
1849 4368 1933 4417 est
1959 4369 2168 4435 autem,
2199 4379 2265 4418 ne
2290 4370 2371 4420 ta-

785 4446 849 4504 lis
881 4447 1188 4507 amaritudo
1226 4464 1359 4522 erga
1397 4463 1688 4521 personam
1727 4449 1999 4508 redundet
2037 4452 2091 4508 in
2129 4459 2376 4510 contem-

789 4545 946 4610 ptum
973 4539 1259 4612 potestatis
1287 4539 1450 4596 etiam
1481 4543 1630 4597 circa
1659 4540 1910 4616 minima,
1943 4544 2070 4615 quia
2099 4548 2235 4600 tunc
2268 4544 2374 4601 iam

787 4634 894 4688 erit
920 4637 1274 4704 contemptus
1303 4630 1544 4688 formalis
1573 4630 1820 4704 praelati,
1845 4638 2201 4703 etpeecatum
2230 4650 2375 4690 mor-

789 4720 928 4795 tale,
953 4722 1100 4778 iuxta
1130 4723 1368 4793 priorem
1390 4728 1602 4793 partem
1620 4762 1637 4795 ,
1666 4727 1720 4778 et
1760 4721 1885 4794 quia
1924 4721 2030 4780 hoc
2061 4721 2217 4780 valde
2244 4739 2375 4781 con-

790 4813 1006 4884 tingens
1045 4827 1111 4870 ac
1153 4809 1530 4885 periculosum
1569 4819 1685 4883 est,
1719 4810 1840 4868 ideo
1869 4810 1990 4869 talis
2019 4813 2215 4870 modus
2241 4819 2375 4872 resi-

791 4902 960 4960 stendi
989 4910 1285 4976 praecepto
1327 4901 1625 4975 superioris
1664 4917 1732 4958 ex
1768 4899 2131 4976 indignatione
2171 4903 2372 4978 aliqua,

791 4992 876 5050 vel
908 4993 1148 5050 interiori
1175 4992 1440 5064 despectu
1462 5006 1725 5064 personae
1752 4990 1897 5048 illius
1915 5033 1932 5063 ,
1959 4990 2374 5066 diligentissime

789 5082 1068 5141 cavendus
1094 5087 1200 5140 est.

873 5177 961 5234 17.
991 5175 1074 5233 Ex
1099 5171 1260 5230 dictis
1286 5172 1558 5250 sequitur,
1584 5168 1838 5230 malitiam
1867 5172 2175 5249 mortalem,
2208 5190 2375 5248 quam

789 5263 956 5324 habet
1003 5263 1368 5337 transgressio
1419 5261 1552 5319 levis
1598 5262 1874 5336 praecepti
1922 5277 1990 5323 ex
2029 5272 2370 5343 contemptu,

2216 344 2421 396 mm
2446 343 2553 394 111.

2442 485 2561 528 esse
2583 469 2869 528 distinctae
2892 471 3091 544 speciei
3112 471 3179 528 ab
3198 469 3494 545 illa,quam
3518 469 3683 528 habet
3701 468 3825 529 talis
3850 475 4040 528 trans-

2442 563 2653 639 gressio
2682 579 2749 620 ex
2778 563 2991 620 obiecto
3020 579 3157 634 suo,
3188 563 3273 620 vel
3295 563 3439 620 facta
3464 563 3579 620 sine
3598 568 3945 635 contemptu,
3971 566 4043 618 ut

2444 654 2488 711 si
2509 652 2760 726 egrediar
2779 669 2809 710 e
2830 653 3093 711 cubiculo
3114 661 3309 711 contra
3330 654 3647 711 mandatum
3669 653 3919 726 praelati,
3938 653 4041 709 ha-

2442 743 2592 800 bebit
2618 743 2707 801 illa
2738 746 2881 802 actio
2912 743 3233 817 simpliciter
3277 744 3421 802 facta
3448 744 3713 802 venialem
3740 744 4033 813 malitiam,

2442 834 2526 892 vel
2570 835 2891 906 otiositatiS,
2934 835 3018 892 vel
3060 833 3485 909 inobedientia03
3528 835 3573 892 si
3614 840 3793 892 tamen
3832 835 3928 891 flat
3966 848 4043 891 ex

2444 929 2802 996 contemptu,
2848 924 3065 981 habebit
3102 924 3387 982 mortalem
3426 925 3683 982 malitiam
3726 927 4043 983 irreveren-

2448 1015 2552 1073 tiae
2590 1023 2785 1073 contra
2825 1018 2995 1073 Deum
3022 1057 3037 1088 ,
3076 1015 3162 1072 vel
3202 1016 3526 1089 praelatum.
3556 1015 3863 1088 Probatur,
3906 1015 4045 1088 quia

2442 1105 2533 1162 illa
2553 1107 2965 1164 circumstantia
2984 1113 3069 1163 est
3088 1104 3315 1166 alterius
3338 1107 3554 1180 speciei,
3578 1114 3638 1165 et
3656 1113 3850 1165 contra
3872 1106 4045 1164 aliam

2443 1197 2725 1254 virtutem.
2758 1199 2891 1254 Item
2928 1202 3279 1270 contemptus
3318 1198 3431 1270 ipse
3466 1205 3554 1254 est
3577 1203 3871 1271 peccatum
3907 1212 4044 1270 spe-

2444 1289 2531 1345 cie
2580 1287 2903 1346 distinctum
2944 1287 3011 1345 ab
3053 1288 3354 1356 otiositate,
3398 1288 3480 1345 vel
3522 1287 3881 1348 inobedientia
3907 1329 3923 1358 ‚
3963 1292 4042 1344 ut

2444 1385 2729 1436 ostensum
2754 1385 2875 1450 est,
2906 1385 2963 1436 et
3000 1378 3145 1435 illam
3172 1385 3385 1436 tantum
3416 1379 3704 1451 participat
3730 1379 3872 1436 actio
3912 1377 4034 1448 illa,

2444 1474 2721 1542 quatenus
2750 1483 2783 1526 a
2820 1475 3149 1541 contemptu
3186 1469 3525 1542 imperatur,
3558 1477 3625 1526 ut
3658 1471 3821 1526 etiam
3844 1474 4035 1526 osten-

2442 1576 2567 1616 sum
2606 1565 2713 1617 est.
2750 1561 2994 1632 Denique
3034 1559 3122 1616 illa
3150 1559 3354 1616 malitia
3386 1561 3570 1632 gravis
3610 1575 3676 1616 ex
3704 1564 4039 1631 contemptu

2442 1649 2661 1709 additur
2690 1651 2920 1723 actioni,
2960 1651 3168 1708 etiamsi
3202 1666 3269 1706 ex
3304 1649 3519 1708 obiecto
3548 1650 3689 1708 mata
3716 1667 3825 1706 non
3852 1657 4035 1722 esset,

2440 1747 2505 1799 ut
2534 1747 2681 1814 patet
2706 1742 2759 1798 in
2790 1741 3081 1798 omissione
3106 1739 3317 1797 consilii
3342 1761 3357 1813 3
3400 1755 3533 1813 ergo
3570 1741 3789 1814 signum
3822 1745 3909 1796 est
3936 1738 4043 1795 ad-

2442 1831 2571 1890 dere
2594 1831 2851 1890 malitiam
2872 1833 3053 1907 specie
3078 1831 3414 1889 distinctam.
3437 1832 3511 1904 lit
3530 1829 3649 1888 ideo
3674 1845 3743 1888 ex
3760 1829 3867 1886 hoc
3889 1830 4045 1903 prin-

2442 1924 2584 1996 cipio
2626 1929 2774 1981 reete
2815 1939 2983 1994 supra
3022 1921 3379 1997 collegimus,
3430 1926 3721 1996 peccatum
3758 1937 3827 1978 ex
3876 1927 4043 1978 certa

2443 2014 2667 2071 scientia
2695 2028 2793 2071 seu
2818 2029 2888 2072 ex
2926 2012 3124 2070 malitia
3162 2014 3278 2070 sine
3313 2011 3621 2086 ignorantia
3660 2011 3739 2068 vel
3768 2012 4035 2084 passione

2440 2120 2551 2162 non
2575 2120 2695 2162 esse
2730 2109 3020 2176 peccatum
3048 2119 3117 2161 ex
3144 2110 3496 2176 contemptu,
3528 2106 3655 2178 quia
3693 2104 3781 2161 ille
3826 2101 4037 2160 modus

2444 2195 2709 2268 peccandi
2750 2211 2858 2252 non
2898 2193 3049 2251 addit
3086 2193 3342 2252 malitiam
3382 2193 3629 2252 diversae
3667 2193 3887 2251 rationis
3924 2207 4031 2248 seu

2442 2287 2665 2358 speciei,
2688 2291 2745 2341 et
2772 2285 2847 2342 ita
2871 2300 2979 2341 non
3010 2289 3189 2357 potest
3218 2299 3420 2358 augere
3448 2285 3707 2344 malitiam
3735 2285 3889 2342 circa
3917 2299 4044 2340 ma·

2442 2378 2633 2433 teriam
2666 2377 2839 2432 levem
2868 2392 3046 2449 usque
3075 2374 3138 2432 ad
3160 2377 3488 2449 gravitatem
3510 2376 3818 2446 mortalem,
3844 2380 4033 2432 stante

2441 2467 2632 2524 eadem
2663 2468 2891 2524 materia
2918 2466 3058 2538 levi,
3104 2474 3160 2524 et
3196 2483 3307 2524 non
3335 2466 3517 2525 addito
3556 2467 3662 2524 alio
3698 2469 3801 2524 fine
3826 2507 3841 2538 ,
3882 2465 4035 2523 unde

2442 2556 2563 2614 talis
2588 2558 2826 2630 gravitas
2848 2557 2990 2614 sumi
3013 2557 3201 2629 possit.
3227 2556 3487 2631 Idemque
3507 2558 3789 2616 intulimus
3810 2557 3877 2615 de
3900 2573 4044 2629 pec-

2442 2655 2569 2706 cato
2605 2649 2903 2705 commisso
2932 2663 2997 2704 ex
3024 2645 3452 2718 consuetudine,
3482 2649 3527 2703 si
3557 2661 3653 2719 per
3680 2661 3737 2704 se
3780 2661 3846 2702 ac
3878 2661 4043 2718 prae-

2440 2741 2555 2797 cise
2576 2739 2633 2796 in
2656 2737 3051 2796 consuetudine
3072 2737 3320 2811 sistatur,
3334 2743 3397 2796 ut
3419 2738 3553 2794 satis
3563 2737 3899 2811 explicatum
3918 2743 4033 2793 est.

2937 2927 3215 3000 CAPUT
3244 2927 3493 2999 XXIX.

2448 3129 2662 3188 mrum
2700 3123 2799 3183 leae
2837 3125 3111 3182 hnmana
3148 3122 3359 3200 obliget
3394 3121 3479 3182 ad
3504 3122 3743 3184 modum
3768 3127 4037 3188 virtutis,

2652 3219 2708 3272 et
2732 3221 3143 3288 consequenter
3168 3231 3283 3289 quo
3310 3218 3452 3274 actu
3479 3213 3823 3290 impleatur.

3014 3395 3462 3460 summarium

2442 3585 2492 3636 1.
2518 3585 2645 3635 Tres
2682 3581 2996 3634 conditiones
3029 3584 3345 3634 necessariae
3369 3581 3431 3633 ad
3456 3582 3657 3633 modum
3680 3585 3892 3636 virtutis
3916 3597 4043 3648 ope·

2510 3661 2691 3706 rantur
2727 3655 2981 3716 scienter,
3018 3654 3337 3716 voluntarie,
3375 3660 3429 3702 et
3464 3665 3579 3702 cum
3612 3653 3711 3704 fine
3734 3667 3793 3704 ac
3818 3657 4044 3705 circum-

2505 3725 2709 3777 stantiis
2727 3723 2935 3774 debitis.
2958 3749 3027 3760 --·
3044 3722 3097 3774 2.
3110 3723 3579 3775 obiectiones.-—3.
3598 3723 3881 3786 Sententia,
3902 3737 4043 3789 quae

2508 3797 2715 3857 asserit,
2729 3801 3001 3858 praecepta
3017 3792 3233 3846 humana
3252 3808 3351 3845 non
3372 3793 3571 3858 impleri
3589 3795 3697 3845 sine
3710 3803 3849 3847 recta
3870 3797 4045 3846 inten-

2510 3867 2667 3916 tione.
2694 3891 2764 3900 —
2787 3865 2840 3914 4.
2870 3863 3131 3914 Sententia
3166 3866 3391 3916 auctoris
3438 3891 3508 3900 —
3532 3863 3583 3914 5.
3611 3865 3748 3915 Finis
3772 3867 4043 3931 praecepti

2508 3949 2611 3987 non
2635 3934 2772 3985 cadit
2796 3935 2896 3984 suh
2922 3942 3269 3998 praeceptum.
3295 3961 3365 3971 —
3388 3935 3490 3984 Lex
3512 3933 3729 3986 humana
3753 3949 3855 3988 non
3876 3937 4045 4001 impe-

2510 4012 2592 4057 rat
2616 4005 2728 4056 fieri
2751 4003 2847 4056 hoc
2871 4011 3080 4069 propter
3104 4005 3252 4068 illud,
3278 4003 3367 4057 sed
3394 4011 3452 4055 ut
3476 4004 3572 4056 hoc
3594 4004 3705 4058 fiat.
3788 4045 3799 4053 .

2524 4181 2573 4236 1.
2602 4178 2983 4246 Quaestionem
3018 4177 3160 4234 hanc
3202 4194 3371 4251 supra
3408 4179 3546 4237 libro
3584 4181 3652 4237 11.
3696 4179 3929 4240 tractavi
3960 4179 4035 4238 de

2440 4269 2561 4343 lege
2588 4271 2847 4344 naturali,
2878 4269 2969 4328 ubi
2997 4271 3203 4340 notavi,
3222 4269 3399 4327 solum
3427 4270 3627 4328 habere
3653 4270 3863 4342 locum,
3894 4285 4029 4342 pro·

2442 4361 2557 4434 prie
2584 4359 2883 4434 loquendo,
2904 4361 2957 4416 in
2986 4361 3287 4432 praeceptis
3314 4359 3671 4437 affirmativis,
3701 4363 3835 4435 quia
3865 4376 4037 4434 nega-

2442 4451 2690 4508 tiva‘non
2717 4449 2917 4508 dantur
2942 4449 3010 4508 de
3038 4451 3276 4522 actibus,
3306 4451 3401 4508 sed
3427 4451 3493 4509 de
3522 4453 3811 4526 negatione
3838 4459 4033 4525 actus,

2442 4547 2498 4598 et
2537 4541 2657 4598 ideo
2700 4557 2796 4615 per
2834 4557 2891 4598 se
2928 4557 3036 4597 non
3076 4543 3365 4615 requirunt
3393 4549 3579 4601 actum
3602 4585 3617 4614 ,
3648 4543 3743 4600 sed
3774 4544 4035 4600 omissio-

2443 4646 2589 4703 nem,
2618 4638 2681 4688 ut
2698 4631 3053 4705 impleantur:
3076 4633 3129 4686 in
3154 4632 3445 4690 omissione
3469 4639 3673 4706 autem,
3703 4641 3767 4690 ut
3794 4635 3896 4706 sic,
3923 4649 4039 4689 non

2443 4722 2721 4780 iuvenitur
2748 4721 2945 4780 modus
2975 4723 3225 4792 virtutis,
3257 4720 3385 4779 licet
3411 4725 3465 4779 in
3495 4725 3723 4797 positiva
3751 4723 4041 4781 voluntate

2445 4810 2748 4870 abstinendi
2784 4811 2851 4868 ab
2890 4816 3021 4868 actu
3050 4827 3219 4884 pravo
3244 4827 3365 4868 esse
3394 4816 3598 4886 possit:
3630 4829 3727 4887 per
3755 4830 3814 4871 se
3844 4821 4037 4872 autem

2444 4903 2757 4961 necessaria
2783 4916 2893 4958 non
2918 4907 3005 4958 est
3022 4900 3097 4958 ad
3124 4901 3457 4974 implendum
3479 4910 3835 4976 praeceptum
3858 4921 4028 4978 nega-

2444 4995 2650 5065 tivum,
2694 4998 2758 5050 ut
2795 5008 2827 5048 a
2866 4992 3077 5049 fortiori
3118 4993 3320 5065 patebit
3341 5009 3409 5050 ex
3434 4992 3706 5052 dicendis.
3736 4998 4035 5054 Praeterea

2442 5083 2497 5140 in
2546 5081 2737 5140 eodem
2775 5082 2897 5139 loco
2936 5081 3152 5139 distinxi
3192 5083 3246 5139 in
3283 5088 3411 5140 actu
3450 5085 3642 5142 morali
3686 5091 3798 5142 tres
3836 5083 4035 5144 modos

2446 5189 2547 5232 seu
2576 5171 2914 5231 conditiones
2942 5173 3277 5230 necessarias
3296 5173 3365 5231 ad
3396 5174 3625 5232 modum
3645 5176 3897 5234 virtutis:
3920 5194 4037 5237 una

2444 5272 2533 5329 est
2560 5264 2773 5341 operari
2798 5280 2867 5324 ex
2886 5265 3195 5342 cognitione
3216 5281 3281 5324 ac
3306 5266 3554 5341 scientia,
3574 5266 3677 5328 alia
3698 5268 3916 5342 operari
3938 5285 4039 5328 vo-
