4325 6267
735 302 860 372 222

650 445 820 504 mitat.
859 429 926 522 5,
945 448 1166 522 Decius,
1197 449 1387 522 imola,
1415 453 1473 506 ει
1499 447 1606 521 alii,
1637 453 1696 506 et
1719 448 1920 506 Novar.
1952 447 2148 506 consil.
2190 449 2239 504 1.

650 535 718 594 de
743 537 969 595 constit.
997 555 1056 612 q.
1088 541 1144 608 4,
1173 555 1228 595 n.
1263 541 1350 611 15,
1379 544 1436 596 et
1460 539 1514 596 in
1541 555 1760 598 summa
1781 555 1904 612 cap.
1935 543 2038 609 23,
2061 556 2114 595 n.
2144 540 2239 597 4⁴.

729 633 782 686 3.
815 629 962 686 Haec
998 631 1268 686 sententia
1297 628 1378 686 sic
1406 628 1710 700 intellecta,
1746 635 1808 688 ut
1833 629 2102 702 explicata
2127 632 2235 698 est,

653 718 780 776 mihi
823 734 1038 792 semper
1084 717 1324 776 difficilis
1367 719 1482 778 visa
1519 727 1623 778 est.
1656 720 1791 788 Quia
1831 719 1988 792 plane
2027 718 2242 777 videtur

653 808 924 866 excedere
955 814 1280 881 potestatem
1308 809 1656 884 legislatoris,
1687 815 1742 866 et
1765 825 1886 868 esse
1915 824 2083 881 supra
2109 823 2245 866 con-

649 899 906 958 ditionem
949 899 1081 974 legis
1122 899 1411 973 humanae,
1442 901 1592 976 quod
1621 901 1802 958 statim
1833 901 2038 975 obliget
2065 900 2133 957 ab
2161 901 2241 957 in-

649 990 812 1048 stanti
853 991 1307 1066 promulgationis
1347 1008 1448 1066 pro
1486 999 1604 1050 toto
1633 991 1929 1055 territorio,
1962 1006 2060 1047 seu
2087 992 2235 1063 prin-

648 1085 840 1154 cipatu
869 1081 1229 1155 legislatoris3
1261 1097 1394 1157 ergo
1420 1099 1487 1140 ex
1514 1089 1709 1140 natura
1729 1081 1808 1140 rei
1831 1096 1938 1138 non
1961 1085 2144 1153 potest
2167 1081 2241 1136 ita

648 1171 914 1244 obligare3
944 1187 1076 1246 ergo
1103 1187 1214 1229 non
1242 1172 1424 1230 solum
1452 1172 1704 1230 absolute
1733 1171 1840 1229 lata
1869 1187 1977 1228 non
2004 1171 2077 1227 ita
2102 1169 2241 1229 obli·

647 1261 814 1336 gabit,
845 1277 1040 1320 verum
1067 1263 1232 1319 etiam
1259 1262 1303 1319 si
1335 1261 1610 1336 legislator
1637 1261 1689 1319 id
1720 1261 1871 1334 velit,
1893 1268 1949 1318 et
1975 1259 2240 1332 declaret,

649 1368 756 1409 non
799 1350 855 1409 id
892 1350 1125 1424 efficiet,
1155 1354 1284 1426 quia
1311 1352 1530 1410 excedit
1557 1358 1918 1425 potestatem:
1961 1351 2068 1407 imo
2097 1350 2241 1406 idem

647 1450 732 1500 est
750 1459 880 1501 cum
901 1443 1276 1516 proportione,
1298 1445 1509 1501 etiamsi
1531 1441 1875 1500 concedatur
1900 1439 2088 1499 dilatio
2105 1448 2243 1497 tem-

649 1534 834 1606 poris,
877 1534 922 1590 si
965 1533 1054 1591 illa
1094 1533 1376 1590 sufficiens
1413 1549 1522 1590 non
1551 1534 1640 1606 sit,
1673 1531 1999 1590 Declaratur
2027 1538 2244 1588 antece·

648 1623 806 1696 dens,
835 1624 962 1696 quia
990 1622 1058 1680 ad
1087 1623 1360 1681 actualem
1390 1621 1770 1698 obligationem
1801 1621 1935 1695 legis
1963 1637 2060 1693 per
2079 1636 2138 1676 se
2157 1627 2245 1676 est

647 1713 949 1770 necessaria
989 1714 1176 1770 notitia
1211 1714 1361 1786 eius3
1392 1729 1525 1786 ergo
1553 1719 1617 1770 ut
1643 1713 1816 1785 possit
1842 1711 2082 1784 obligare
2101 1752 2116 1782 ,
2147 1725 2241 1766 ne·

647 1805 948 1862 cessarium
977 1803 1166 1862 saltem
1197 1811 1305 1877 est,
1343 1809 1407 1863 ut
1435 1819 1532 1877 per
1563 1819 1620 1860 se
1650 1801 1946 1878 loquendo,
1973 1801 2147 1874 possit
2173 1799 2243 1858 ad

649 1895 894 1953 notitiam
919 1893 1201 1966 devenire,
1234 1910 1361 1952 nam
1391 1895 1482 1952 ubi
1508 1911 1618 1952 non
1648 1903 1738 1952 est
1763 1895 2007 1967 potestas
2032 1893 2100 1950 ad
2120 1908 2237 1950 me·

645 1985 756 2058 dia,
785 2000 960 2059 neque
988 1987 1150 2043 etiam
1179 1985 1248 2042 ad
1277 1985 1592 2043 linem·erit.
1625 1984 1731 2043 Sed
1753 1985 1870 2042 lieri
1891 2001 2000 2042 non
2023 1991 2236 2058 potest,

643 2083 726 2148 ut,
758 2075 902 2132 facta
937 2075 1366 2149 promulgatione
1391 2078 1444 2132 in
1473 2092 1585 2133 uno
1609 2075 1754 2146 loco,
1779 2075 1866 2133 lex
1885 2075 2069 2133 statim
2091 2075 2235 2132 scia-

539 2225 546 2234 ,
643 2172 734 2224 tur
759 2166 829 2223 ab
863 2164 1114 2223 omnibus
1155 2164 1387 2223 subditis
1423 2170 1481 2222 et
1515 2166 1567 2222 in
1597 2173 1718 2222 toto
1747 2164 1870 2221 loco
1901 2163 2236 2222 iurisdictio·

642 2258 755 2330 nis;
793 2272 926 2333 ergo
953 2256 1288 2330 impossibile
1312 2263 1428 2328 est,
1461 2262 1524 2313 ut
1549 2256 1631 2314 lex
1659 2255 1844 2313 statim
1871 2253 2101 2332 obliget,
2132 2271 2236 2313 nec

641 2356 765 2407 ante
791 2347 1038 2421 elapsum
1073 2347 1356 2406 sufficiens
1376 2355 1616 2420 tempus,
1637 2348 1784 2404 intra
1805 2343 1952 2419 quod
1978 2345 2108 2417 legis
2137 2359 2234 2400 no-

640 2439 760 2497 titia
797 2440 853 2496 in
891 2444 1007 2495 toto
1060 2437 1368 2508 territorio,
1409 2452 1506 2509 per
1533 2453 1594 2494 se
1621 2435 1896 2511 loquendo
1919 2474 1936 2502 ,
1969 2434 2237 2506 possibilis

641 2532 727 2586 sit.
757 2529 1146 2598 confirmatur,
1183 2534 1240 2585 et
1264 2526 1602 2600 declaratur,
1625 2527 1753 2600 quia
1777 2525 2140 2600 promulgatio
2159 2525 2236 2583 le-

639 2623 720 2695 gis
737 2662 753 2694 ,
784 2629 848 2678 ut
871 2619 1011 2690 dixi,
1055 2620 1368 2677 necessaria
1393 2626 1478 2675 est
1505 2616 1574 2675 ad
1602 2617 1964 2692 sufficientem
1993 2616 2239 2690 divulga-

641 2715 878 2782 tionem3
911 2725 1037 2767 nam
1075 2709 1208 2770 haec
1239 2709 1538 2787 requiritur
1563 2709 1633 2766 ad
1658 2707 2070 2780 obligationem3
2104 2723 2239 2781 ergo

641 2810 858 2874 praeter
893 2799 1380 2874 promulgationem
1411 2797 1644 2856 concedi
1669 2797 1828 2857 debet
1851 2799 2163 2855 necessario
2182 2803 2241 2853 et

641 2894 762 2950 iure
802 2897 1030 2948 naturae
1072 2897 1290 2962 tempus
1331 2889 1643 2962 sufficiens,
1687 2892 1742 2946 in
1783 2904 1895 2964 quo
1923 2887 2038 2945 fleri
2063 2889 2241 2961 possit

644 2980 766 3041 talis
806 2979 1102 3054 divulgatio
1153 2986 1279 3050 post
1315 2978 1840 3053 promulgationem,
1883 2994 2016 3052 ergo
2055 2994 2237 3052 quan·

643 3079 1006 3146 tumcumque
1043 3070 1169 3128 velit
1210 3070 1494 3145 legislator
1531 3071 1712 3128 statim
1741 3086 1772 3126 a
1801 3068 2238 3142 promulgatione

643 3179 831 3222 omnes
870 3161 1120 3220 subditos
1147 3160 1407 3234 obligare,
1437 3175 1545 3216 non
1575 3165 1777 3233 potest,
1807 3159 1936 3233 quia
1966 3163 2243 3233 repugnat

642 3253 878 3313 naturali
915 3253 1043 3312 iuri.
1079 3251 1364 3321 Quomodo
1391 3251 1534 3308 enim
1563 3250 1786 3326 intelligi
1815 3257 2026 3323 potest,
2058 3256 2124 3307 ut
2153 3249 2234 3304 lex

644 3345 797 3404 bodie
825 3343 1176 3418 promulgata
1215 3340 1441 3412 Matriti,
1483 3340 1640 3398 bodie
1669 3343 1833 3398 etiam
1863 3340 2062 3413 obliget
2088 3338 2239 3397 babi-

643 3441 816 3494 tantes
855 3431 1271 3498 Conimbricae‘?
1310 3431 1472 3490 Plane
1518 3432 1571 3490 id
1605 3430 1824 3489 videtur
1853 3447 2018 3504 supra
2045 3431 2241 3488 huma-

643 3542 766 3583 nam
805 3530 1163 3597 potestatem,
1203 3521 1328 3595 quia
1367 3537 1462 3593 per
1490 3536 1548 3577 se
1575 3527 1662 3577 est
1690 3520 2018 3592 impossibile
2045 3525 2100 3578 et
2127 3536 2237 3576 non

641 3622 854 3674 tantum
897 3630 994 3687 per
1036 3612 1324 3681 accidens,
1355 3612 1621 3684 consequi
1653 3609 1842 3668 eadem
1870 3610 1958 3668 die
1985 3612 2239 3668 notitiam

641 3706 760 3763 talis
789 3704 944 3778 legis.

714 3788 1397 3863 confirmatursecundo,
1439 3791 1568 3864 quia
1603 3790 1792 3848 eadem
1827 3796 1914 3849 est
1955 3792 2239 3865 proportio

643 3885 776 3958 legis
817 3885 885 3941 ad
933 3883 1381 3956 communitatem
1425 3883 1588 3938 unius
1628 3880 1845 3953 populi,
1886 3882 1940 3937 in
1970 3898 2082 3955 quo
2113 3897 2243 3954 pro-

644 3974 954 4048 mulgatur,
989 3989 1130 4048 quae
1171 3978 1256 4030 est
1291 3971 1358 4030 ad
1389 3977 1560 4030 totam
1586 3973 2031 4029 communitatem
2062 3974 2236 4046 regni,

643 4066 725 4123 vel
762 4066 1092 4138 populorum
1132 4065 1304 4120 totius
1334 4063 1617 4134 territorii,
1652 4079 1751 4134 pro
1780 4079 1890 4138 quo
1920 4063 2237 4137 promulga-

645 4167 774 4230 tur,
805 4156 901 4213 sed
930 4156 974 4211 si
1005 4156 1090 4212 lex
1117 4156 1172 4210 in
1203 4154 1308 4212 hoc
1337 4152 1540 4226 populo
1569 4153 1822 4226 privatim
1851 4152 1934 4210 vel
1964 4154 2239 4211 submissa

643 4262 776 4305 voce
806 4245 1115 4318 proseratur
1143 4245 1196 4300 in
1224 4244 1349 4301 aula
1376 4242 1542 4316 regis,
1564 4259 1675 4300 non
1705 4249 1882 4315 potest
1903 4242 2102 4301 babere
2126 4244 2235 4302 vim

641 4337 909 4418 obligandi
937 4335 1386 4392 communitatem
1409 4334 1579 4394 totius
1618 4333 1821 4405 populi,
1851 4335 1980 4408 quia
2010 4350 2117 4392 non
2145 4344 2232 4391 est

643 4431 714 4488 ita
740 4425 1058 4484 sensibiliter
1088 4425 1322 4497 prolata,
1347 4430 1406 4481 ut
1427 4426 1499 4480 sit
1526 4425 1937 4482 accommodata
1964 4424 2058 4482 toti
2087 4441 2242 4483 com-

643 4517 892 4576 munitati
922 4515 1042 4574 talis
1071 4515 1295 4589 populi,
1319 4530 1451 4591 ergo
1479 4514 1725 4588 similiter
1752 4515 1878 4573 licet
1903 4517 1991 4573 hic
2019 4517 2087 4574 sit
2113 4534 2240 4590 pro·

645 4608 912 4682 mulgata,
945 4623 1050 4663 non
1085 4607 1218 4664 satis
1245 4612 1362 4677 est,
1394 4612 1457 4662 ut
1483 4606 1652 4676 possit
1679 4606 1919 4681 obligare
1947 4609 2129 4665 statim
2159 4616 2244 4666 to-

645 4707 754 4756 tam
782 4697 1118 4771 provinciam
1153 4740 1168 4770 ,
1199 4704 1296 4754 aut
1321 4710 1586 4768 regnum,
1615 4699 1746 4768 quia
1771 4705 1887 4754 tam
1914 4697 2241 4769 impossibile

641 4797 748 4862 est,
779 4788 957 4860 legem
984 4788 1074 4844 hic
1112 4785 1511 4860 promulgatam
1541 4785 1727 4852 statim
1755 4787 1884 4844 sciri
1909 4788 1960 4849 in
1991 4793 2103 4844 tota
2130 4789 2241 4846 Lu-

645 4882 860 4951 sitania,
883 4879 1033 4935 sicut
1051 4883 1139 4934 est
1159 4877 1333 4950 legem
1358 4876 1754 4950 promulgatam
1778 4877 1828 4934 in
1853 4877 1958 4936 hoc
1981 4877 2243 4936 cubiculo

643 4970 814 5028 audiri
834 4985 865 5026 a
887 4966 1374 5032 totaConimbrica.
1389 4967 1756 5024 confirmatur
1781 4969 1939 5025 tertio
1955 4984 2022 5026 ex
2041 4966 2247 5026 d.Tho·

645 5078 732 5118 ma
769 5067 815 5119 1.
847 5065 915 5132 2,
948 5076 1005 5133 q.
1038 5064 1143 5126 90,
1173 5064 1277 5116 art.
1309 5060 1364 5116 4.
1399 5056 1465 5115 ad
1493 5062 1550 5116 2.
1580 5057 1828 5132 dicente,
1879 5056 2065 5133 leqem
2103 5058 2248 5117 obli·

643 5167 789 5225 gare
811 5154 874 5208 in
894 5155 1185 5224 quantum
1204 5152 1332 5207 eius
1343 5147 1743 5224 promulgatio
1763 5151 1826 5205 tn
1853 5153 2118 5208 oninium
2144 5167 2247 5206 no·

644 5245 842 5302 titiam
861 5257 974 5317 per
997 5256 1059 5300 se
1083 5238 1175 5298 vel
1194 5255 1306 5315 per
1330 5239 1480 5298 alios
1496 5243 1808 5316 prevenire
1823 5245 2036 5317 potest.
2053 5241 2122 5298 Et
2149 5240 2247 5300 ad-

2033 362 2039 372 .
2105 319 2308 370 unm
2332 321 2442 372 111.

2314 446 2392 504 dit
2414 446 2724 518 caietanus,
2746 453 2803 504 et
2826 445 3042 517 merito,
3068 444 3174 503 boc
3204 459 3309 502 non
3338 443 3558 518 intelligi
3584 442 3653 503 de
3674 445 3920 518 potentia

2314 536 2512 610 logica,
2543 553 2684 611 quae
2722 553 2831 595 non
2872 536 3119 610 implicat
3157 535 3679 607 contradictionem,
3710 536 3805 594 sed
3845 535 3916 594 de

2313 626 2559 702 politica,
2587 627 2642 684 id
2670 635 2757 686 est
2784 626 3093 685 secundum
3122 626 3363 684 ordinem
3400 627 3483 683 vel
3512 643 3742 684 cursum
3774 627 3912 700 poli·

2312 719 2503 775 ticum.
2534 722 2603 776 At
2630 717 2927 790 publicatio
2956 720 3011 774 in
3040 733 3147 776 uno
3172 717 3293 774 loco
3314 717 3458 774 facta
3480 733 3587 774 non
3608 723 3791 790 potest
3808 717 3915 776 bu-

2313 823 2473 866 mano
2501 807 2664 866 modo
2691 809 2973 880 pervenire
3001 805 3067 864 ad
3096 805 3217 864 loca
3236 805 3517 878 distantia3
3544 822 3675 881 ergo
3697 823 3799 864 nec
3818 808 3911 866 lex

2314 899 2499 956 statim
2532 897 2739 972 obligat
2765 900 2817 955 in
2848 897 3101 954 omnibus
3126 895 3230 954 illis
3260 895 3418 952 locis.
3842 917 3850 927 ·

2391 995 2445 1049 4.
2472 992 2697 1063 Propter
2718 989 2851 1047 baec
2876 987 2943 1045 ad
2966 987 3073 1046 boc
3096 993 3367 1060 punctum
3387 985 3765 1059 explicandum
3784 985 3911 1044 dico

2314 1083 2511 1152 primo:
2542 1081 2629 1138 lex
2660 1079 2995 1138 sufficienter
3024 1077 3301 1151 publicata
3328 1080 3383 1136 in
3410 1077 3535 1136 loco
3560 1077 3766 1151 debito,
3790 1077 3919 1136 abs-.

2313 1186 2421 1244 que
2466 1171 2555 1228 illa
2595 1169 2909 1228 limitatione
2939 1169 3199 1240 temporis
3226 1184 3291 1225 ex
3321 1168 3598 1226 voluntate
3628 1169 3912 1242 principis,

2314 1267 2411 1318 aut
2442 1259 2889 1318 determinatione
2918 1260 3053 1317 iuris
3082 1260 3322 1331 positivi,
3356 1259 3539 1316 statim
3565 1258 3757 1330 incipit
3780 1256 3915 1316 obli·

2313 1366 2443 1424 gare
2481 1365 2547 1406 ex
2584 1356 2780 1407 natura
2814 1365 2937 1406 sua.
2980 1351 3127 1406 Haec
3164 1351 3395 1406 assertio
3430 1353 3520 1404 est
3552 1353 3914 1404 consentanea

2312 1441 2593 1498 communi
2636 1442 2941 1498 sententiae
2984 1442 3318 1514 propositae,
3360 1445 3419 1497 et
3456 1439 3720 1510 probatur
3756 1437 3912 1494 suffi-

2313 1532 2521 1587 cienter
2554 1547 2623 1589 ex
2651 1530 2815 1588 dictis
2855 1531 3005 1588 circa
3044 1530 3209 1590 illam.
3241 1529 3563 1588 Declaratur
3604 1536 3907 1602 praeterea,

2311 1621 2438 1696 quia
2464 1621 2509 1677 si
2546 1621 2822 1694 legislator
2847 1638 2955 1679 non
2985 1621 3309 1694 praescribit
3340 1628 3563 1679 certum
3600 1628 3815 1693 tempus
3841 1619 3909 1678 ad

2317 1710 2692 1785 obligandum,
2722 1727 2831 1768 non
2862 1716 2947 1769 est
2974 1713 3146 1770 maior
3185 1713 3323 1772 ratio
3365 1710 3681 1769 admittendi
3708 1719 3909 1770 tantam

2310 1800 2640 1870 dilationem,
2689 1801 2775 1858 vel
2814 1802 3075 1866 maiorem
3117 1811 3213 1862 aut
3254 1803 3548 1872 minorem3
3592 1817 3722 1876 ergo
3762 1803 3911 1860 nulla

2313 1892 2645 1952 admittenda
2683 1900 2797 1966 est3
2835 1909 2969 1967 ergo
3008 1895 3187 1951 statim
3228 1893 3411 1966 incipit
3456 1893 3734 1968 obligatio.
3772 1895 3910 1950 item

2311 1983 2383 2041 ob
2422 1986 2561 2042 banc
2591 2000 2817 2043 causam
2840 1986 2891 2042 in
2917 1985 3225 2044 huiusmodi
3246 1987 3411 2043 rebus
3432 1983 3704 2042 indefinita
3724 1985 3910 2058 aequi·

2315 2075 2461 2132 valet
2478 2074 2791 2146 universali,
2806 2075 2935 2148 quia
2954 2075 3083 2132 alias
3104 2081 3253 2133 esset
3272 2075 3687 2134 indeterminata
3702 2091 3768 2133 ac
3784 2091 3908 2148 pro-

2310 2163 2433 2222 inde
2465 2165 2688 2222 inutilis.
2714 2165 3100 2223 Universalitas
3129 2175 3311 2224 autem
3341 2167 3391 2222 in
3418 2167 3691 2239 praesenti
3716 2171 3822 2236 est,
3846 2173 3913 2224 ut

2310 2261 2436 2328 post
2462 2255 2950 2330 promulgationem
2978 2255 3061 2314 lex
3086 2272 3299 2330 semper
3320 2257 3547 2330 obliget;
3572 2273 3703 2332 ergo
3726 2259 3907 2315 statim

2310 2346 2556 2420 obligare
2588 2346 2799 2420 incipit.
2828 2348 2963 2404 ltem
2990 2345 3093 2404 bac
3122 2348 3332 2404 ratione
3358 2354 3551 2405 votum
3588 2347 3904 2420 simpliciter

2311 2437 2519 2494 sactum
2537 2438 2694 2511 ,.sine
2722 2435 3083 2510 designatione
3112 2440 3367 2510 temporis
3385 2478 3400 2508 ,
3432 2453 3533 2510 pro
3560 2453 3671 2512 quo
3701 2437 3904 2513 obliga·

2310 2533 2499 2584 turum
2528 2533 2634 2599 est,
2659 2527 2848 2599 incipit
2866 2528 3049 2584 statim
3070 2527 3313 2602 obligare
3334 2537 3605 2600 quantum
3631 2537 3719 2586 est
3736 2545 3802 2587 ex
3823 2545 3905 2602 se,

2310 2634 2441 2692 ergo
2472 2617 2611 2674 idern
2640 2626 2725 2675 est
2748 2616 2815 2675 de
2842 2617 2977 2690 lege.
3012 2618 3244 2690 Oportet
3268 2625 3451 2676 autem
3488 2619 3541 2675 in
3584 2618 3691 2677 hoc
3720 2627 3911 2677 notare

2310 2709 2629 2767 nonnullam
2666 2708 3041 2766 diversitatem
3083 2710 3223 2766 inter
3248 2717 3542 2783 praecepta
3566 2711 3815 2785 negativa
3850 2719 3909 2769 et

2311 2799 2661 2873 affirmativa3
2694 2814 2817 2855 nam
2846 2799 3027 2871 priora
3054 2798 3296 2872 obligant
3320 2816 3420 2871 pro
3442 2815 3677 2873 semper,
3696 2806 3756 2857 et
3780 2799 3899 2858 ideo

2308 2890 2363 2946 in
2394 2890 2470 2945 eis
2499 2904 2692 2945 verum
2718 2897 2803 2946 εει
2828 2889 3067 2961 incipere
3094 2889 3333 2962 obligare
3370 2891 3551 2948 statim
3584 2897 3643 2946 et
3668 2906 3769 2963 pro
3794 2899 3905 2949 sta·

2310 2978 2428 3052 tim3
2454 2978 2771 3038 affirmativa
2790 2996 2921 3036 vero
2942 2995 3051 3036 non
3072 2980 3314 3053 obligant
3333 2996 3433 3053 pro
3452 2995 3690 3054 semper,
3708 2989 3766 3039 et
3784 2981 3907 3040 ideo

2310 3069 2440 3128 licet
2470 3071 2649 3127 statim
2679 3072 2840 3128 etiam
2870 3069 3108 3144 obligare
3136 3071 3428 3144 incipiant,
3457 3088 3567 3128 non
3594 3078 3775 3130 tamen
3802 3088 3902 3145 pro

2308 3161 2518 3232 statim,
2550 3159 2643 3218 sed
2670 3177 2771 3234 pro
2798 3168 3043 3233 tempore
3070 3169 3380 3236 opportuno
3408 3161 3558 3220 iuxta
3582 3163 3907 3242 exigentiam

2312 3253 2603 3324 materiae,
2632 3259 2689 3308 et
2714 3260 3119 3324 praesumptam
3158 3268 3258 3310 seu
3295 3251 3627 3323 probabilem
3650 3253 3905 3310 intentio·-

2310 3357 2437 3399 nem
2476 3340 2832 3414 legislatoris,
2864 3341 3008 3402 sicut
3032 3343 3089 3398 in
3129 3342 3378 3414 exemplo
3416 3341 3655 3400 adducto
3683 3342 3749 3400 de
3778 3348 3903 3399 voto

2308 3447 2443 3489 cum
2480 3430 2831 3504 proportione
2857 3430 3048 3488 dicunt
3073 3447 3260 3488 omnes
3289 3440 3565 3490 auctores.

2398 3527 2449 3578 5.
2480 3522 2614 3578 Dico
2644 3520 2907 3578 secundo:
2936 3523 3042 3578 Lex
3074 3521 3401 3578 sufficienter
3426 3528 3480 3578 et
3506 3521 3753 3578 absolute
3781 3537 3907 3594 pro-

2312 3611 2554 3686 mulgata
2586 3611 2640 3667 in
2672 3626 2781 3668 uno
2809 3610 2935 3668 loco
2963 3617 3309 3684 competente
3329 3652 3346 3683 ,
3384 3611 3516 3668 licet
3551 3614 3732 3670 statim
3768 3611 3903 3669 obli-

2310 3717 2440 3776 gare
2469 3701 2707 3774 incipiat,
2744 3717 2849 3758 non
2881 3701 3039 3759 simul
3066 3705 3199 3758 etin
3226 3702 3419 3760 eodem
3454 3709 3729 3760 momento
3766 3703 3901 3762 obli·

2310 3797 2405 3867 gat
2433 3792 2483 3848 in
2513 3798 2630 3848 toto
2658 3791 2949 3864 territorio,
2980 3807 3080 3864 pro
3106 3808 3218 3865 quo
3243 3791 3456 3865 fertur,
3495 3791 3593 3850 sed
3630 3795 3905 3852 successi-

2310 3899 2398 3954 ve,
2442 3889 2499 3940 ει
2538 3883 2680 3939 intra
2717 3888 2931 3954 tempus
2970 3881 3246 3940 moraliter
3285 3882 3582 3950 sufficiens,
3614 3891 3677 3940 ut
3719 3883 3905 3940 notitia

2310 3973 2445 4047 legis
2484 3979 2541 4032 et
2567 3972 3011 4046 promulgationis
3050 3972 3169 4030 eius
3208 3989 3307 4046 per
3346 3980 3527 4031 totum
3566 3974 3903 4032 territorium

2310 4061 2666 4121 diffundatur.
2698 4064 2849 4120 Hanc
2877 4065 3225 4120 assertionem
3256 4064 3509 4121 videntur
3534 4063 3660 4122 mihi
3680 4065 3904 4121 convin-

2312 4169 2439 4212 cere
2467 4160 2797 4227 argumenta
2824 4152 2967 4210 sacta
3008 4154 3295 4226 posteriori
3329 4152 3471 4210 loco.
3503 4156 3650 4222 Quae
3680 4154 3807 4212 licet
3828 4155 3907 4211 vi-

2311 4245 2544 4302 deantur
2573 4259 2695 4301 esse
2722 4250 2918 4300 contra
2946 4259 3293 4301 communem
3322 4229 3785 4317 sententiam,'non
3809 4245 3907 4302 mi-

2314 4335 2549 4392 litabunt
2593 4340 2785 4390 contra
2822 4333 2999 4406 illam,
3044 4335 3089 4389 si
3128 4333 3183 4390 in
3224 4333 3328 4390 boc
3369 4351 3533 4392 sensu
3574 4335 3902 4409 explicetur,

2313 4427 2544 4492 scilicet,
2580 4433 2645 4483 ut
2672 4425 2757 4481 lex
2784 4424 3125 4497 promulgata
3153 4424 3422 4496 absolute,
3452 4425 3506 4483 id
3530 4433 3615 4484 est
3640 4443 3672 4483 a
3700 4425 3907 4500 legisla-

2312 4524 2430 4574 tore
2458 4532 2567 4572 non
2598 4515 2873 4592 impedita,
2906 4531 3001 4571 seu
3032 4531 3330 4588 suspensa,
3362 4517 3544 4575 statim
3582 4524 3777 4575 natura
3805 4533 3907 4575 sua

2314 4606 2549 4680 obliget,
2583 4605 2672 4663 ubi
2703 4605 2976 4662 moraliter
3006 4607 3135 4663 sciri
3166 4614 3366 4677 potest,
3396 4606 3451 4664 id
3475 4615 3561 4666 est
3588 4609 3641 4664 in
3670 4607 3757 4665 illo'
3783 4624 3910 4681 pro-

2314 4697 2456 4754 ximo
2483 4703 2539 4752 et
2566 4696 2836 4768 praesenti
2864 4683 3018 4753 loco:
3044 4693 3169 4753 inde
3196 4712 3328 4755 vero
3350 4699 3509 4770 quasi
3530 4699 3788 4755 continue
3814 4715 3908 4756 ex-

2316 4785 2571 4844 tendatur
2600 4785 2856 4860 obligatio
2887 4783 2953 4842 ad
2982 4785 3106 4842 loca
3131 4783 3386 4843 distantia
3414 4787 3551 4843 intra
3576 4795 3826 4860 tempus,
3856 4789 3907 4844 in

2314 4892 2423 4950 quo
2453 4873 2703 4950 prudenti
2741 4874 2962 4933 arbitrio
2990 4874 3184 4933 deferri
3223 4875 3289 4933 ad
3328 4874 3462 4934 illud
3501 4883 3681 4950 potest
3719 4878 3910 4935 notitia

2314 4968 2464 5042 legis.
2483 4969 2655 5036 Quem
2684 4982 2905 5025 sensum
2928 4983 3039 5024 non
3058 4967 3303 5025 existimo
3324 4984 3447 5026 esse
3468 4967 3701 5026 alienum
3720 4968 3791 5026 ab
3812 4984 3911 5026 au-

2315 5061 2558 5118 ctoribus
2582 5059 2823 5133 allegatis
2850 5074 2947 5131 pro
2969 5059 3136 5130 priori
3160 5059 3446 5117 sententia.
3470 5060 3741 5116 Navarrus
3763 5060 3909 5117 enim

2315 5167 2445 5208 cum
2473 5147 2571 5208 sibi
2602 5149 2891 5207 obiecisset
2915 5155 3113 5222 quarto
3140 5149 3286 5222 loco,
3311 5148 3442 5224 quia
3459 5148 3661 5207 durum
3681 5156 3768 5207 est
3786 5165 3909 5207 cre-

2314 5241 2467 5314 dere,
2503 5239 2679 5315 legem
2706 5241 2911 5300 Romae
2936 5241 3331 5316 promulgatam
3359 5241 3498 5302 intra
3522 5239 3663 5300 duos
3691 5256 3909 5300 menses
