4325 6267
806 281 933 349 372

722 434 819 487 tur
852 428 1082 501 stricte,
1116 431 1176 485 et
1210 426 1289 484 sic
1318 422 1671 498 distinguitur
1701 438 1733 481 a
1760 422 1881 498 lege
1909 418 2326 494 iurisdictionis,

725 525 791 575 ut
818 518 872 575 in
900 516 1076 590 capite
1103 514 1391 584 Dilectus,
1410 514 1481 572 de
1509 512 1659 571 offic.
1686 511 1865 569 ordin.
1892 518 1950 569 et
1982 514 2071 581 to,
2104 527 2163 583 q.
2197 514 2245 583 l,
2273 511 2334 567 10

725 610 977 678 Summa,
994 613 1051 664 et
1078 622 1203 680 cap.
1238 610 1287 678 1,
1310 606 1405 663 ubi
1430 604 1656 677 dicitur,
1685 602 1973 677 religiosos
2000 616 2125 659 esse
2146 616 2328 659 exem·

724 703 851 771 ptos
879 713 912 753 a
937 697 1058 770 1030
1076 694 1427 767 dioecesana,
1442 700 1498 751 et
1516 694 1847 765 supponitur
1867 707 1978 749 non
2001 706 2123 749 esse
2142 704 2330 749 exem-

722 793 851 861 ptos
881 786 1061 859 alege
1090 784 1505 843 iurisdictionis.
1533 783 1673 839 Cum
1701 797 1835 856 ergo
1862 781 2179 855 praecipere
2205 795 2330 853 per-

722 879 894 936 tineat
918 875 987 934 ad
1009 876 1183 950 legem
1209 873 1613 944 iurisdictionis,
1638 870 2019 943 concluditur,
2037 869 2330 944 religiosos

722 983 835 1026 non
862 982 983 1025 esse
1012 970 1295 1038 exemptos
1324 980 1355 1021 a
1384 964 1692 1037 praeceptis
1719 962 2130 1034 episcoporum.

800 1062 861 1117 2.
890 1058 962 1117 Ut
1001 1062 1185 1113 autem
1227 1055 1363 1113 baec
1404 1056 1671 1111 sententia
1707 1050 2078 1124 intelligatur,
2112 1054 2332 1121 oportet

722 1146 791 1207 de
819 1146 908 1205 illa
934 1145 1279 1214 distinctione
1306 1160 1487 1217 pauca
1514 1142 1879 1215 praemittere3
1904 1138 2039 1213 quid
2064 1140 2204 1195 enim
2230 1154 2330 1210 per

722 1240 845 1297 illas
890 1252 1057 1295 voces
1100 1234 1466 1309 significetur,
1508 1249 1619 1291 non
1655 1233 1929 1289 invenitur
1964 1232 2019 1287 in
2047 1230 2167 1286 iure
2197 1228 2329 1286 satis

722 1326 1089 1387 declaratum.
1114 1324 1343 1383 Glossae
1368 1326 1558 1397 igitur,
1588 1337 1758 1395 supra
1782 1322 1949 1379 citata
1973 1319 2117 1389 iura,
2136 1318 2212 1375 ita
2237 1316 2331 1375 illa

722 1419 1102 1491 explicant,ut
1135 1415 1223 1474 lex
1250 1414 1641 1473 iurisdictionis
1668 1412 1737 1467 sit
1762 1410 1877 1483 illa,
1908 1424 2051 1484 quae
2078 1406 2332 1465 consistit

722 1508 777 1565 in
806 1506 1041 1583 agendo,
1070 1503 1447 1579 gubernando,
1480 1516 1581 1559 seu
1610 1498 1993 1570 ministrand03
2026 1497 2111 1554 lex
2140 1501 2328 1553 autem

728 1596 1058 1655 dioecesana
1080 1596 1151 1652 sit
1168 1594 1281 1663 illa,
1306 1608 1447 1669 quae
1467 1590 1717 1648 consistit
1740 1591 1794 1646 in
1821 1585 2223 1660 recipiendo,id
2251 1590 2337 1642 est

722 1701 867 1761 quae
897 1684 1089 1741 statuit
1116 1684 1184 1741 de
1212 1682 1317 1755 bis,
1348 1696 1490 1755 quae
1518 1684 1647 1736 sunt
1674 1675 2010 1735 conserenda
2034 1676 2323 1747 episcopo,

722 1783 781 1833 et
819 1775 888 1833 ab
921 1776 1042 1846 ipso
1070 1768 1402 1844 recipienda.
1427 1768 1585 1837 Quod
1612 1768 1697 1823 his
1726 1765 1987 1838 exemplis
2016 1763 2317 1833 declarant;

721 1880 848 1922 nam
890 1862 958 1921 ad
1000 1861 1176 1936 legem
1216 1857 1605 1917 iurisdictionis
1642 1858 1915 1929 pertinent
1942 1855 2159 1923 omnia,
2191 1866 2331 1925 quae

722 1955 878 2013 circa
905 1952 1104 2011 iudicia
1141 1956 1418 2023 aguntur,
1452 1954 1515 2005 ut
1542 1952 1674 2003 sunt
1699 1944 1929 2017 citatio,
1962 1957 2168 2001 causae
2195 1956 2320 1997 exa·

721 2043 977 2115 minatio,
1028 2040 1235 2099 decisio
1255 2080 1271 2110 ,
1320 2034 1563 2110 punitio',
1595 2034 1677 2093 vel
1707 2033 1986 2091 absolutio
2008 2076 2021 2103 ,
2047 2039 2113 2089 ut
2139 2046 2210 2088 ex
2235 2029 2330 2087 illo

724 2140 884 2191 textu
913 2131 1213 2205 colligitur.
1237 2126 1393 2186 Unde
1430 2126 1613 2183 001010
1647 2125 1847 2194 011010,
1884 2136 2026 2195 quae
2054 2122 2334 2194 pertinent

723 2225 792 2282 ab
827 2220 1275 2298 gubernationem
1315 2216 1612 2285 dioecesis,
1649 2213 1719 2271 ad
1747 2213 1887 2270 hanc
1917 2212 2094 2285 legem
2119 2216 2334 2283 specta-

725 2313 898 2383 bunt,
939 2315 996 2368 et
1041 2312 1451 2381 consequenter
1486 2304 1649 2363 etiam
1680 2308 1887 2359 statuta
1912 2300 2147 2357 condere
2177 2307 2235 2357 et
2261 2299 2336 2355 le-

726 2417 825 2475 ges
874 2398 943 2456 ad
995 2397 1247 2455 eamdem
1296 2395 1474 2468 legem
1522 2394 1775 2465 pertinet.
1817 2388 1983 2447 Addit
2026 2390 2190 2446 etiam
2241 2388 2333 2446 illa

726 2492 940 2558 Glossa,
966 2491 1437 2545 sacramentorum
1459 2482 1827 2553 collationem,
1852 2477 2331 2537 consecrationem

722 2578 1122 2646 ecclesiarum,
1167 2580 1223 2631 et
1248 2573 1646 2631 conlectionem
1676 2569 2013 2639 chrismatis,
2042 2582 2109 2625 00
2138 2565 2332 2623 01011110

724 2670 887 2728 etiam
916 2665 1189 2741 pertinere
1216 2648 1303 2721 1111ο
1314 2662 1491 2737 103001
1518 2655 2107 2725 iurisdictionis.Quod
2128 2658 2333 2713 Panor-

728 2762 936 2819 mitano
962 2756 1035 2814 ibi
1060 2753 1275 2812 videtur
1302 2750 1544 2822 difficile,
1574 2751 1716 2824 quia,
1732 2750 1779 2805 si
1799 2745 1935 2805 11000
1962 2752 2147 2803 essent
2169 2747 2334 2802 iuris-

722 2849 1008 2920 dictionis,
1041 2848 1269 2918 possent
1293 2840 1533 2915 delegari
1560 2854 1667 2895 non
1695 2836 1913 2895 habenti
1942 2834 2194 2893 ordinem
2219 2834 2336 2907 epi-

724 2931 1149 3011 scopalem.Sed
1177 2931 1313 2989 baec
1340 2946 1450 2987 000
1478 2928 1742 2986 dicuntur
1768 2941 1890 2983 esse
1916 2923 2336 3005 iurisdictionis,

723 3030 856 3105 quia
892 3041 1001 3083 non
1047 3023 1343 3097 requirunt
1378 3023 1707 3094 potestatem
1747 3013 1950 3074 ordinis
1985 3010 2333 3085 episcopalis,

722 3119 821 3178 sed
862 3118 993 3193 quia
1031 3112 1324 3188 requirunt
1361 3106 1819 3178 iurisdictionem,
1864 3109 1927 3162 ut
1960 3103 2143 3161 debite
2179 3103 2366 3159 mini-.

722 3214 990 3268 strentur.
1009 3206 1081 3261 Et
1108 3204 1188 3260 sic
1215 3202 1510 3273 episcopus
1537 3198 1749 3255 ratione
1774 3210 1909 3251 suae
1937 3190 2329 3250 iurisdictionis

723 3302 910 3372 potest
948 3293 1041 3351 illa
1074 3291 1256 3349 omnia
1284 3287 1624 3347 auctoritate·
1644 3300 1745 3343 sua
1773 3284 1825 3341 in
1854 3299 1958 3340 sua
1983 3281 2248 3353 dioecesi,
2278 3288 2338 3339 et

725 3386 841 3444 suis
874 3382 1107 3442 subditis
1152 3380 1494 3449 ministrare,
1524 3383 1582 3433 et
1609 3390 1720 3432 000
1748 3372 1896 3442 aliis,
1923 3377 1981 3430 et
2006 3386 2037 3428 e
2065 3385 2334 3428 converso

726 3473 931 3535 subditi
962 3478 1221 3531 tenentur
1242 3467 1377 3525 baec
1404 3467 1654 3539 recipere
1674 3480 1707 3521 a
1728 3478 1832 3521 suo
1852 3462 2134 3533 episcopo,
2148 3466 2206 3518 et
2227 3475 2336 3516 non

723 3570 795 3626 ab
834 3564 937 3623 alio
982 3564 1097 3619 sine
1144 3558 1362 3616 licentia
1408 3556 1583 3613 illius:
1628 3568 1771 3627 quae
1808 3551 2077 3609 subiectio
2103 3548 2334 3608 debetur

722 3659 985 3732 episcopo
1016 3656 1241 3725 propter
1267 3648 1443 3721 legem
1470 3642 1895 3713 iurisdictionis,
1934 3647 1992 3698 et
2018 3639 2137 3697 ideo
2165 3636 2334 3698 etiam

726 3748 781 3805 in
806 3745 915 3802 boc
946 3741 1185 3814 religiosi
1213 3737 1583 3796 subiiciuntur
1610 3731 1900 3807 episcopis,
1924 3745 2049 3804 cap.
2080 3727 2331 3787 Interdi-

722 3838 936 3896 cimws,
976 3834 1065 3903 16,
1096 3846 1154 3903 q.
1196 3834 1244 3887 1.

802 3931 859 3982 3.
892 3920 972 3979 Ad
1010 3920 1185 3993 legem
1220 3923 1405 3975 autem
1433 3914 1843 3983 dioecesanam,
1886 3910 1961 3968 ait
1990 3909 2082 3967 illa
2108 3908 2328 3983 Glossa,

724 4014 995 4089 pertinere
1022 4005 1489 4075 cathedraticum,
1513 4011 1771 4078 quartam
1800 3999 2256 4069 decimationem,
2278 4004 2336 4055 et

722 4099 1189 4169 mortuariorum,
1222 4093 1495 4170 synodum
1516 4134 1532 4158 ,
1562 4091 1931 4149 visitationem
1958 4102 2230 4159 annuam,
2262 4085 2330 4144 de

724 4192 927 4268 quibus
956 4188 1007 4246 in
1034 4202 1159 4258 cap.
1195 4187 1617 4257 Conquerente,
1658 4180 1725 4237 de
1754 4178 1909 4237 offic.
1940 4178 2120 4235 ordin.
2152 4180 2224 4235 Et
2251 4178 2330 4235 vi·

726 4283 890 4340 detur
920 4278 1133 4335 fundari
1172 4277 1225 4332 in
1257 4275 1387 4345 boc,
1420 4268 1567 4345 quod
1596 4269 1663 4326 ab
1690 4266 2003 4326 huiusmodi
2032 4267 2250 4325 iuribus
2277 4274 2334 4324 et

728 4369 989 4430 oneribus
1032 4368 1357 4425 eximuntur
1382 4360 1713 4419 monasteria
1740 4360 1792 4415 in
1820 4358 1974 4427 iure,
2015 4372 2139 4429 cap.
2171 4360 2332 4415 Inter

726 4460 879 4527 alia,
925 4462 1015 4530 10,
1046 4472 1103 4530 q.
1137 4460 1192 4523 3,
1226 4468 1356 4511 cum
1384 4450 1521 4524 aliis,
1564 4464 1704 4523 quae
1744 4448 1816 4505 ibi
1854 4462 1886 4504 0
1924 4446 2119 4503 Glossa
2148 4446 2328 4504 citan-

728 4560 844 4608 tur.
874 4546 1045 4607 Obiici
1086 4558 1215 4601 vero
1257 4548 1471 4615 potest,
1513 4541 1643 4613 quia
1683 4537 1815 4596 licet
1841 4536 2121 4611 ‚quaedam
2147 4551 2217 4593 ex
2246 4534 2329 4592 his

731 4640 1037 4699 consistant
1062 4636 1115 4691 in
1144 4629 1479 4704 recipiendo,
1509 4644 1617 4685 non
1648 4634 1829 4686 tamen
1857 4628 2061 4699 omniaz,
2086 4632 2145 4684 et
2172 4640 2330 4697 prae-

728 4740 877 4789 terea
914 4724 1067 4783 nullo
1106 4724 1224 4781 iure
1250 4719 1516 4795 probatur
1537 4760 1552 4791 ,
1584 4718 1761 4792 legem
1790 4716 2168 4776 dioecesanam
2196 4730 2330 4772 con-

729 4821 925 4877 sistere
974 4827 1192 4886 semper
1230 4812 1285 4867 10
1331 4806 1659 4880 recipiendo.
1694 4806 1937 4864 Primum
1984 4810 2172 4879 patet,
2202 4804 2330 4877 quia

730 4906 919 4987 synodi
958 4903 1311 4979 congregatio
1350 4916 1463 4956 non
1506 4896 1764 4955 consistit
1802 4892 2157 4967 recipiendo,
2202 4908 2330 4950 nam

728 5013 935 5057 vocare
970 4994 1039 5052 ad
1080 4991 1385 5070 synodum,
1430 5002 1593 5061 agere
1632 4992 1755 5060 est,
1813 4992 1870 5043 et
1915 4984 2329 5057 propriissimus

732 5096 896 5145 actus
936 5079 1349 5153 iurisdictionis,
1390 5084 1451 5135 et
1490 5074 1739 5135 similiter
1778 5074 1852 5133 illi
1882 5072 2222 5146 praesidere:
2253 5072 2328 5129 vi-

728 5176 907 5235 sitatio
946 5176 1111 5233 etiam
1138 5183 1323 5229 annua
1348 5164 1737 5227 iurisdictionis
1782 5170 1839 5223 et
1867 5164 1929 5225 in
1958 5162 2170 5237 agendo
2196 5178 2328 5224 con·

2199 294 2402 347 mmm
2429 296 2526 349 lv-

2399 422 2563 481 sistit.
2595 423 2782 483 Altera
2828 442 2956 501 pars
3005 444 3114 486 non
3164 430 3322 490 aliter
3361 432 3628 504 probatur
3654 473 3668 506 ,
3719 430 3827 490 nisi
3878 430 4021 504 quia

2397 513 2588 571 Glossa
2613 514 2826 598 nullum
2856 523 3064 578 textum
3092 519 3160 577 ad
3181 521 3236 578 id
3265 521 3609 594 probandum
3635 519 3890 579 adducit.
3909 523 4012 577 Ni-

2399 602 2693 662 hilominus
2720 606 3004 680 explicatio
3032 610 3256 668 Glossae
3285 618 3464 684 potest
3487 612 3754 685 probabili
3779 606 4014 669 suaderi

2397 694 2738 767 coniectura,
2770 696 2954 771 quoad
2977 699 3224 772 episcopi
3251 702 3360 771 ius,
3383 700 3496 758 duo
3525 706 3800 773 spectant,
3823 715 4014 757 unum

2394 789 2481 839 est
2519 798 2734 857 regere,
2763 793 2820 844 et
2858 802 3116 861 pascere;
3155 797 3216 847 ct
3239 791 3440 864 emnia,
3475 806 3618 864 quae
3645 790 3715 847 ad
3743 790 3852 847 1100
3885 806 4016 847 mu-

2396 889 2502 931 nus
2543 882 2818 947 spectant,
2848 876 3114 936 dicuntur
3151 894 3272 937 esse
3311 879 3380 937 de
3425 879 3542 953 lege
3567 879 4000 938 iurisdictionis.

2396 962 2558 1022 Aliud
2595 970 2680 1021 est
2720 966 2892 1039 pasci,
2938 983 3038 1024 seu
3076 967 3320 1026 debitum
3361 968 3692 1043 stipendium
3719 970 4012 1042 accipere,

2397 1061 2454 1112 et
2493 1056 2568 1111 ita
2606 1057 2792 1113 omnia
2830 1058 3080 1129 servitia,
3111 1065 3169 1117 et
3207 1059 3452 1117 subsidia
3479 1059 3824 1132 temporalia,
3853 1074 4010 1132 quae

2396 1142 2664 1201 debentur
2701 1145 2972 1219 episcopis
3012 1147 3224 1206 ratione
3261 1149 3348 1205 sui
3396 1149 3638 1205 muneris
3661 1188 3678 1219 ,
3727 1146 4012 1204 dicuntur

2397 1233 2662 1305 pertinere
2677 1233 2748 1291 ad
2768 1233 2941 1307 legem
2961 1234 3361 1309 dioecesanam,
3375 1238 3455 1294 sic
3473 1236 3664 1293 stricte
3685 1242 3998 1307 sumptam.

2469 1322 2720 1379 Admisso
2745 1338 2878 1381 vero
2903 1323 3009 1381 bac
3029 1323 3396 1383 declaratione
3419 1325 3472 1381 in
3492 1324 3582 1382 illo
3607 1340 3798 1395 sensu,
3817 1339 4010 1381 exem-

2397 1410 2486 1483 pla
2523 1410 2727 1469 debent
2761 1426 2892 1469 cum
2928 1412 3108 1471 debita
3137 1416 3493 1487 proportione
3521 1414 3788 1488 assignari
3806 1454 3822 1486 ,
3855 1413 4010 1470 ideo-

2399 1515 2508 1574 que
2537 1502 2892 1576 congregatio
2919 1502 3138 1578 synodi,
3169 1512 3229 1562 et
3255 1504 3490 1562 visitatio
3515 1520 3698 1561 annua
3721 1504 3792 1560 ad
3821 1502 4006 1575 1030111

2397 1590 2784 1647 iurisdictionis
2813 1593 3188 1665 pertinebunt,
3213 1600 3275 1650 ut
3299 1594 3496 1666 probat
3519 1595 3666 1651 ratio
3693 1589 4012 1665 sacta,licet

2399 1680 2487 1735 ius
2526 1679 2826 1752 recipiendi
2855 1680 3240 1756 synodaticum
3269 1686 3360 1755 (ut
3385 1682 3682 1757 appellant>
3711 1687 3770 1740 et
3803 1696 4016 1754 procu·

2401 1770 2670 1825 rationem
2696 1810 2711 1841 ,
2764 1771 3036 1842 pertineat
3072 1770 3140 1827 ad
3178 1769 3351 1844 legem
3379 1770 3782 1829 dioecesanam.
3814 1773 4008 1843 Neque

2397 1858 2454 1913 10
2486 1857 2604 1913 iure
2625 1864 2710 1915 est
2736 1858 2944 1932 aliquid
2997 1859 3146 1933 quod
3175 1866 3472 1934 repugnet,
3505 1860 3635 1934 quia
3659 1862 3715 1917 10
3743 1860 3868 1917 iure
3895 1875 4010 1916 non

2385 1946 2676 2005 'invenitur
2697 1947 3072 2022 declaratum,
3112 1952 3207 2023 qui
3247 1958 3406 2008 actus
3453 1951 3522 2007 011
3548 1951 3692 2008 hanc
3720 1950 3804 2007 vel
3845 1950 3998 2008 illam

2403 2034 2579 2108 legem
2607 2038 3088 2107 pertineant.Tunc
3115 2044 3297 2097 autem
3328 2038 3548 2098 difficile
3573 2041 3682 2097 erit
3699 2038 4002 2097 defendere

2400 2124 2540 2181 duas
2586 2123 2706 2182 illas
2751 2126 3032 2199 generales
3077 2128 3297 2202 regulas
3324 2170 3341 2195 ,
3389 2128 3540 2203 quod
3589 2128 3826 2202 religiosi
3874 2134 4012 2185 sunt

2403 2215 2642 2286 exempti
2685 2231 2718 2271 0
2752 2216 2870 2289 1030
2894 2215 3250 2289 dioecesana,
3283 2234 3390 2275 non
3421 2232 3554 2276 vero
3583 2234 3616 2275 0
3639 2217 3760 2291 1030
3782 2218 4007 2275 iurisdi-

2401 2302 2606 2362 ctionis
2629 2345 2646 2374 ,
2687 2311 2754 2361 ut
2797 2322 2866 2365 ex
2913 2304 2994 2363 his
3013 2348 3028 2379 ,
3059 2322 3202 2381 quae
3227 2309 3644 2366 panormitanus
3673 2308 3780 2365 late
3807 2322 4002 2380 prose·

2403 2394 2623 2466 quitur,
2665 2394 2822 2453 facile
2849 2396 3076 2470 intelligi
3105 2403 3306 2469 potest.
3340 2400 3538 2455 Posset
3563 2405 3745 2457 autem
3776 2412 4009 2471 respon·

2402 2482 2541 2553 deri,
2557 2489 2856 2557 utramque
2883 2486 3150 2543 verificari
3177 2502 3308 2545 cum
3335 2487 3684 2559 exceptione,
3707 2487 3814 2543 nisi
3837 2488 3894 2543 in
3917 2500 4016 2543 ca-

2404 2572 2555 2629 sibus
2595 2589 2627 2629 a
2655 2574 2771 2630 iure
2806 2578 3112 2647 expressis,
3151 2576 3226 2633 ita
3261 2581 3324 2633 ut
3357 2590 3558 2633 sensus
3583 2575 3687 2647 sit',
3715 2575 4014 2649 religiosos

2401 2676 2524 2719 esse
2559 2669 2841 2735 exemptos
2878 2679 2910 2720 a
2945 2664 3066 2738 lege
3089 2663 3412 2722 dioecesana
3430 2706 3447 2738 ,
3485 2663 3536 2721 id
3564 2671 3653 2723 est
3678 2680 3711 2721 a
3739 2663 4008 2720 solvendo

2404 2750 2668 2822 subsidio,
2699 2752 2780 2809 vel
2811 2756 2966 2825 quasi
2996 2754 3204 2812 tributo
3229 2755 3534 2827 episcopis,
3565 2753 3664 2810 nisi
3691 2756 3747 2810 in
3775 2753 4008 2814 casibus

2405 2856 2438 2897 a
2474 2841 2591 2899 iure
2629 2844 2930 2915 expressis,
2973 2858 3080 2899 000
3117 2849 3296 2900 tamen
3323 2858 3448 2901 esse
3475 2850 3761 2916 exemptos
3787 2843 3858 2900 ab
3887 2844 4048 2900 obe-·

2405 2930 2645 3005 dientia,
2685 2938 2744 2989 et
2779 2931 2897 3007 lege
2941 2930 3367 3005 iurisdictionis,
3405 2932 3512 2990 nisi
3549 2934 3606 2989 in
3643 2930 3836 3005 aliquo
3876 2947 4018 2988 casu

2405 3020 2630 3094 speciali
2667 3020 2718 3077 in
2757 3021 2878 3079 iure
2903 3036 3182 3093 expresso.
4071 3088 4086 3103 ο

2484 3112 2539 3167 4.
2579 3108 2750 3167 Aliter
2789 3125 2919 3168 vero
2948 3111 3363 3169 panormitanus
3392 3109 3640 3168 declarat
3665 3110 3790 3169 illas
3819 3126 4017 3183 voces,

2409 3200 2802 3273 supponitque,
2820 3200 3112 3273 religiosos
3131 3199 3250 3256 iure
3275 3200 3554 3257 communi
3580 3214 3703 3257 esse
3727 3206 4018 3273 exemptos

2408 3287 2476 3345 ab
2503 3288 2774 3361 episcopis
2801 3289 2854 3345 in
2882 3288 3210 3362 quibusdam
3240 3289 3429 3363 rebus,
3457 3298 3517 3348 et
3543 3304 3651 3346 non
3678 3290 3734 3345 in
3758 3288 3900 3346 aliis.
3920 3289 4012 3347 Di-

2407 3378 2485 3433 cit
2521 3377 2709 3450 igitur,
2743 3377 2836 3434 illa
2867 3378 3078 3450 omnia,
3107 3393 3248 3451 quae
3285 3378 3338 3433 in
3371 3379 3494 3435 iure
3521 3378 3882 3435 inveniuntur
3907 3394 4005 3436 ex-

2403 3480 2614 3539 pressa,
2629 3466 2682 3521 in
2708 3466 2910 3539 quibus
2939 3466 3171 3539 religiosi
3198 3474 3334 3524 sunt
3354 3468 3588 3539 exempti
3613 3467 3680 3523 ab
3707 3468 4012 3541 episcopali

2406 3554 2549 3625 iure,
2565 3554 2824 3628 appellari
2851 3556 2919 3613 de
2941 3556 3059 3628 lege
3079 3554 3422 3629 dioecesana;
3437 3557 3650 3630 reliqua
3671 3572 3804 3613 vero
3827 3558 4014 3615 omnia

2403 3660 2526 3703 esse
2553 3644 2621 3701 de
2652 3645 2772 3719 lege
2800 3644 3414 3717 iurisdictionis.quue
3441 3645 3604 3702 aliam
3630 3646 3863 3705 adducit
3883 3662 4010 3718 pro·

2403 3733 2676 3792 bationem
2701 3774 2718 3808 ,
2763 3734 2850 3791 vel
2887 3735 3153 3791 rationem
3193 3736 3506 3804 nominum,
3544 3734 3640 3793 sed
3677 3734 3810 3793 dicit
3836 3735 4006 3792 1111000

2402 3823 2586 3897 potius
2619 3821 2983 3897 magistralem
3011 3810 3450 3896 applicationem,
3464 3839 3630 3898 quam
3661 3824 3798 3883 iuris
3825 3824 4011 3897 impo-

2403 3912 2652 3970 sitionem
2669 3953 2686 3984 ,
2718 3913 2804 3969 vel
2836 3927 3020 3969 usum.
3045 3911 3199 3970 Unde
3227 3912 3440 3987 (quoad
3464 3928 3580 3971 rem
3606 3912 3856 3989 spectati)
3887 3929 4012 3973 000·

2402 4001 2508 4071 tit,
2546 4000 2833 4073 1011310000
2871 4016 2979 4058 000
3013 4014 3136 4057 0000
3161 4008 3480 4073 exemptos,
3509 4001 3612 4059 nisi
3639 4003 3694 4059 in
3720 4003 3833 4074 bis,
3867 4018 4012 4077 quae

2401 4097 2532 4149 sunt
2567 4092 2624 4146 in
2672 4090 2792 4147 iure
2818 4104 3110 4163 expressa,
3141 4106 3284 4165 quae
3310 4098 3443 4147 sunt
3467 4089 3683 4162 decem,
3714 4092 3804 4151 vel
3833 4094 4010 4152 unde-

2401 4183 2540 4252 cim,
2579 4196 2720 4254 quae
2755 4180 2828 4236 ibi
2864 4178 3174 4254 singillatim
3201 4187 3520 4252 enumerat,
3557 4188 3612 4237 et
3638 4182 3801 4253 plura
3828 4186 3882 4240 in
3914 4182 4014 4239 tri-

2401 4268 2650 4340 buendo,
2681 4269 2862 4343 aliqua
2888 4284 3017 4325 vero
3047 4269 3100 4325 in
3129 4268 3337 4341 agendo
3365 4270 3691 4328 consistunt.
3722 4272 3786 4328 In
3813 4274 3896 4330 010
3927 4282 4010 4331 10-

2401 4376 2524 4417 men
2567 4374 2678 4416 non
2717 4358 3071 4416 continentur
3111 4356 3258 4431 leges
3295 4358 3654 4430 episcopales,
3685 4375 3790 4417 000
3821 4364 4014 4421 subie-

2403 4449 2514 4506 ctio
2543 4447 2648 4506 illis
2677 4446 2885 4519 debita,
2915 4454 2974 4505 et
3001 4446 3076 4504 ita
3101 4447 3268 4504 etiam
3293 4446 3400 4505 1100
3429 4446 3592 4505 modo
3616 4449 4005 4528 concluditur,

2399 4536 2548 4611 leges
2590 4538 2981 4609 episcoporum
3028 4536 3264 4608 obligare
3303 4535 3622 4609 religiosos,
3651 4539 3784 4612 quia
3811 4540 3868 4597 in
3897 4542 4006 4600 hoc

2399 4644 2510 4687 non
2549 4626 2900 4685 inveniuntur
2939 4626 3056 4683 iure
3083 4624 3312 4697 exempti
3331 4666 3346 4697 ,
3382 4631 3442 4683 et
3463 4627 3540 4684 ita
3565 4628 3803 4700 pertinet
3827 4630 3898 4689 ad
3929 4634 4011 4691 le-

2399 4734 2528 4793 gem
2555 4714 2971 4774 iurisdictionis'.

2481 4812 2535 4863 5.
2560 4806 2626 4863 Hi
2655 4812 2836 4863 tamen
2857 4804 3116 4863 doctores
3143 4806 3459 4862 canonistae
3482 4802 3789 4877 loquuntur
3813 4806 3887 4866 de
3913 4826 3998 4867 re·

2399 4894 2602 4969 ligiosis
2639 4890 2832 4951 stando
2866 4893 2920 4949 in
2945 4896 3066 4951 iure
3091 4893 3403 4965 communi,
3443 4900 3506 4951 ut
3531 4909 3599 4951 ex
3623 4893 3882 4954 doctrina
3907 4912 4005 4956 eo-

2399 4999 2526 5042 rum
2547 4988 2790 5054 constat,
2803 4990 2860 5040 et
2877 4983 3006 5055 quia
3027 4996 3188 5055 saepe
3210 4983 3488 5055 excipiunt
3507 4984 3802 5056 specialem
3821 5002 4005 5046 exem-

2400 5074 2666 5147 ptionem.
2692 5072 2760 5130 Et
2795 5070 2904 5129 1100
2933 5086 3101 5129 000011
3125 5085 3322 5130 eorum
3351 5074 3617 5130 sententia
3643 5074 3864 5133 videtur
3891 5092 4008 5136 ma-

2399 5162 2598 5225 nifesta
2623 5161 2823 5221 saltem
2845 5159 3044 5220 stando
3071 5160 3124 5219 in
3151 5159 3272 5222 iure
3293 5160 3545 5237 antiquo,
3561 5162 3690 5239 quia
3710 5163 3866 5224 nullo
3885 5166 4010 5227 iure
