4325 6267
827 314 958 379 320

738 464 1029 537 potestate
1054 462 1291 537 Papae,
1321 469 1537 537 quaest.
1578 465 1715 537 100,
1744 470 1799 521 et
1824 463 2033 521 Canum
2060 461 2155 521 lib.
2185 464 2239 523 7.
2263 462 2338 521 de

745 554 934 621 Locis,
972 567 1096 625 cap.
1120 556 1175 610 3.

824 652 877 703 5.
910 642 1063 701 Addo
1086 650 1390 717 praeterea,
1407 646 1701 702 sententias
1716 650 1939 716 patrum
1956 660 2066 702 non
2090 644 2340 716 accipere

746 734 854 791 vim
883 734 1056 809 legis,
1084 750 1149 791 eo
1176 732 1323 808 quod
1354 750 1387 791 a
1410 736 1663 793 Gratiano
1692 735 1745 793 in
1779 752 1883 792 suo
1912 735 2137 793 decreto
2167 737 2340 793 inser·

743 831 833 881 tae
861 824 989 895 sint,
1012 824 1116 881 nisi
1141 822 1210 880 ab
1238 823 1421 898 aliquo
1450 825 1707 883 Pontifice
1734 826 1933 884 fuerint
1962 825 2337 899 canonizatae,

746 922 809 973 ut
829 916 967 972 inter
993 912 1293 973 decretales
1321 915 1613 989 aliquando
1642 917 2016 974 inveniuntur.
2044 916 2204 974 Ratio
2227 923 2334 989 est,

746 1006 873 1079 quia
906 1020 1008 1063 nec
1038 1005 1329 1064 Gratianus
1358 1006 1551 1064 habuit
1576 1013 1903 1080 potestatem
1928 1006 2091 1065 dandi
2120 1007 2228 1064 vim
2260 1005 2336 1062 le-

742 1111 908 1169 gum,
938 1111 1116 1169 neque
1142 1082 1390 1154 Pontifex
1420 1096 1617 1171 aliquis
1646 1114 1745 1171 pro
1772 1098 1987 1171 legibus
2016 1098 2340 1171 approbavit

742 1188 953 1261 omnia,
994 1202 1137 1261 quae
1176 1189 1230 1244 in
1270 1187 1363 1244 illo
1404 1187 1627 1246 decreto
1666 1190 2051 1263 continentur,
2084 1188 2336 1263 quamvis

744 1278 910 1351 aliqui
934 1280 1257 1357 ‚canonistae
1280 1280 1594 1351 oppositum
1615 1283 1875 1353 sentiant,
1900 1295 2041 1354 quos
2070 1279 2256 1352 refert,
2276 1284 2338 1336 et

742 1371 900 1441 sequi
923 1368 1139 1426 videtur
1166 1367 1383 1427 Felinus
1412 1370 1465 1425 in
1492 1385 1615 1442 cap.
1632 1369 1772 1429 2.de
1792 1371 2049 1443 rescript.
2066 1374 2330 1429 num.45.

740 1458 849 1517 Sed
876 1473 935 1516 re
964 1474 1093 1516 vera
1118 1476 1228 1516 non
1258 1458 1459 1516 babent
1484 1459 1701 1517 firmum
1728 1460 2174 1532 fundamentum3
2205 1476 2332 1518 nam

740 1548 1107 1622 consuetudo,
1131 1564 1297 1623 quam
1324 1548 1584 1623 allegant,
1610 1565 1716 1606 non
1744 1552 1909 1609 estin
1936 1552 2001 1608 eo
2030 1566 2220 1623 sensu,
2251 1552 2334 1609 iu-

739 1646 835 1698 xta
872 1647 1205 1713 conceptum
1246 1656 1597 1699 communem
1634 1641 1961 1715 sapientum,
1988 1641 2330 1700 introducta.

738 1729 811 1788 Et
830 1732 907 1789 ita
934 1730 1174 1788 sentiunt
1200 1732 1385 1804 plures
1414 1732 1503 1789 alii
1532 1734 1873 1804 canonistae,
1894 1749 2036 1807 quos
2064 1734 2205 1791 idem
2233 1736 2334 1791 Fe·

736 1820 885 1878 linus
924 1821 1123 1893 refert,
1163 1828 1223 1880 et
1244 1822 1443 1880 Decius
1479 1820 1705 1896 ibidem,
1752 1838 1914 1894 num,
1954 1827 2043 1881 15.
2072 1822 2334 1897 Idemque

735 1908 1027 1970 dicendum
1058 1919 1146 1970 est
1171 1910 1237 1969 de
1266 1912 1539 1987 aliquibus
1566 1912 1781 1987 legibus
1808 1912 2083 1987 civilibus,
2106 1930 2249 1987 quas
2277 1914 2333 1971 in

734 2014 838 2058 auo
866 2000 1090 2061 decreto
1125 2004 1412 2061 Gratianus
1439 2006 1660 2077 posuit,
1689 2006 1822 2077 quia
1848 2020 1957 2061 non
1984 2018 2051 2061 eo
2090 2004 2208 2077 ipso
2235 2004 2332 2063 ba·

734 2088 862 2148 bent
890 2096 998 2150 vim
1018 2094 1151 2168 legis
1178 2095 1499 2165 canonicae,
1522 2093 1620 2150 nisi
1642 2094 1710 2151 ab
1734 2093 1918 2167 aliquo
1939 2094 2200 2152 Pontifice
2220 2095 2332 2153 sint

733 2182 1111 2258 canonizatae,
1152 2189 1379 2257 propter
1426 2182 1676 2241 eamdem
1711 2185 2015 2257 rationem3
2060 2191 2123 2242 ut
2162 2186 2332 2242 sentit

732 2271 935 2334 Glossa
961 2276 1014 2333 in
1041 2290 1167 2348 cap.
1206 2280 1256 2334 1.
1288 2274 1355 2331 de
1385 2276 1551 2332 rebus
1580 2274 1866 2333 Ecclesiae
1892 2290 2000 2331 non
2030 2274 2327 2333 alienandis

730 2370 784 2425 in
810 2372 865 2435 6,
891 2367 1060 2424 verbo
1088 2369 1409 2432 tractatus,
1436 2372 1494 2422 et
1518 2365 1741 2423 videtur
1762 2380 2070 2438 supponere
2090 2367 2321 2424 Navarr.

728 2458 797 2517 de
818 2457 1079 2517 redditib.
1110 2455 1326 2515 Eccles.
1358 2464 1573 2530 quaest.
1603 2460 1662 2529 3,
1688 2473 1837 2514 mon.
1880 2459 1969 2530 17,
2001 2474 2155 2515 num.
2190 2464 2244 2517 5.

806 2552 1049 2623 Denique
1076 2548 1250 2605 obiter
1278 2546 1417 2605 addo
1434 2588 1450 2621 ,
1479 2547 1741 2605 nonnulla
1766 2548 1958 2606 referri
1985 2564 2015 2605 a
2040 2550 2323 2623 Gratiano,

727 2641 941 2714 quaein
964 2637 1230 2711 conciliis,
1254 2637 1339 2695 vel
1361 2638 1626 2710 partibus,
1656 2629 1859 2713 quibus
1880 2639 1997 2712 ipse
2015 2655 2080 2696 aa
2104 2639 2320 2715 tribuit,

725 2747 836 2789 non
876 2730 1258 2801 inveniuntur,
1288 2728 1353 2787 de
1393 2729 1591 2802 quibus
1620 2732 1812 2787 merito
1852 2728 2088 2789 dubitari
2117 2736 2323 2806 potest,

725 2838 793 2881 an
834 2822 1071 2879 habeant
1107 2822 1213 2877 vim
1254 2820 1409 2893 legis.
1442 2822 1578 2878 Nam
1618 2821 1783 2896 aliqui
1829 2827 2058 2894 putant,
2100 2822 2321 2879 omnino

724 2929 846 2972 esse
874 2910 1207 2971 credendum
1234 2913 1510 2984 Gratiano,
1536 2914 1667 2986 quia
1687 2913 1809 2969 iura
1835 2912 2226 2971 auctoritatem
2249 2913 2324 2971 illi

724 3004 967 3061 tribuere
1005 3000 1283 3070 videntur,
1314 3003 1467 3059 iuxta
1493 3004 1719 3060 Decium
1748 3009 1804 3059 et
1836 3002 2083 3061 Felinum
2126 3018 2320 3076 supra,

723 3109 855 3151 cum
890 3094 1265 3151 Panormitae.
1298 3107 1423 3164 cap.
1454 3096 1512 3151 2.
1544 3094 1717 3150 citato
1739 3134 1755 3166 ,
1786 3092 1853 3150 de
1890 3095 2190 3166 rescriptis.
2223 3094 2326 3150 Ve-

721 3190 1025 3241 rumtamen
1074 3180 1205 3240 lic'et
1228 3181 1320 3239 illa
1348 3182 1420 3239 sit
1454 3181 1636 3256 aliqua
1664 3184 2037 3260 praesumptio
2057 3226 2073 3257 ,
2102 3198 2214 3241 non
2241 3188 2322 3240 ta-

724 3291 844 3331 men
872 3272 1177 3344 sufficiens,
1205 3278 1269 3329 ut
1294 3272 1521 3331 inducat
1546 3274 1679 3347 legis
1708 3275 2092 3333 auctoritatem
2118 3282 2178 3331 et
2205 3274 2324 3333 suf·

719 3365 987 3423 ficientem
1033 3364 1485 3437 propositionem.
1516 3362 1653 3434 Quia
1686 3366 1971 3422 Gratianus
2004 3364 2321 3439 (verisimile

720 3454 834 3527 est)
872 3470 982 3512 non
1010 3454 1192 3511 omnia
1214 3455 1446 3525 sumpsit
1462 3470 1527 3512 ex
1557 3455 1791 3527 propriis
1814 3455 2193 3530 originalibus,
2221 3455 2322 3514 sed

718 3545 896 3603 multa
929 3560 997 3601 ex
1033 3544 1433 3618 antiquioribus
1459 3543 1727 3617 decretis,
1758 3560 1857 3602 seu
1885 3545 2314 3619 collectoribus3

719 3642 776 3692 et
810 3636 887 3692 ita
926 3633 1085 3691 facile
1121 3636 1301 3707 potuit
1327 3633 1573 3707 deceptio
1619 3640 1675 3693 et
1712 3636 1944 3692 mutatio
1981 3636 2128 3709 lieri,
2159 3651 2320 3708 prae-

718 3726 909 3783 sertim
938 3726 990 3783 in
1014 3723 1321 3781 nominibus
1348 3731 1667 3783 auctorum·
1693 3727 1833 3782 Item
1861 3726 1915 3784 in
1940 3724 2166 3784 decreto
2191 3742 2318 3799 gre·

718 3815 943 3887 goriano
966 3816 1137 3873 multa
1156 3814 1443 3873 emendata
1464 3816 1961 3889 sunt.Quapropter
1978 3816 2319 3877 consulenda

717 3922 933 3979 semper
954 3912 1088 3964 sunt
1108 3906 1421 3981 originalia3
1463 3906 1686 3980 quando
1710 3921 1839 3963 vero
1866 3907 2001 3965 baec
2025 3923 2135 3965 non
2165 3908 2314 3965 inve·

716 4001 972 4065 niuntur,
1012 3996 1407 4069 inspiciendum
1427 4005 1533 4070 est,
1560 4013 1631 4055 an
1660 3998 1787 4055 talia
1812 3997 2036 4057 decreta
2064 4015 2172 4055 usu
2208 3998 2316 4057 sal·

715 4094 828 4146 tem
871 4094 929 4143 et
966 4086 1365 4146 consuetudine
1394 4088 1503 4145 sint
1538 4094 1793 4162 recepta,
1822 4088 1910 4145 vel
1938 4089 1991 4147 in
2028 4088 2149 4147 aliis
2187 4104 2313 4148 cer-

714 4178 947 4236 tioribus
987 4175 1225 4235 decretis
1264 4179 1613 4255 confirmata,
1643 4178 1843 4255 alioqui
1882 4178 1951 4238 ad
1992 4180 2079 4238 ius
2104 4182 2314 4240 consti·

717 4268 983 4328 tuendum
1010 4284 1122 4328 non
1150 4268 1446 4329 sufficient.

1317 4446 1595 4520 CAPUT
1624 4446 1740 4519 VI.

800 4646 969 4721 Quae
994 4646 1463 4711 communitates,
1489 4638 1593 4703 sea
1624 4644 2315 4720 conpreqationesaecele·

715 4738 1001 4795 siasticae
1020 4734 1281 4795 habeant
1290 4740 1643 4814 potestatem
1662 4734 1952 4795 condendi
1969 4734 2140 4816 loyes.

1270 4934 1753 5000 summarium

721 5120 771 5175 i.
798 5121 869 5173 Dc
903 5120 1123 5173 concilio
1157 5119 1435 5185 tripliciter
1469 5124 1837 5188 spectato—2.
1872 5124 2036 5190 Leges
2069 5130 2311 5182 concilio-

787 5206 903 5243 rum
924 5205 1023 5243 non
1046 5192 1277 5255 obligant
1301 5193 1412 5242 sine
1444 5192 1823 5247 confirmatione
1849 5197 2135 5251 pontificis:
2165 5206 2307 5265 patet

788 5276 853 5315 ex
870 5263 1238 5318 traditione.—
1254 5264 1534 5319 Concilium
1556 5275 1922 5333 tongregatum
1945 5272 2045 5324 sub
2067 5271 2308 5325 obedien·

2205 335 2408 387 LIBER
2435 337 2530 387 lv.

2479 470 2550 519 tia
2567 470 2827 525 Pontificis
2843 488 2944 528 non
2965 474 3122 529 habet
3142 478 3434 532 immediate
3449 494 3513 533 ex
3530 484 3648 534 iure
3664 482 3843 535 divino
3861 485 4022 536 iuris·

2476 539 2756 595 dictionem
2791 546 2844 595 in
2880 553 3040 599 totam
3062 549 3363 603 Ecclesiam.
3383 580 3454 591 —
3471 554 3525 605 3.
3553 555 3622 604 De
3655 556 3882 607 concilio
3903 557 4022 607 sine

2476 610 2608 675 Papa
2633 620 2722 663 aut
2749 615 2936 678 legatis
2958 620 3091 670 eius.
3115 649 3184 658 —
3200 622 3254 672 4.
3283 622 3352 673 De
3375 625 3594 675 concilio
3615 632 3848 689 tempore
3881 626 4022 677 sehi-

2476 683 2800 735 smatis.—-5.
2819 687 3099 753 Collegium
3119 691 3474 757 cardinalium,
3497 704 3710 746 vacante
3730 696 3874 759 sede,
3895 698 4019 747 nnl-

2475 752 2551 803 las
2574 760 2743 817 potest
2765 756 2906 808 ferre
2939 760 3080 823 leges
3104 762 3394 825 obligantes
3427 770 3589 815 totam
3611 766 3916 818 Ecclesiam.
3941 794 4018 804 ——

2475 822 2526 873 6.
2555 822 2626 873 De
2649 828 2883 879 conciliis
2913 830 3218 883 minoribus·
3237 860 3311 871 —-·
3329 835 3379 885 Ἰ.
3411 835 3482 886 De
3514 835 3849 889 inferioribus
3871 851 4017 889 com-

2472 894 2833 948 munitatibus.
2853 926 2922 937 —
2939 899 3134 952 Minora
3157 903 3433 969 quaedam,
3460 918 3592 971 quae
3617 908 3780 957 solum
3817 908 3884 957 ad
3918 908 4018 959 bo-

2475 978 2598 1014 num
2621 966 2850 1018 ordinem
2874 976 2927 1020 et
2963 972 3191 1035 regimen
3217 976 3431 1037 capituli
3469 978 3764 1041 pertinent,
3789 986 4014 1042 possunt

2472 1034 2661 1098 abipso
2677 1038 2903 1101 capitulo
2913 1042 3073 1091 statui
3090 1044 3284 1107 absque
3292 1045 3675 1099 confirmatione
3683 1048 4016 1113 episcopi.—

2473 1104 2527 1155 8.
2557 1106 2628 1155 De
2649 1108 2938 1160 studiorum
2974 1114 3420 1167 universitatibus.
3443 1144 3516 1155 —
3531 1118 3586 1169 9.
3613 1119 3906 1170 communis
3927 1130 4017 1169 est

2473 1179 2750 1241 sententia,
2776 1194 2923 1244 posse
2947 1184 3231 1247 capitulum
3254 1186 3397 1249 leges
3421 1188 3642 1241 condere
3664 1189 4016 1253 episcopales,

2469 1259 2602 1311 quae
2634 1249 2894 1313 obligent,
2923 1250 3083 1305 donec
3118 1264 3426 1308 revocentur
3451 1260 3517 1309 ab
3550 1260 3791 1324 episcopo
3827 1272 4015 1310 succe·

2471 1317 2825 1371 dente.-10.
2853 1321 3085 1374 Secunda
3117 1328 3572 1392 sementim—11.
3599 1330 4015 1381 communitates

2470 1387 2740 1441 inferiores
2773 1393 3156 1445 ecclesiasticae
3179 1398 3384 1460 quando
3419 1408 3634 1463 possunt
3658 1400 3800 1450 ferre
3837 1401 4014 1463 leges,

2467 1458 2672 1522 quando
2680 1473 2778 1511 non
2799 1466 3192 1526 possum—12.
3208 1468 3278 1517 De
3297 1468 3836 1532 Religionibus—13.
3849 1470 3893 1519 N
3896 1472 4010 1521 ulla

2467 1528 2531 1579 de
2555 1530 2672 1579 iure
2693 1530 2831 1582 facta
2864 1540 2944 1585 est
2968 1534 3226 1599 delegatio
3263 1540 3534 1602 potestatis
3557 1541 3732 1605 legum
3766 1540 4013 1591 ferenda-

2468 1613 2603 1661 rum,
2625 1601 2748 1652 licet
2771 1617 2872 1654 non
2896 1612 3148 1671 repugnet
3172 1608 3423 1674 delegari,
3441 1624 3590 1661 secus
3615 1612 3816 1661 veroin
3843 1617 4010 1662 totam

2466 1668 2746 1723 Ecclesiam
2762 1672 2888 1725 haec
2913 1682 3141 1739 potestas
3161 1678 3273 1729 sine
3292 1682 3502 1744 speciali
3521 1682 3891 1745 approbatione
3911 1683 4011 1733 Pa-

2463 1754 2580 1806 pae,
2606 1741 2746 1795 sicut
2769 1758 2866 1795 nec
2889 1753 3118 1809 potestas
3139 1748 3438 1815 definiendi,
3463 1757 3636 1816 potest
3655 1750 3910 1817 delegari.

2479 1904 2528 1961 1.
2557 1902 2800 1963 Primum
2822 1905 3008 1965 locum
3027 1907 3171 1968 inter
3193 1908 3292 1967 has
3312 1911 3736 1971 communitates
3747 1926 3852 1971 seu
3871 1928 4010 1971 con·

2393 1993 2735 2066 gregationes
2773 1996 2934 2055 habet
2969 2000 3229 2073 generale
3261 2000 3588 2075 concilium,
3627 2002 3779 2077 quod
3817 2002 4010 2061 tribus

2394 2082 2571 2141 modis
2598 2086 2940 2145 considerari
2965 2096 3175 2162 potest:
3207 2096 3384 2165 primo
3411 2102 3478 2153 ut
3505 2110 3785 2153 summum
3812 2094 4008 2153 Ponti·

2393 2175 2554 2233 ficem
2582 2179 2944 2249 personaliter
2969 2180 3168 2239 babeat
3201 2190 3578 2257 praesentem,
3609 2187 3772 2244 cuius
3799 2192 4004 2243 aucto·

2392 2265 2558 2325 ritate
2603 2273 2659 2324 et
2703 2278 3101 2344 congregatum
3147 2274 3254 2346 sit,
3297 2281 3356 2333 et
3398 2275 3706 2351 procedat;
3749 2276 4007 2336 secundo

2393 2356 2542 2429 quod
2583 2356 2782 2417 habeat
2819 2354 3201 2422 auctoritatem
3241 2367 3418 2438 Papae
3457 2382 3556 2439 per
3594 2366 3806 2441 legatos
3843 2384 4011 2441 prae-

2393 2454 2604 2521 sentes,
2628 2465 2736 2506 uon
2765 2457 2944 2509 tamen
2975 2469 3297 2528 personam3
3331 2456 3514 2529 tertio,
3539 2464 3606 2515 ut
3629 2458 3850 2516 omnino
3877 2458 4005 2517 sine

2392 2539 2660 2597 Pontifice
2699 2541 2791 2599 sit.
2822 2544 2898 2599 De
2939 2544 3116 2614 primo
3143 2561 3233 2603 res
3271 2553 3360 2603 est
3385 2563 3482 2620 per
3523 2562 3582 2605 se
3607 2555 3757 2621 nota,
3787 2548 3926 2622 quia
3955 2550 4004 2605 si

2390 2628 2546 2687 solus
2565 2632 2713 2703 Papa
2731 2638 2917 2703 potest
2934 2632 3076 2691 ferre
3096 2634 3244 2709 leges
3265 2652 3366 2709 pro
3389 2639 3646 2697 universa
3663 2638 3950 2711 Ecclesia,
3969 2655 4003 2697 a

2388 2718 2603 2778 fortiori
2624 2722 2826 2794 poterit
2850 2724 3014 2781 simul
3045 2741 3176 2783 cum
3197 2728 3437 2786 concilio
3457 2728 3720 2803 generali;
3739 2736 3800 2787 et
3823 2731 4001 2789 huius

2389 2812 2468 2868 rei
2493 2813 2806 2886 exemplum
2836 2813 3100 2873 habemus
3125 2820 3316 2876 Actor.
3356 2823 3453 2891 15,
3485 2826 3552 2878 ut
3577 2836 3746 2893 supra
3781 2824 4004 2879 notavi·

2389 2918 2534 2959 mus.
2565 2906 2642 2963 De
2682 2906 2927 2965 secundo
2965 2909 3128 2965 etiam
3167 2910 3406 2968 concilio
3445 2910 3492 2967 si
3531 2927 3561 2967 a
3603 2912 3744 2983 Papa
3799 2918 4001 2983 postea

2388 2996 2774 3075 confirmatum
2801 2999 2906 3072 sit,
2937 3004 3023 3057 est
3049 3000 3210 3057 etiam
3237 3000 3584 3060 manifestum
3609 3001 3814 3061 babere
3837 3018 3996 3061 eam·

2380 3076 2513 3143 'dem
2543 3093 2870 3160 potestatem
2903 3098 3128 3163 propter
3157 3090 3410 3149 eamdem
3429 3094 3721 3166 rationem,
3741 3100 3804 3151 et
3820 3092 4000 3152 huius

2384 3176 2462 3232 rei
2501 3178 2812 3251 exemplum
2859 3178 3124 3237 babemus
3177 3180 3290 3239 fere
3335 3182 3388 3239 in
3434 3182 3692 3241 omnibus
3735 3184 3999 3242 conciliis

2385 3268 2734 3339 generalibus
2774 3278 2930 3329 extra
2955 3269 3161 3331 Urbem
3201 3271 3390 3347 factis,
3431 3280 3492 3334 et
3530 3276 3760 3333 maxime
3799 3276 3854 3333 in
3895 3277 3998 3334 tri·

2384 3354 2633 3415 dentino.

2461 3455 2520 3508 2.
2548 3448 2856 3509 Difficultas
2883 3457 3068 3511 autem
3093 3462 3201 3529 est,
3225 3472 3294 3512 an
3320 3454 3428 3513 hoc
3454 3458 3753 3517 concilium
3781 3455 3986 3517 babeat

2382 3546 2712 3613 potestatem
2753 3542 3028 3616 obligandi
3067 3560 3166 3617 per
3205 3561 3334 3604 suas
3379 3544 3552 3619 leges,
3595 3546 3922 3622 priusquam
3961 3566 3993 3606 a

2382 3632 2528 3704 Papa
2556 3632 2934 3690 confirmetur.
2967 3634 3148 3708 Aliqui
3175 3643 3433 3694 auctores
3461 3636 3760 3709 affirmant,
3789 3638 3992 3712 siguifi-

2381 3729 2476 3779 cat
2513 3722 2722 3780 Victor.
2749 3726 2805 3780 in
2843 3723 3034 3783 relect.
3065 3731 3124 3785 2.
3153 3724 3226 3783 de
3261 3730 3550 3802 potestate
3574 3729 3810 3804 Papae,
3829 3747 3890 3804 q.
3929 3732 3990 3803 1,

2380 3828 2440 3869 n.
2475 3816 2532 3883 6,
2562 3822 2620 3871 et
2646 3814 2763 3871 Sot.
2795 3815 2850 3871 in
2877 3820 2934 3885 4,
2965 3814 3094 3872 dist.
3126 3821 3222 3890 20,
3252 3833 3310 3892 q.
3349 3824 3399 3888 1,
3431 3826 3537 3878 art.
3571 3824 3626 3878 ⁴.
3660 3819 3732 3878 ad
3759 3825 3816 3880 2.
3841 3824 3988 3879 Sua-

2379 3903 2495 3961 deri
2535 3909 2742 3977 potest,
2775 3907 2902 3980 quia
2929 3907 3224 3966 concilium
3265 3907 3404 3966 illud
3443 3909 3609 3968 habet
3651 3910 3988 3971 infallibilem

2379 3995 2800 4070 auctoritatem3
2839 4012 2973 4071 ergo
3011 4005 3068 4055 et
3103 4014 3418 4070 supremam
3460 4006 3816 4073 potestatem.
3847 4005 3992 4062 item

2379 4088 2512 4160 quia
2537 4086 2668 4143 alias
2705 4087 2982 4160 superflue
3021 4097 3427 4149 convocaretur
3453 4090 3522 4149 ad
3556 4092 3708 4167 leges
3745 4095 3994 4153 conden-

2381 4175 2512 4251 das,
2543 4179 2678 4252 quia
2702 4175 2924 4235 tandem
2953 4178 3104 4237 solus
3139 4180 3382 4239 Pontifex
3409 4181 3530 4240 illas
3563 4182 3853 4243 conderet.
3883 4188 3992 4245 Ve-

2378 4268 2495 4326 rior
2516 4274 2700 4325 tamen
2727 4275 2914 4327 senten
2923 4269 2996 4326 tia
3015 4276 3121 4344 est,
3145 4269 3264 4327 illas
3286 4272 3436 4346 leges
3461 4288 3573 4331 non
3599 4276 3848 4350 obligare
3869 4279 3990 4335 sine

2379 4358 2794 4416 confirmatione
2834 4360 3034 4433 Papae.
3066 4361 3150 4418 lta
3185 4362 3354 4419 Caiet.
3385 4361 3594 4436 opusc.
3626 4364 3703 4425 de
3741 4382 3990 4444 compa-

2375 4450 2610 4506 ratione
2634 4450 2858 4523 Papae,
2895 4456 2950 4523 et
2977 4450 3186 4509 concil.
3217 4454 3569 4513 Turrecrem.
3601 4454 3698 4515 lib:
3729 4463 3790 4515 2.
3821 4462 3988 4519 Sum-

2378 4554 2533 4610 mae,
2564 4536 2689 4612 cap.
2724 4542 2828 4613 71,
2857 4542 3056 4599 Navar.
3089 4541 3182 4601 lib.
3222 4548 3270 4602 t.
3302 4545 3500 4603 consil.
3533 4546 3621 4604 tit.
3653 4548 3722 4606 de
3751 4552 3982 4608 constit.

2376 4628 2573 4713 consil.
2613 4636 2664 4701 1,
2696 4645 2751 4686 n.
2777 4634 2835 4689 4.
2863 4631 3022 4699 Quod
3049 4632 3388 4691 sufficienter
3415 4636 3688 4708 probatur
3709 4648 3981 4713 perpetua

2375 4718 2670 4777 traditione
2702 4727 2758 4777 et
2793 4720 3170 4779 observatione
3209 4724 3574 4785 conciliorum
3611 4730 3980 4803 generalium

2376 4825 2594 4882 semper
2609 4809 2754 4867 enim
2775 4812 3240 4871 confirmationem
3263 4830 3296 4873 a
3316 4816 3576 4875 Pontifice
3599 4820 3980 4895 postularunt,

2373 4906 2430 4957 et
2459 4906 2620 4959 antea
2647 4918 2752 4959 non
2781 4902 3154 4961 censebantur
3178 4904 3382 4964 babere
3407 4908 3517 4965 vim
3555 4909 3836 4985 obligandi
3861 4916 3984 4972 suis

2373 4988 2586 5065 legibus
2611 5032 2628 5066 ,
2678 5007 2780 5049 nec
2831 4994 3084 5051 universe
3121 4996 3178 5052 in
3235 4995 3486 5055 Ecclesia
3538 5002 3980 5073 recipiebantur.

2373 5079 2532 5151 Quod
2553 5084 2598 5139 si
2623 5082 2913 5157 aliquando
2939 5086 3240 5160 provincia,
3263 5088 3348 5144 vel
3373 5088 3610 5149 ecclesia
3638 5093 3825 5169 aliqua
3853 5110 3984 5168 par·

2371 5172 2621 5230 ticularis
2649 5182 2774 5232 ante
2800 5176 3270 5235 confirmationem
3298 5177 3537 5238 admittit
3562 5182 3733 5241 talem
3775 5186 3980 5261 legem,

2369 5264 2427 5324 id
2461 5265 2598 5325 facit
2622 5264 2707 5326 vel
2746 5273 3066 5344 spontanee,
3093 5267 3272 5329 velex
3311 5270 3636 5345 particulari
3671 5288 3982 5355 praecepto
