4325 6267
1763 336 1975 389 carm
2002 334 2206 387 xvm.
3393 320 3520 385 369

320 470 737 544 praeceptum,
766 475 823 529 et
850 468 991 527 solet
1017 468 1211 527 reterri
1232 466 1430 525 Driedo
1458 462 1711 525 lib.2.de
1736 462 1929 521 libert.

330 556 647 615 christian.
681 573 809 631 cap.
850 563 897 617 1.
928 562 984 615 et
1008 562 1194 630 potest
1216 556 1409 614 referri
1436 556 1665 613 Navarr.
1690 558 1929 627 cap.23‚

327 660 387 703 ιι.
416 650 510 703 53.
542 648 605 703 Hi
636 647 779 705 enim
807 648 1129 705 Caietanum
1154 647 1211 702 in
1237 647 1465 703 Summa
1492 649 1827 715 sequuntur.

411 734 629 795 Veritas
656 751 791 809 ergo
833 742 951 807 est,
980 728 1429 809 distinguendum
1456 747 1577 790 esse
1604 732 1671 791 de
1710 744 1933 789 excom·

331 822 701 881 munientione
728 823 982 897 serenda3
1014 840 1141 881 nam
1170 822 1465 896 dupliciter
1492 822 1699 895 imponi
1724 826 1928 894 potest.

328 912 513 971 Primo
544 919 611 971 ut
636 912 722 971 lex
750 913 1119 974 sufficientem
1147 913 1497 971 monitionem
1526 911 1828 982 contineat,
1858 911 1935 967 ita

329 1007 392 1058 ut
418 1017 522 1075 pro
552 1001 699 1061 illius
726 1002 1159 1078 transgressione
1199 1002 1383 1059 statim
1410 1003 1528 1057 sine
1557 1001 1660 1058 alia
1699 998 1931 1057 hominis

328 1090 701 1149 admonitione
742 1090 1449 1165 possittexcommunicatio
1478 1090 1651 1148 maior
1670 1089 1724 1147 in
1752 1096 1931 1146 trans-

325 1195 613 1253 gressores
639 1181 787 1239 ferri.
814 1182 885 1239 Et
909 1188 1042 1238 tunc
1061 1180 1408 1239 verissimum
1430 1185 1535 1249 est,
1557 1178 1935 1236 excommuni-

334 1269 611 1328 cationem
640 1272 721 1327 sic
750 1268 1051 1343 serendam,
1084 1284 1207 1327 esse
1232 1268 1450 1343 signum
1477 1268 1613 1343 legis
1648 1266 1935 1341 obligantis

330 1359 439 1416 sub
460 1359 701 1431 mortali,
716 1362 846 1433 quia
858 1360 905 1415 si
926 1366 1305 1433 transgressor
1325 1363 1506 1431 potest
1520 1358 1703 1415 stetim
1716 1370 1935 1415 excom-

330 1449 627 1522 municari,
641 1448 969 1522 supponitur
988 1462 1253 1521 peccasse
1264 1446 1633 1505 mortaliterin
1652 1446 1933 1503 illatrans·

328 1538 636 1617 gressione;
654 1554 789 1612 ergo
819 1538 1153 1611 supponitur
1178 1536 1263 1595 lex
1290 1536 1536 1611 obligare
1560 1535 1666 1593 sub
1692 1535 1929 1593 mortali.

328 1629 401 1686 Et
426 1628 535 1685 hoc
561 1628 729 1685 etiam
754 1629 1002 1685 sentiunt
1026 1631 1315 1699 auctores,
1342 1626 1440 1699 qui
1480 1624 1733 1683 absolute
1758 1630 1817 1682 et
1854 1624 1933 1682 in-

326 1717 590 1775 distincte
616 1716 843 1789 dicunt,
866 1715 1453 1774 excommunicationis
1481 1730 1711 1788 poenam
1733 1728 1832 1787 per
1859 1711 1934 1770 le·

326 1821 454 1879 gem
480 1806 799 1878 impositam
827 1820 951 1863 esse
978 1805 1195 1879 signum
1221 1804 1570 1879 obligationis
1598 1804 1704 1862 sub
1730 1808 1934 1861 morta·

326 1894 393 1964 li,
425 1901 490 1954 ut
514 1901 647 1953 sunt
668 1894 867 1954 nediu.
896 1893 1035 1952 dict.
1068 1910 1124 1953 c.
1160 1898 1212 1954 7.
1246 1892 1319 1952 de
1345 1897 1526 1951 teian.
1559 1894 1755 1952 Castro
1792 1892 1928 1952 dict.

324 1999 455 2057 cap.
486 1990 541 2044 5.
571 1984 644 2043 de
670 1984 796 2059 leqe
819 1982 1087 2061 poenali,
1123 1983 1215 2043 lib.
1250 1988 1301 2057 1,
1329 1991 1386 2041 et
1410 1985 1605 2042 Covar.
1652 1984 1706 2040 in
1742 1982 1935 2057 regula

318 2079 665 2149 peccatum,
699 2090 757 2148 p.
787 2079 847 2146 2,
874 2073 1029 2132 dicto
1056 2074 1083 2145 ἓ
1112 2080 1167 2147 5,
1194 2088 1255 2132 ιι.
1291 2077 1347 2147 3,
1376 2080 1434 2131 et
1456 2076 1687 2133 Navarr.
1720 2075 1935 2147 Suppo-

324 2170 470 2221 nunt
494 2166 641 2221 snlm
670 2162 723 2220 bi
751 2170 1036 2235 auctores,
1062 2163 1649 2222 excommunicationis
1670 2178 1810 2221 voce
1837 2162 1933 2220 ab·

327 2252 510 2311 solute
528 2253 799 2326 prolatam
821 2268 921 2325 pro
950 2252 1141 2311 maiori
1164 2253 1329 2325 sumi,
1357 2260 1420 2311 ut
1448 2259 1667 2313 constat
1686 2270 1754 2312 ex
1784 2256 1926 2322 iure3

326 2346 384 2399 et
410 2348 549 2399 tunc
591 2342 788 2401 dicunt
827 2341 959 2399 ferri
999 2357 1099 2415 per
1124 2341 1333 2417 legem,
1379 2341 1601 2416 quando
1642 2342 1762 2401 sola
1798 2342 1933 2416 legis

330 2435 701 2504 transgressio
741 2430 949 2489 sufficit
982 2432 1052 2489 ad
1091 2430 1238 2488 illam
1267 2430 1642 2504 subeundam,
1672 2432 1789 2488 sive
1828 2444 1928 2504 per

327 2518 507 2593 legem
536 2521 714 2593 ipsam
742 2522 931 2579 statim
956 2519 1257 2588 inseratur,
1309 2521 1421 2577 sive
1456 2536 1556 2593 per
1596 2520 1843 2579 homines
1862 2536 1932 2578 ex

327 2610 381 2665 vi
411 2610 867 2683 transgressionis
886 2609 1061 2683 legis:
1093 2608 1231 2666 haec
1250 2608 1395 2666 enim
1416 2608 1705 2667 diversitas
1734 2625 1929 2683 parum

326 2698 399 2756 ad
442 2714 705 2771 praesens
742 2699 950 2771 refert,
991 2699 1117 2772 quia
1158 2699 1211 2755 in
1252 2705 1484 2774 utroque
1530 2698 1694 2758 modo
1730 2716 1933 2785 suppo:-

332 2788 514 2846 nenda
552 2790 865 2847 necessario
912 2794 1001 2847 est
1040 2788 1287 2847 mortalis
1314 2789 1510 2863 culpa,
1550 2796 1613 2847 ut
1650 2788 1776 2847 talis
1802 2804 1933 2849 cen·

328 2893 462 2937 sura
490 2878 779 2937 inseratur.

408 2968 529 3025 Alio
568 2984 701 3026 vero
741 2967 907 3026 modo
955 2974 1135 3041 potest
1178 2969 1679 3027 excommunicatio
1727 2969 1935 3042 imponi

328 3072 428 3131 per
455 3058 652 3131 legem,
676 3071 821 3132 quae
841 3072 950 3115 non
978 3056 1161 3115 solum
1178 3072 1289 3115 non
1318 3057 1512 3116 inierat
1531 3058 1684 3116 illam
1713 3058 1829 3131 ipso
1857 3057 1933 3114 ia-

328 3154 661 3221 cto,verum
676 3146 839 3204 etiam
862 3161 963 3203 nec
984 3146 1323 3205 sufficienter
1336 3146 1628 3207 admoneat
1644 3146 1932 3205 'subditum

331 3236 389 3292 in
410 3235 605 3295 ordine
626 3234 695 3293 ad
719 3235 881 3293 talem
903 3250 1222 3309 censuram,
1246 3235 1343 3292 sed
1368 3236 1545 3309 potius
1567 3236 1815 3309 requirat
1838 3252 1931 3293 su-

330 3325 563 3399 perioris
592 3324 1045 3399 admonitionem,
1074 3330 1140 3383 ut
1167 3324 1211 3382 si
1238 3330 1365 3397 post
1392 3324 1541 3382 illam
1568 3323 1826 3381 subditus
1854 3324 1935 3381 le·

328 3417 413 3489 gis
434 3422 815 3491 transgressor
835 3412 1017 3472 adhuc
1046 3420 1347 3472 contumax
1372 3415 1465 3485 sit,
1488 3414 1933 3472 excommunice-

328 3511 445 3561 tur.
463 3505 537 3563 Et
556 3510 692 3561 tunc
712 3503 1211 3561 excommunicatio
1232 3504 1311 3560 sic
1334 3501 1557 3561 serenda
1578 3518 1687 3561 non
1710 3509 1797 3561 est
1818 3502 1937 3560 sui-

326 3594 515 3651 ficiens
536 3595 757 3668 signum
778 3592 1127 3667 obligationis
1147 3592 1279 3667 legis
1308 3608 1407 3665 per
1433 3608 1492 3651 se
1531 3598 1810 3665 spectatae
1830 3593 1935 3650 sub

327 3684 585 3757 mortali,
616 3685 743 3757 quia
768 3683 885 3740 fieri
910 3688 1123 3757 potest,
1152 3687 1217 3740 ut
1244 3690 1367 3741 ante
1399 3684 1748 3740 monitionem
1777 3698 1939 3757 prae-

326 3774 420 3832 lati
443 3771 570 3831 talis
591 3773 961 3846 transgressio
984 3786 1091 3829 non
1114 3774 1185 3830 sit
1207 3778 1502 3845 peccatum
1526 3773 1778 3831 mortale.
1798 3774 1935 3831 Nam

328 3863 463 3921 licet
500 3864 876 3922 necessarium
916 3861 1009 3934 sit,
1042 3868 1105 3918 ut
1142 3868 1267 3934 post
1306 3862 1665 3920 monitionem
1704 3862 1932 3935 praelati

327 3952 682 4011 contumacia
700 3952 756 4008 in
772 3951 869 4009 tali
896 3950 1333 4024 transgressione
1356 3950 1429 4007 sit
1453 3957 1751 4022 peccatum
1781 3966 1933 4008 mor·

330 4043 475 4117 tale,
506 4049 573 4099 ut
598 4048 977 4116 transgressor
1012 4040 1086 4098 sit
1116 4041 1685 4098 excommunicatione
1712 4039 1933 4115 dignus,

325 4132 680 4191 nihilominus
720 4146 831 4188 non
869 4136 1051 4203 potest
1088 4129 1212 4187 inde
1252 4128 1477 4203 colligi,
1520 4128 1698 4203 legem
1738 4146 1839 4203 per
1878 4145 1939 4189 se

330 4228 637 4295 spectatam
665 4220 909 4293 obligare
938 4218 1045 4277 sub
1072 4216 1321 4290 mortali,
1350 4219 1479 4292 quia
1508 4218 1746 4277 multum
1772 4233 1941 4293 auge·

332 4316 431 4369 tur
451 4310 620 4384 culpa
640 4324 709 4367 ex
736 4306 1093 4365 inobedientia
1112 4313 1170 4364 et
1190 4306 1545 4364 contumacia
1568 4314 1765 4365 contra
1784 4322 1942 4379 prae-

332 4399 427 4459 lati
448 4399 830 4458 monitionem:
857 4394 1089 4454 includit
1106 4397 1253 4453 enim
1274 4396 1539 4453 maiorem
1559 4401 1939 4468 contemptum

331 4504 443 4547 non
465 4487 648 4547 solum
670 4487 825 4560 legis,
840 4483 937 4543 sed
956 4484 1119 4543 etiam
1140 4484 1461 4559 superioris,
1485 4500 1583 4557 per
1603 4499 1769 4558 quem
1791 4500 1942 4543 com·

332 4580 522 4653 pletur
558 4592 735 4636 causa
765 4574 889 4633 talis
926 4575 1539 4633 excommunicationis.
1572 4576 1641 4632 Et
1679 4574 1815 4634 haec
1843 4576 1947 4634 suit

332 4681 491 4727 mens
520 4665 763 4725 Caietani
789 4664 915 4722 loco
942 4664 1145 4733 citato,
1174 4665 1334 4721 etita
1360 4664 1526 4722 etiam
1552 4666 1813 4739 exposuit
1837 4667 1945 4724 Na·

333 4774 483 4816 varr.
491 4763 546 4815 et
568 4757 683 4814 sine
704 4753 873 4811 dubio
887 4752 1013 4809 nibil
1028 4751 1175 4810 aliud
1192 4734 1361 4810 sensit
1375 4754 1591 4811 Driedo.
1598 4753 1827 4822 Quando
1846 4770 1945 4812 au-

334 4855 448 4907 tem
464 4848 721 4922 iex,quae
742 4844 978 4916 imponit
996 4842 1619 4901 excommunicationem
1637 4841 1942 4915 serendam,

335 4938 590 5011 requirat
608 4940 802 5008 postea
828 4932 1061 4991 hominis
1082 4934 1455 5005 monitionem,
1481 4932 1565 4990 vel
1592 4932 1741 4991 illam
1763 4950 1862 5007 per
1882 4950 1943 4992 se

338 5029 530 5100 saciat,
548 5026 677 5084 licet
697 5022 921 5098 quidam
950 5020 1139 5080 dicant
1163 5036 1449 5095 nunquam
1468 5023 1750 5096 requirere
1773 5023 1947 5081 moni-

338 5119 539 5177 tionem
568 5113 842 5187 bominis,
873 5113 975 5169 nisi
1001 5112 1107 5169 hoc
1136 5111 1435 5187 exprimat,
1476 5126 1580 5185 ego
1612 5113 1948 5170 contrariam

336 5205 590 5284 regulam
616 5209 859 5262 statuere
896 5200 1049 5259 soleo
1076 5240 1093 5274 ,
1136 5207 1201 5258 ut
1225 5200 1443 5275 semper
1482 5201 1604 5261 talis
1631 5202 1718 5261 lex
1756 5200 1949 5262 intelli·

456 5320 655 5369 §tuan
669 5348 681 5369 .
710 5316 771 5363 De
788 5314 977 5373 Leuibus
991 5334 1049 5349 —
1064 5312 1172 5360 Pars
1189 5312 1228 5361 1.

2000 462 2179 536 genda
2209 462 2300 535 sit,
2325 460 2620 521 monitione
2651 458 2972 532 praemissa,
2996 458 3096 517 nisi
3125 457 3268 517 illam
3294 465 3480 533 aperte
3506 476 3602 518 ex-

2000 550 2209 608 cludat.
2231 551 2370 609 Tum
2398 551 2527 624 quia
2547 550 2634 609 hic
2663 565 2859 607 sensus
2879 549 3059 607 mitior
3085 556 3194 621 est,
3219 555 3276 607 ει
3301 549 3419 609 ideo
3444 565 3600 623 prae-

1999 640 2258 698 ferendus
2280 642 2332 699 in
2352 641 2470 714 lege
2491 640 2722 713 poenali3
2740 647 2860 697 tum
2879 640 3066 710 etiam,
3082 641 3214 714 quia
3231 645 3319 698 est
3339 640 3442 699 iuri
3465 654 3602 697 con-

2005 729 2253 803 formior,
2279 732 2412 804 quia
2437 731 2936 787 excommunicatio
2965 730 3325 803 praerequirit
3350 730 3604 789 monitio-

2002 835 2125 877 nem
2166 820 2434 893 homiuis,
2463 819 2680 895 quando
2710 819 2796 877 lex
2835 817 2987 877 illam
3015 833 3272 891 expresse
3301 834 3412 875 non
3455 818 3603 894 lacit,

2000 914 2121 966 tum
2148 910 2282 983 quia
2307 911 2460 967 iusta
2487 924 2837 966 communem
2865 924 3030 966 usum
3061 908 3132 965 ita
3160 906 3416 965 videntur
3445 908 3608 965 intel-

2000 996 2093 1070 ligi
2133 997 2336 1055 similes
2373 997 2826 1055 comminationes
2863 998 3071 1070 legum.
3103 998 3174 1053 Et
3211 995 3316 1053 hoo
3346 995 3600 1054 videntur

2002 1104 2318 1161 supponere
2345 1095 2601 1147 auctores
2629 1087 2823 1160 prioris
2851 1088 3152 1144 sententiae
3171 1128 3189 1158 ‚
3217 1093 3276 1143 et
3301 1085 3421 1143 ideo
3447 1084 3604 1143 dixe-

2000 1183 2153 1247 runt,
2180 1194 2249 1236 ex
2270 1179 2323 1235 vi
2345 1178 2467 1236 talis
2488 1192 2760 1237 censurae
2782 1192 2892 1234 non
2913 1176 3044 1233 satis
3064 1174 3246 1250 colligi
3267 1175 3442 1249 legem
3471 1174 3608 1232 obli-

1998 1281 2130 1341 gare
2161 1283 2258 1341 per
2285 1283 2344 1325 se
2371 1266 2475 1325 sub
2503 1267 2759 1338 mortali,
2789 1266 2980 1338 utique
3008 1264 3337 1339 regulariter
3377 1266 3608 1339 loquen-

2000 1354 2071 1413 do
2089 1399 2104 1426 ,
2132 1363 2190 1415 et
2217 1356 2318 1414 nisi
2344 1356 2433 1415 lex
2457 1358 2575 1429 ipsa
2603 1354 2880 1428 declaret,
2912 1361 2974 1413 ut
2999 1357 3500 1415 excommunicatio
3530 1355 3610 1413 se·

2001 1451 2184 1519 ratur,
2213 1445 2366 1503 nulla
2390 1445 2500 1503 alia
2525 1445 2897 1503 admonitione
2924 1446 3250 1517 praemissa.

2079 1541 2136 1595 4.
2173 1538 2254 1594 Ex
2282 1537 2328 1593 is
2355 1543 2607 1607 constat,
2638 1534 2769 1609 quid
2799 1532 3096 1592 dicendum
3126 1536 3201 1591 sit
3232 1532 3300 1591 de
3329 1534 3444 1593 aliis
3472 1534 3608 1593 dua-

2000 1625 2105 1683 bus
2125 1627 2402 1696 censuris,
2420 1624 2797 1697 suspensione,
2833 1631 2890 1681 et
2915 1624 3227 1682 interdicto.
3243 1625 3609 1703 Castroenim

2001 1721 2063 1773 et
2088 1713 2302 1773 Hedina
2341 1712 2592 1771 absolute
2617 1719 2840 1787 negant,
2871 1712 2971 1770 bas
3009 1712 3152 1771 duas
3182 1728 3448 1772 censuras
3485 1728 3613 1773 esse

2001 1804 2224 1879 signum
2272 1803 2556 1863 sufficiens
2595 1804 3050 1877 transgressionis
3085 1802 3365 1878 mortalis,
3395 1810 3451 1862 et
3477 1794 3628 1862 con·'

2001 1902 2300 1970 sequenter
2353 1908 2456 1953 neo
2503 1894 2842 1967 obligationis
2881 1893 3036 1967 legis.
3077 1892 3428 1951 Contrarium
3476 1908 3610 1951 vero

1999 1991 2230 2044 censent
2254 1984 2445 2059 Augei.
2479 1983 2636 2059 sylv.
2661 1982 2852 2041 Armil.
2876 1988 2932 2040 et
2957 1982 3070 2041 alii.
3100 1984 3220 2058 Ego
3249 1999 3380 2041 vero
3407 1986 3464 2041 in
3492 2000 3612 2041 ma-

1955 2092 1961 2099 ·
2001 2076 2136 2135 teria
2163 2076 2232 2135 de
2263 2076 2622 2149 suspensione
2647 2072 2870 2131 distinxi
2897 2075 3315 2147 suspensionem
3341 2077 3399 2132 in
3437 2075 3612 2132 maio-

2002 2180 2119 2222 rem
2143 2175 2202 2222 et
2249 2166 2514 2223 minorem
2541 2163 2711 2221 instar
2746 2164 3353 2223 excommunicationis.
3385 2165 3441 2222 Si
3481 2178 3613 2237 ergo

2000 2255 2291 2328 suspensio
2317 2254 2388 2310 sit
2407 2254 2602 2324 maior,
2619 2251 2672 2308 id
2693 2258 2780 2309 est
2799 2252 3007 2325 totalis,
3035 2253 3115 2310 vel
3138 2252 3380 2326 partialis
3401 2268 3434 2309 a
3454 2252 3612 2327 gravi

2000 2342 2185 2417 aliquo
2213 2356 2472 2411 munere,
2503 2356 2606 2399 seu
2644 2340 2862 2415 officio,
2893 2344 3112 2415 signum
3139 2348 3224 2399 est
3262 2346 3446 2417 gravis
3475 2341 3613 2401 obli·

1998 2436 2238 2506 gationis
2255 2474 2272 2507 ,
2305 2440 2363 2490 et
2391 2430 2495 2489 sub
2523 2431 2762 2502 mortali,
2791 2432 2925 2505 quia
2949 2437 3060 2490 tam
3087 2432 3266 2506 gravis
3294 2448 3471 2506 poena
3497 2446 3612 2489 non

2000 2519 2378 2594 imponeretur
2408 2521 2552 2579 iuste
2591 2527 2820 2593 propter
2848 2519 3304 2597 levem·culpam3
3335 2521 3382 2579 si
3420 2528 3609 2580 autem

2002 2614 2290 2685 suspensio
2323 2614 2394 2668 sit
2417 2610 2616 2683 minor,
2640 2616 2821 2683 potest
2847 2609 3121 2668 interdum
3143 2610 3358 2668 incurri
3386 2616 3614 2684 propter

2000 2700 2178 2759 levem
2192 2700 2440 2775 culpam,
2455 2700 2606 2758 etita
2621 2715 2731 2757 non
2747 2706 3065 2772 potestesse
3086 2700 3373 2758 sufficiens
3389 2702 3610 2777 signum

2000 2789 2345 2864 obligationis
2377 2788 2483 2846 sub
2522 2788 2762 2846 mortali.
2792 2786 3053 2872 Idemque
3083 2804 3212 2847 cum
3253 2792 3612 2865 proportione
3707 2844 3718 2849 -

1998 2878 2299 2936 dicendum
2332 2882 2417 2935 εει
2442 2876 2510 2935 de
2535 2876 2865 2951 interdicto,
2899 2894 3025 2936 nam
3053 2880 3106 2936 in
3130 2880 3221 2941 illo
3249 2882 3414 2940 etiam
3442 2881 3612 2941 babet

1999 2969 2190 3026 locum
2219 2965 2406 3025 similis
2431 2965 2710 3025 distinctio
2727 3008 2742 3039 ,
2773 2974 2840 3025 ut
2869 2982 2937 3025 ex
2963 2971 3186 3044 propria
3211 2974 3438 3030 materia
3477 2988 3614 3046 sup·

2000 3072 2168 3131 pono.
2199 3059 2420 3139 Loquor
2439 3063 2630 3114 autem
2650 3054 2718 3115 de
2738 3055 3031 3115 interdicto
3054 3067 3222 3131 prout
3241 3060 3404 3121 habet
3423 3077 3612 3120 veram

2000 3148 2268 3204 rationem
2296 3160 2504 3218 poenae
2535 3152 2790 3218 respectu
2811 3146 2953 3221 eius,
2978 3148 3073 3222 qui
3099 3147 3248 3207 dedit
3273 3167 3503 3209 causam
3529 3152 3614 3208 in·

2001 3236 2264 3295 terdieto:
2299 3238 2380 3293 sic
2415 3236 2560 3293 enim
2609 3251 2719 3293 non
2760 3236 3066 3309 imponitur
3093 3240 3210 3298 sine
3250 3242 3406 3315 gravi
3441 3240 3609 3314 culpa

2000 3326 2120 3383 eius
2150 3366 2166 3397 ,
2212 3326 2308 3403 qui
2363 3325 2725 3397 personaliter
2776 3332 2836 3383 et
2883 3326 3190 3399 specialiter
3241 3329 3610 3389 interdicitur.

2001 3416 2231 3474 Etiamsi
2289 3413 2600 3473 universale
2651 3413 3008 3473 interdictum
3063 3417 3240 3475 soleat
3290 3420 3611 3477 innocentes

2004 3502 2491 3579 comprehendere,
2513 3502 2644 3577 quia
2671 3518 2778 3561 non
2800 3511 2891 3562 est
2909 3506 3134 3579 propria
3152 3520 3330 3580 poena
3349 3515 3613 3581 respectu

2004 3595 2252 3667 illorum,
2283 3593 2378 3651 sed
2405 3592 2546 3651 illius
2564 3635 2579 3666 ‚
2607 3593 2706 3667 qui
2733 3591 2883 3651 dedit
2908 3608 3136 3653 causam
3159 3638 3175 3668 ,
3205 3601 3262 3654 et
3284 3612 3385 3670 per
3413 3613 3616 3672 quam-

2002 3682 2129 3741 dam
2156 3682 2607 3749 redundantiam,
2642 3688 2700 3738 et
2741 3681 3005 3740 moralem
3036 3683 3294 3742 unionem
3335 3684 3612 3744 redundat

2004 3775 2061 3831 in
2084 3773 2242 3830 alios:
2259 3770 2384 3829 inde
2399 3778 2578 3829 tamen
2599 3767 2904 3828 evidentius
2927 3771 3305 3847 concluditur,
3321 3789 3430 3832 non
3447 3790 3613 3850 posse
3721 3761 3730 3771 ⁹

2005 3863 2113 3922 tale
2152 3860 2510 3920 interdictum
2551 3860 2776 3933 imponi,
2819 3860 2920 3917 nisi
2959 3867 3187 3934 propter
3224 3878 3449 3937 gravem
3491 3863 3616 3922 cul-

2004 3966 2131 4025 pam
2158 3950 2414 4009 alicuius.
2437 3948 2679 4023 Denique
2707 3950 2864 4007 circa
2891 3949 3346 4025 irregularitatem
3375 3969 3484 4011 non
3511 3952 3612 4011 ha·

2005 4041 2101 4099 bet
2126 4040 2314 4099 locum
2343 4038 2562 4112 proprie
2590 4037 2723 4097 haec
2748 4037 3038 4115 doctrina,
3068 4042 3214 4116 quia·
3232 4042 3611 4118 irregularitas

2006 4146 2119 4187 non
2140 4136 2234 4193 est
2271 4144 2544 4200 censura3
2576 4127 2925 4187 nihilominus
2957 4136 3172 4204 tamen,
3205 4134 3332 4206 quia
3356 4140 3442 4191 est
3477 4150 3608 4207 gra-

2008 4222 2259 4292 vissima,
2283 4225 2338 4277 et
2365 4234 2468 4276 suo
2489 4217 2652 4276 modo
2677 4218 2998 4293 spiritualis,
3023 4222 3242 4295 signum
3262 4238 3384 4281 esse
3404 4238 3609 4283 censeo

2008 4308 2196 4383 gravis
2233 4307 2598 4381 obligationis,
2642 4306 2862 4382 quando
2903 4310 3146 4380 poenalis
3186 4318 3288 4369 εει.
3321 4314 3514 4387 Neque
3556 4314 3612 4371 in

2006 4396 2098 4456 illa
2124 4397 2290 4457 habet
2314 4396 2502 4455 locum
2523 4395 2612 4452 illa
2640 4395 2919 4454 distinctio
2947 4395 3014 4455 de
3043 4400 3236 4457 maiori
3259 4407 3357 4461 aut
3391 4404 3612 4477 minori3
3675 4392 3690 4398 ’

2012 4489 2196 4546 οιιιιιιε
2215 4486 2362 4545 ειιιιιι
2388 4485 2770 4559 irregularitas
2785 4485 3102 4559 simpliciter
3129 4488 3274 4561 talis,
3298 4493 3481 4563 gravis
3506 4498 3612 4565 est,

2012 4584 2068 4637 et
2094 4592 2263 4652 grave
2305 4576 2462 4634 afl'ert
2487 4581 2916 4649 nocumentum3
2951 4576 3184 4652 ideoque
3221 4580 3266 4636 si
3308 4580 3378 4638 sit
3415 4596 3613 4656 poena,

2014 4670 2199 4743 gravis
2231 4672 2318 4724 est
2343 4678 2518 4738 poena
2535 4707 2551 4737 ,
2580 4670 2637 4721 et
2661 4672 3063 4738 consequenter
3088 4675 3175 4727 est
3201 4668 3465 4728 indicium
3493 4686 3619 4745 gra·

2014 4759 2099 4813 vis
2122 4754 2465 4829 obligationis
2495 4753 2650 4827 legis,
2675 4754 2969 4828 gravisque
2991 4758 3447 4831 transgressionis
3475 4762 3618 4835 eius,

2019 4844 2244 4921 quando
2268 4847 2491 4917 propter
2517 4842 2667 4901 illam
2695 4842 2996 4915 imponitur
3019 4861 3116 4918 per
3142 4846 3388 4906 eamdem
3417 4849 3611 4922 legem.

2015 4936 2135 4993 Dixi
2158 4942 2347 4992 autem
2369 4936 2422 4991 si
2449 4928 2526 4990 'sit
2545 4948 2764 5007 poena.
2791 4934 2919 5006 quia
2945 4933 3038 4992 illa
3058 4936 3456 5012 irregularitas,
3479 4952 3620 5012 quae

2016 5031 2105 5083 est
2146 5022 2450 5081 indecentia
2488 5027 2701 5079 tantum
2725 5063 2740 5094 ,
2790 5024 3024 5096 requirit
3061 5040 3316 5096 causam,
3355 5043 3464 5085 non
3491 5044 3621 5087 vero

2016 5114 2261 5188 culpam,
2291 5118 2348 5171 et
2375 5112 2494 5169 ideo
2523 5110 2610 5168 illa
2639 5112 2693 5168 in
2721 5113 2992 5183 praesenti
3022 5130 3129 5173 non
3157 5117 3563 5179 consideratur.

3077 5309 3130 5363 ιι

4277 244 4292 379 -,-·-.
4282 135 4291 205 -a—.⁴
4279 100 4291 125 ,-

4292 744 4293 793 ⁴ss
4283 404 4292 651 Α-..--..-ι--
