4325 6267
800 379 930 444 166

722 520 1122 578 communitate
1150 531 1342 589 parere
1371 520 1689 587 teneantur3
1719 515 1950 587 ideoque
1979 512 2023 568 si
2050 510 2142 569 illa
2172 518 2327 582 pote-

723 615 837 664 stas
868 623 974 664 nou
1005 607 1074 662 sit
1099 606 1155 661 in
1183 603 1366 677 aliqua
1407 619 1639 676 persona
1674 601 2028 658 determinate
2048 641 2064 672 ,
2095 614 2324 656 necesse

722 703 828 767 est,
859 701 923 753 ut
958 697 1010 751 in
1037 701 1152 751 tota
1179 693 1577 750 communitate
1604 695 1820 749 existat.

797 785 891 841 His
920 798 1050 838 vero
1079 781 1394 838 addendum
1422 788 1536 851 est,
1570 780 1710 837 banc
1747 785 2078 851 potestatem
2109 793 2221 834 non
2249 778 2323 832 ita

717 889 840 933 esse
867 889 936 931 ex
969 878 1166 929 natura
1195 873 1274 927 rei
1308 872 1359 926 in
1390 869 1741 927 multitudine
1779 869 2063 924 hominum
2089 907 2104 936 ,
2136 873 2201 922 ut
2231 881 2327 921 ne·

717 962 961 1020 cessario
997 963 1070 1017 sit
1098 976 1205 1017 una
1233 975 1467 1015 numero
1502 960 1554 1014 in
1596 965 1712 1016 tota
1749 959 1963 1030 specie,
1995 971 2093 1011 seu
2125 955 2178 1010 in
2209 960 2325 1011 tota

719 1049 1046 1107 collectione
1075 1048 1362 1104 bominum
1387 1046 1738 1103 existentium
1775 1048 1828 1102 in
1860 1046 2120 1102 universo
2162 1041 2320 1100 orbe.

719 1139 857 1208 Quia
896 1136 1271 1194 necessarium
1309 1153 1418 1192 non
1457 1143 1544 1193 est
1581 1136 1649 1193 ad
1695 1134 2172 1191 conservationem
2232 1139 2331 1189 aut

719 1227 929 1284 bonum
961 1232 1218 1290 naturae,
1253 1232 1313 1281 ut
1337 1239 1531 1280 omnes
1554 1223 1798 1280 homines
1821 1225 1895 1278 ita
1918 1227 2327 1294 congregentur

722 1316 774 1372 in
807 1330 916 1372 una
947 1314 1167 1386 politica
1195 1313 1623 1382 communitate,
1657 1313 1766 1368 imo
1801 1313 1888 1367 vix
1913 1315 2034 1366 erat
2063 1309 2113 1367 id
2145 1310 2325 1381 possi-

718 1405 845 1475 bile,
867 1411 924 1462 et
946 1403 1116 1461 multo
1140 1402 1319 1458 minus
1354 1409 1474 1459 erat
1492 1401 1802 1472 expediens.
1823 1402 1966 1456 Dixit
1987 1401 2128 1456 enim
2151 1399 2320 1454 Arist.

725 1499 779 1554 7.
803 1492 980 1553 Pottt.
1003 1509 1057 1550 c.
1089 1496 1144 1562 4,
1173 1495 1451 1549 civitatem
1479 1493 1638 1548 nimis
1665 1491 1948 1563 copiosam
1975 1487 2194 1545 difficile
2222 1503 2327 1560 gu-

721 1583 939 1640 bernari
973 1588 1158 1651 recte3
1189 1580 1468 1638 difficilius
1495 1595 1630 1654 ergo
1663 1595 1918 1652 regnum,
1949 1578 1992 1633 si
2019 1577 2184 1633 nimis
2212 1591 2327 1632 am-

721 1672 872 1744 plum
913 1672 1012 1742 sit,
1050 1670 1228 1727 multo
1256 1684 1390 1744 ergo
1430 1668 1714 1727 difficilius
1753 1675 1935 1726 toturn
1979 1667 2321 1737 universum3
2432 1734 2441 1740 ·

720 1759 996 1835 loquendo
1039 1759 1107 1817 de
1134 1759 1280 1816 civili
1315 1758 1731 1832 gubernatione.
1769 1756 1925 1815 Unde
1963 1755 2092 1812 mihi
2129 1757 2325 1810 verisi-

719 1851 904 1908 milius
946 1859 1066 1921 est,
1101 1849 1182 1906 vel
1223 1864 1545 1920 nunquam,
1588 1847 1670 1904 vel
1716 1845 2038 1903 brevissimo
2076 1851 2324 1916 tempore

720 1938 889 1996 fuisse
917 1938 1058 1994 banc
1087 1943 1416 2009 potestatem
1446 1935 1550 1992 hoc
1581 1936 1744 1992 modo
1782 1935 1832 1990 in
1881 1941 1996 1991 tota
2033 1933 2323 1988 hominum

720 2026 1054 2084 collectione
1074 2067 1088 2096 ,
1121 2025 1214 2081 sed
1246 2024 1410 2096 paulo
1441 2031 1566 2094 post
1594 2022 1782 2080 mundi
1821 2022 2157 2078 creationem
2198 2035 2323 2076 coe·

722 2117 864 2188 pisse
896 2114 1144 2172 homines
1170 2113 1336 2170 dividi
1364 2115 1420 2169 in
1449 2113 1626 2169 varias
1653 2111 2019 2182 respublicas,
2050 2112 2185 2166 etin
2217 2111 2325 2164 sin-

717 2205 860 2278 gulis
903 2204 1070 2260 fuisse
1109 2202 1252 2258 banc
1297 2207 1617 2274 potestatem
1654 2201 1994 2257 distinctam.
2027 2197 2179 2256 Unde
2210 2199 2323 2253 Au·

719 2300 871 2366 gust.
913 2297 999 2351 ¹5.
1027 2290 1097 2348 de
1132 2294 1313 2349 civit.
1346 2307 1470 2364 cap.
1497 2297 1550 2350 8.
1577 2289 1786 2361 colligit
1803 2304 1872 2344 ex
1891 2288 2088 2344 Genes.
2117 2291 2173 2344 4.
2198 2292 2322 2342 ante

717 2381 983 2440 diluvium
1010 2381 1160 2438 Caim
1188 2381 1358 2438 fuisse
1381 2381 1642 2451 primum,
1663 2379 1756 2451 qui
1779 2379 2062 2450 proprium
2085 2393 2319 2448 regnum

717 2477 774 2527 et
801 2471 1195 2543 rempublicam
1223 2469 1560 2537 construxit,
1590 2473 1646 2524 et
1667 2467 1757 2524 lib.
1785 2471 1873 2537 16,
1898 2482 2022 2538 cap.
2053 2471 2107 2524 4.
2139 2465 2314 2538 addit,

718 2570 848 2632 post
880 2558 1148 2616 diluvium
1184 2558 1351 2614 fuisse
1389 2556 1664 2615 Nembrod
1703 2571 1769 2613 ex
1811 2555 2006 2611 Genes.
2057 2559 2142 2612 10.
2184 2554 2323 2610 Nam

716 2649 870 2705 Caim
897 2649 1002 2706 suit
1028 2649 1267 2721 primus,
1299 2647 1393 2718 qui
1430 2645 1608 2702 divisit
1641 2645 2092 2702 communitatem
2137 2642 2321 2715 perse-

719 2743 866 2794 ctam
891 2735 1194 2809 separando
1217 2751 1276 2791 se
1297 2751 1330 2792 a
1350 2734 1551 2791 familia
1573 2738 1827 2809 paterna,
1852 2733 2104 2805 idemque
2130 2739 2323 2804 postea

719 2824 852 2882 fecit
880 2824 1154 2882 Nembrod
1184 2829 1441 2895 respectu
1469 2823 1605 2879 Noe.

802 2918 1044 2987 5.Atque
1065 2913 1190 2970 hinc
1209 2912 1428 2970 tandem
1445 2911 1822 2984 concluditur,
1841 2917 2167 2984 potestatem
2182 2909 2323 2968 hanc

722 3002 930 3066 serendi
955 3005 1104 3076 leges
1129 3002 1400 3060 humanas
1419 3002 1670 3074 proprias
1691 3008 1744 3058 et
1769 3001 2132 3074 particulares
2157 3001 2324 3074 (quas

721 3093 911 3149 civiles
934 3107 1226 3163 vocamus,
1245 3099 1506 3163 tanquam
1525 3089 1800 3147 ordinatas
1817 3090 1886 3146 ad
1905 3091 2144 3163 regimen
2162 3090 2323 3146 unius

721 3181 1128 3239 communitatis
1158 3178 1486 3253 perfectae),
1517 3181 1688 3252 hanc,
1712 3180 1964 3252 inquam,
1997 3183 2323 3251 potestatem

722 3286 1004 3345 nunquam
1036 3271 1206 3327 fuisse
1237 3285 1400 3326 unam
1427 3276 1482 3325 et
1507 3269 1756 3326 eamdem
1779 3271 1830 3326 in
1853 3275 2023 3326 totam
2042 3268 2325 3324 hominum

724 3359 1175 3430 universitaten13
1210 3358 1306 3415 sed
1342 3360 1412 3414 ita
1443 3358 1613 3416 luisse
1643 3374 1740 3429 per
1768 3358 2220 3414 communitatem
2246 3355 2330 3412 di-

724 3445 894 3504 visam
915 3489 930 3519 ,
960 3449 1106 3504 sicut
1133 3448 1280 3519 ipsae
1315 3446 1740 3503 communitates
1769 3445 2199 3503 instituebantur
2219 3485 2235 3516 ,
2272 3452 2330 3502 et

723 3537 1121 3594 dividebantur.
1138 3535 1290 3594 Unde
1306 3538 1467 3592 etiam
1485 3534 1860 3605 concluditur,
1874 3551 1980 3591 uon
1999 3535 2022 3590 s
2023 3535 2169 3591 uisse
2186 3535 2325 3591 hanc

724 3633 1049 3699 potestatem
1083 3625 1300 3682 civilem
1320 3625 1532 3698 (saltem
1560 3631 1684 3680 ante
1706 3624 1908 3680 Christi
1936 3622 2251 3690 adventum)
2272 3626 2323 3679 in

726 3731 834 3771 uno
865 3713 1180 3785 particulari
1211 3713 1428 3770 homine
1458 3721 1714 3786 respectu
1740 3715 1908 3770 totius
1931 3713 2323 3783 universitatis,

722 3807 852 3880 quia
878 3820 1056 3878 neque
1101 3819 1291 3860 omnes
1329 3805 1575 3860 homines
1614 3802 1905 3876 aliquando
1945 3808 2329 3860 convenerunt

725 3893 793 3951 ad
833 3893 980 3951 illam
1019 3892 1409 3951 conserendam
1457 3893 1622 3951 alicui
1661 3894 1890 3965 principi
1937 3909 2108 3966 supra
2146 3899 2325 3948 totum

727 3983 1082 4055 universum,
1127 3997 1303 4055 neque
1349 3984 1590 4056 scimus,
1627 3985 1796 4039 Deum
1839 3982 1987 4039 illam
2023 3981 2326 4038 contulisse

725 4073 914 4129 alicui.
945 4073 1078 4130 Nam
1125 4073 1356 4130 maxime
1391 4072 1445 4128 id
1473 4077 1688 4144 poterat
1723 4071 1790 4128 de
1819 4071 2026 4128 Adamo
2065 4069 2323 4143 cogitari,

725 4160 794 4218 de
817 4177 928 4234 quo
951 4167 1132 4217 tamen
1157 4161 1260 4216 iam
1283 4160 1336 4217 id
1361 4162 1721 4217 exclusimus.
1737 4161 1850 4217 Nec
1872 4159 2106 4233 denique
2128 4158 2327 4231 aliquis

727 4265 973 4322 unquam
1005 4264 1102 4322 per
1132 4249 1357 4318 bellum,
1391 4249 1472 4304 vel
1503 4248 1606 4304 alio
1633 4249 1792 4306 simili
1830 4248 1994 4305 modo
2033 4249 2194 4304 talem
2227 4263 2324 4318 po-

728 4347 981 4398 testatem
1025 4339 1124 4396 sibi
1165 4341 1507 4411 comparavit
1539 4382 1554 4410 ,
1588 4346 1650 4396 ut
1682 4353 1746 4395 ex
1786 4338 2028 4394 historiis
2073 4343 2322 4407 constat,

727 4429 858 4502 quid
891 4445 1022 4486 vero
1053 4428 1346 4485 dicendum
1369 4430 1437 4484 sit
1460 4434 1585 4499 post
1603 4428 1800 4484 Christi
1822 4426 2139 4496 adventum,
2165 4428 2218 4482 in
2242 4441 2327 4481 se-

726 4520 915 4592 quenti
945 4518 1084 4574 libro
1114 4517 1315 4573 dicam.
1340 4519 1440 4574 Per
1470 4518 1602 4573 haec
1632 4522 1818 4574 autem
1846 4531 1952 4571 non
1983 4515 2324 4586 excluditur,

729 4607 879 4680 quod
910 4587 1076 4678 supra
1105 4605 1172 4662 de
1199 4607 1320 4662 iure
1348 4605 1592 4677 gentium
1622 4605 1974 4676 dicebamus3
2007 4605 2115 4661 imo
2144 4605 2328 4676 potius

655 4691 660 4698 ’
726 4694 852 4752 inde
899 4695 1282 4753 confirmatur.
1321 4696 1456 4753 Nam
1495 4695 1622 4751 licet
1670 4693 1996 4751 universitas
2045 4692 2327 4749 bominum

727 4801 838 4841 non
867 4784 1034 4841 suerit
1055 4790 1392 4856 congregata
1414 4783 1463 4839 in
1490 4800 1660 4840 unum
1683 4798 1888 4856 corpus
1913 4780 2329 4854 politicum,sed

731 4873 784 4929 in
815 4873 990 4930 varias
1018 4874 1444 4929 communitates
1472 4871 1642 4928 divisa
1671 4873 1856 4944 suerit,
1881 4871 2237 4929 nihilominus
2268 4877 2331 4927 ut

731 4961 852 5018 illae
880 4961 1302 5019 communitates
1329 4976 1449 5018 sese
1479 4967 1675 5019 mutuo
1705 4962 1916 5033 iuvare,
1943 4966 2001 5017 et
2028 4960 2167 5017 inter
2194 4973 2253 5015 se
2274 4960 2330 5014 in

729 5051 941 5108 iustitia
969 5058 1026 5109 et
1052 5067 1190 5123 pace
1226 5053 1545 5108 conservari
1573 5058 1800 5124 possent
1828 5050 1994 5124 (quod
2022 5050 2090 5106 ad
2119 5049 2329 5106 bonum

731 5142 970 5198 universi
997 5141 1371 5198 necessarium
1399 5140 1568 5213 erat),
1594 5141 1858 5212 oportuit,
1883 5147 1947 5198 ut
1965 5139 2144 5213 aliqua
2173 5155 2330 5195 com·

730 5231 916 5288 munia
943 5230 1062 5288 iura
1101 5232 1264 5304 quasi
1305 5232 1588 5288 communi
1626 5229 1842 5288 loedere
1877 5236 1934 5288 et
1969 5230 2331 5288 consensione

2186 388 2387 436 LIBER
2416 389 2520 436 111.

2396 513 2542 569 inter
2569 511 2627 568 s‘e
2657 513 3039 588 observarent,
3062 523 3120 573 et
3143 517 3276 574 baec
3307 526 3457 592 sunt,
3484 535 3627 593 quae
3656 521 4013 592 appellantur

2394 599 2513 656 iura
2541 603 2785 673 gentium
2805 645 2820 671 ,
2851 618 2995 675 quae
3025 608 3196 678 magis
3226 604 3519 664 traditione
3558 615 3613 664 et
3640 611 4013 667 consuetudi-

2394 705 2496 754 ne,
2526 706 2693 762 quam
2732 694 3127 751 constitutione
3168 694 3351 768 aliqua
3386 697 3702 754 introducta
3744 708 3895 768 sunt,
3938 707 4011 756 ut

2392 777 2655 834 diximus.
2700 781 2767 834 Et
2810 779 2914 836 hoc
2952 789 3039 838 est
3074 782 3275 854 duplex
3314 785 3446 843 illud
3484 789 3571 842 ius
3612 789 3897 859 proprium
3936 796 4007 845 et

2395 881 2717 940 commune,
2747 868 2899 941 quod
2926 868 3210 944 distinguit
3234 873 3397 931 Caius
3426 875 3477 930 in
3509 873 3545 930 l.
3578 891 3781 933 omnes
3813 892 4011 951 popu-

2392 954 2457 1021 lt,
2494 957 2547 1012 ff.
2582 957 2649 1013 de
2674 957 2877 1014 iustitia
2904 965 2962 1018 et
2990 959 3128 1017 iure.

2976 1148 3256 1221 CAPUT
3293 1153 3404 1220 111.

2394 1343 2489 1393 An
2522 1343 2791 1413 potestas
2816 1340 3063 1413 serendi
3090 1341 3243 1417 leqes
3272 1345 3577 1403 humanas
3599 1351 3675 1404 sit
3702 1347 3857 1404 dala
3893 1351 3999 1405 ho·

2470 1427 2727 1486 minibus
2754 1429 3102 1489 immediate
3132 1449 3175 1490 a
3200 1439 3317 1490 Deo
3345 1439 3413 1490 ut
3432 1440 3681 1492 auctore
3702 1442 3989 1494 victurae.

2953 1624 3437 1689 Summanum

2952 1769 2965 1804 i

2397 1819 2447 1869 ¹.
2476 1819 2625 1870 Ratio
2650 1819 2940 1872 dubitandi.
2958 1822 3089 1874 —2.
3105 1824 3397 1876 Communis
3420 1834 3473 1876 et
3502 1839 3620 1876 vera
3646 1830 4005 1878 sententia.—
4025 1840 4041 1852 “

2464 1889 2517 1938 3.
2548 1889 2709 1940 Actus
2734 1892 3003 1953 potestatis
3028 1892 3359 1956 legislatoris.
3381 1897 3513 1945 -4,
3542 1897 3809 1958 Quomodo
3844 1899 4005 1949 datur

2463 1971 2493 2005 a
2518 1957 2621 2008 Deo
2644 1959 2906 2028 praedicta
2946 1967 3274 2024 potestaS.—
3292 1963 3343 2013 5.
3372 1965 3581 2026 Quando
3618 1967 3844 2016 resultat
3870 1967 4001 2018 haec

2464 2029 2573 2090 ipsa
2598 2034 2847 2090 potestaS.
2877 2056 2946 2065 —
2972 2031 3024 2081 6.
3052 2032 3163 2082 Non
3186 2039 3267 2082 est
3292 2033 3646 2085 immutabilis.

2480 2200 2529 2254 1.
2562 2198 2719 2255 Ratio
2750 2198 3029 2256 dubitandi
3056 2217 3179 2258 esse
3210 2209 3425 2275 potest,
3464 2205 3596 2276 quia
3623 2219 3689 2260 ex
3720 2203 3887 2262 dictis
3916 2222 4009 2263 se-

2391 2286 2487 2358 qui
2517 2286 2736 2343 videtur
2756 2329 2771 2359 ,
2804 2303 2837 2344 a
2864 2289 3089 2361 singulis
3117 2290 3425 2348 hominibus
3462 2307 3560 2363 per
3597 2294 3885 2364 proprium
3914 2310 4007 2351 eo-

2393 2392 2521 2433 rum
2550 2391 2884 2434 consensum
2922 2377 3157 2435 derivari
3198 2379 3338 2437 hanc
3382 2388 3717 2453 potestatem
3745 2384 3796 2437 in
3828 2389 4005 2440 totam

2394 2465 2847 2523 communitatem
2878 2482 2943 2524 ex
2972 2467 3049 2523 eis
3076 2475 3347 2526 coactam.
3378 2469 3516 2527 Nam
3542 2469 3683 2527 idem
3722 2479 3813 2528 est
3850 2477 4003 2545 prin-

2393 2554 2598 2625 cipium
2624 2553 2745 2610 talis
2776 2558 3062 2627 potestatis
3082 2565 3137 2613 et
3164 2559 3337 2629 ipsius
3358 2560 3789 2632 communitatis,
3815 2562 3869 2616 in
3892 2577 4007 2635 qua

2394 2642 2629 2714 residet3
2664 2642 2761 2700 sed
2788 2646 2909 2714 ipsa
2936 2647 3307 2703 communitas
3336 2647 3623 2720 coalescit,
3654 2646 3839 2706 medio
3866 2666 4005 2706 con·

2394 2747 2561 2788 sensu
2594 2773 2609 2803 ,
2654 2738 2709 2789 et
2748 2733 3029 2792 voluntate
3071 2735 3458 2807 singulorum,
3502 2752 3636 2811 ergo
3676 2737 3746 2793 ab
3786 2737 3997 2795 eisdem
4044 2733 4061 2750 ⁶

2393 2821 2559 2877 etiam
2594 2819 2967 2878 voluntatibus
2996 2831 3181 2880 manat
3207 2831 3469 2896 potestas.
3488 2825 3651 2884 Maior
3672 2832 3848 2898 patet,
3870 2830 4005 2900 quia

2392 2910 2571 2981 posita
2596 2911 3010 2982 communitate,
3042 2915 3295 2985 sequitur
3323 2914 3460 2971 haec
3490 2921 3755 2986 potestaS,
3780 2915 3883 2972 sed
3909 2917 4005 2989 qui

2393 2998 2489 3054 dat
2516 2997 2781 3070 formam,
2811 2998 2906 3056 dat
2931 3001 3326 3073 consequentia
3350 3002 3418 3058 ad
3445 3003 3711 3076 sormam3
3744 3019 3883 3076 ergo
3912 3004 4007 3076 qui

2394 3094 2479 3144 est
2495 3088 2779 3158 proximus
2796 3094 2996 3145 auctor
3012 3088 3132 3146 talis
3147 3092 3581 3163 communitatis,
3596 3091 3822 3150 videtur
3836 3095 4001 3150 etiam

2393 3191 2515 3233 esse
2544 3183 2745 3235 auctor
2772 3184 2830 3233 et
2848 3177 3081 3234 collator
3103 3181 3389 3250 potestatis
3409 3181 3553 3237 eius.
3569 3183 3627 3238 ln
3648 3184 3999 3239 contrarium

2394 3279 2525 3321 vero
2552 3271 2670 3336 est,
2702 3267 2833 3338 quia
2862 3266 3185 3339 priusquam
3213 3267 3463 3325 homines
3500 3271 3551 3325 in
3582 3286 3758 3327 unum
3787 3286 4000 3343 corpus

2394 3353 2681 3425 politIcum
2703 3362 3134 3428 congregentur,
3150 3356 3283 3414 baec
3308 3364 3553 3429 potestas
3575 3375 3681 3415 non
3704 3360 3871 3416 estin
3894 3363 4006 3416 sin·

2390 3441 2558 3515 gulis,
2591 3458 2693 3500 nec
2725 3443 2982 3514 totaliter,
3016 3461 3118 3502 nec
3147 3445 3480 3517 partialiter,
3513 3447 3623 3504 imo
3651 3463 3756 3504 nec
3787 3449 3843 3504 in
3876 3449 3997 3518 ipsa

2392 3530 2515 3587 rudi
2548 3538 2629 3603 (ut
2654 3532 2733 3589 sic
2763 3531 2961 3604 dicam)
2992 3532 3318 3591 collectione
3357 3534 3440 3590 vel
3470 3543 3775 3608 aggregato
3818 3536 4002 3592 homi-

2394 3637 2526 3678 num
2561 3621 2774 3692 existit,
2808 3629 2870 3679 ut
2899 3622 3079 3693 capite
3116 3623 3461 3694 praecedenti
3504 3623 3852 3682 declaratum
3890 3631 4003 3696 est;

2394 3725 2529 3782 ergo
2570 3726 2857 3783 nunquam
2896 3718 3080 3784 potest
3120 3713 3255 3770 haec
3292 3720 3539 3785 potestas
3578 3716 3873 3788 provenire
3906 3717 4005 3772 im·

2394 3798 2629 3856 mediate
2658 3799 2726 3855 ab
2753 3800 2886 3871 ipsis
2916 3801 3246 3858 bominibus.

2471 3895 2529 3946 2.
2553 3891 2612 3946 ln
2636 3889 2738 3946 hac
2761 3905 2821 3945 re
2841 3891 3151 3947 communis
3176 3893 3445 3950 sententia
3460 3893 3679 3951 videtur
3694 3909 3843 3966 esse,
3860 3893 4003 3950 banc

2396 3985 2725 4050 potestatem
2755 3977 2874 4036 dari
2900 3979 3209 4037 immediate
3235 3985 3389 4040 aDeo
3416 3989 3478 4040 ut
3496 3990 3726 4041 auctore
3746 3990 4001 4054 naturae,

2396 4069 2471 4125 ita
2502 4075 2565 4124 ut
2591 4067 2842 4125 homines
2868 4069 3025 4142 quasi
3052 4068 3345 4142 disponant
3366 4075 3742 4143 materiam,et
3758 4073 4007 4130 efficiant

2396 4157 2711 4214 subiectum
2734 4171 2905 4230 capax
2933 4157 3097 4214 huius
3121 4161 3433 4229 potestatis:
3457 4163 3603 4218 Deus
3622 4168 3811 4219 autem
3834 4165 4005 4236 quasi

2397 4245 2602 4302 tribuat
2638 4245 2867 4302 sormam
2896 4245 3076 4302 dando
3107 4247 3249 4305 hanc
3292 4255 3640 4321 potestatem.
3676 4251 3755 4306 lta
3794 4251 4009 4308 indicat

2394 4334 2705 4402 caietanus,
2734 4341 2773 4390 t.
2803 4339 2852 4406 t,
2868 4336 3075 4406 Opusc.
3102 4342 3267 4393 tract.
3286 4342 3343 4396 2.
3368 4335 3442 4394 de
3452 4342 3749 4412 potestate
3766 4343 4005 4415 Papae,

2398 4441 2451 4494 p.
2485 4428 2543 4495 2,
2574 4438 2699 4494 cap.
2740 4427 2829 4492 10,
2858 4422 2923 4480 ad
2952 4430 3008 4483 2.
3042 4427 3530 4496 confirmationem,
3560 4433 3619 4482 et
3638 4428 3839 4484 Covar.
3866 4444 3997 4499 cap.

2403 4515 2728 4587 1.practic.
2756 4516 3086 4604 quaestion.
3114 4513 3275 4572 latius
3308 4516 3522 4572 Victor.
3556 4515 3609 4572 in
3644 4517 3843 4574 relect.
3870 4534 4003 4590 pro-

2397 4605 2517 4675 pria
2557 4601 2625 4658 de
2663 4602 2767 4659 hac
2806 4609 3099 4674 potestate,
3138 4605 3271 4660 Soto
3306 4604 3403 4661 lib.
3437 4610 3491 4662 4.
3520 4602 3593 4662 de
3618 4608 3810 4663 instit.
3840 4623 3901 4680 q.
3936 4613 3995 4679 2,

2397 4699 2503 4749 art.
2544 4697 2593 4751 1.
2622 4694 2693 4749 Ει
2720 4698 2903 4764 potest
2939 4691 3181 4764 suaderi,
3212 4693 3374 4765 quia,
3416 4700 3479 4750 ut
3514 4699 3675 4752 antea
3715 4694 3994 4768 dicebam,

2399 4784 2687 4855 supposita
2710 4782 2989 4839 voluntate
3013 4781 3293 4838 hominum
3316 4782 3671 4840 conveniendi
3694 4787 3745 4840 in
3772 4801 3883 4842 una
3905 4801 4009 4857 po·

2398 4871 2542 4928 litica
2568 4871 2994 4943 communitate,
3024 4886 3129 4926 non
3156 4877 3240 4927 est
3276 4872 3328 4927 in
3368 4879 3637 4943 potestate
3680 4889 3879 4932 eorum
3911 4876 4013 4931 im-

2398 4960 2582 5034 pedire
2611 4961 2753 5018 hanc
2780 4960 3243 5032 iurisdictionem,
3274 4975 3405 5033 ergo
3438 4963 3659 5034 signum
3688 4970 3797 5032 est,
3824 4965 4017 5035 proxi-

2400 5065 2485 5106 me
2525 5066 2631 5106 non
2671 5051 2956 5121 provenire
2991 5065 3059 5105 ex
3098 5064 3289 5106 eorum
3318 5039 3727 5123 voluntatibus,
3756 5053 3921 5125 quasi
3948 5067 4015 5109 ex

2398 5141 2622 5213 propria
2659 5154 2831 5196 causa
2866 5136 3143 5195 efficienti.
3189 5138 3345 5195 Sicut
3378 5140 3433 5194 in
3468 5139 3814 5196 matrimonio
3861 5151 4015 5198 recte

2398 5228 2732 5302 colligimus,
2764 5229 2949 5285 virum
2976 5241 3099 5286 esse
3124 5233 3294 5300 caput
3318 5225 3559 5285 mulieris
3579 5243 3646 5285 ex
3666 5227 3817 5287 dono
3836 5217 4013 5302 'ipsius
