4325 6267
1721 356 1930 404 capua·
1963 357 2078 402 vn.
3373 333 3448 396 31

279 497 430 550 sum,
459 481 542 537 vel
577 481 984 538 usumfructum
1009 479 1318 538 immediate
1340 479 1656 553 ordinatur,
1682 480 1870 537 buius·

277 570 424 627 modi
462 578 594 627 sunt
623 569 818 641 templa
838 611 855 641 ,
885 569 969 626 vel
997 585 1088 626 res
1117 585 1330 639 sacrae,
1363 571 1713 642 magistratus
1733 609 1749 639 ,
1780 584 1874 640 pa-

277 675 416 717 scua
451 659 760 717 communia
787 675 884 715 seu
916 667 1092 731 prata,
1121 666 1179 716 et
1209 659 1422 726 similia,
1447 659 1514 716 de
1537 659 1738 732 quibus
1761 673 1875 714 ser-

277 766 368 806 mo
395 755 481 806 est
499 751 558 805 iu
589 747 884 821 praedictis
911 747 1142 814 iuribus,
1173 757 1233 806 et
1259 751 1312 804 in
1341 749 1458 804 aliis
1485 749 1589 804 sub
1617 747 1776 805 titulo
1805 747 1873 804 de

275 854 464 894 rerum
485 837 764 894 divisione.
791 836 948 894 Aliud
969 853 1102 894 vero
1130 843 1217 893 est
1236 838 1440 894 bonum
1464 853 1756 894 commune
1785 853 1890 896 so-.

275 928 392 983 lum
427 927 782 996 secundario,
810 934 867 983 et
893 927 1050 1001 quasi
1078 942 1174 998 per
1201 926 1652 998 redundantiam3
1687 927 1873 983 imme-

275 1015 422 1074 diate
465 1023 646 1074 autem
676 1017 880 1074 bonum
908 1018 1187 1088 privatum
1213 1026 1320 1090 est,
1351 1018 1479 1090 quia
1505 1018 1611 1074 sub
1637 1017 1872 1075 dominio

275 1108 519 1179 privatae
563 1123 856 1185 personae,
893 1116 950 1164 et
991 1106 1058 1163 ad
1094 1107 1212 1164 eius
1242 1108 1596 1166 commodum
1630 1107 1872 1180 proxime

275 1199 598 1272 ordinatur,
640 1199 837 1254 dicitur
875 1204 1056 1254 autem
1085 1199 1250 1254 etiam·
1274 1213 1601 1269 commune,
1634 1196 1717 1254 vel
1745 1198 1876 1270 quia

277 1287 588 1358 respublica
623 1287 784 1344 babet
809 1289 898 1343 ius
925 1285 1198 1360 quoddam
1229 1286 1392 1342 altius
1417 1288 1466 1342 in
1491 1287 1632 1342 bona
1653 1287 1875 1358 propria

281 1377 627 1450 singularum
667 1392 1026 1449 personarum
1046 1418 1061 1447 ,
1101 1383 1165 1434 ut
1200 1379 1278 1432 eis
1306 1377 1388 1433 uti
1417 1379 1618 1448 possit,
1650 1376 1872 1450 qnando

279 1467 358 1523 illi
389 1467 588 1523 fuerint
615 1467 951 1532 necessaria,
983 1467 1070 1522 vel
1099 1469 1260 1524 etiam
1289 1469 1418 1540 quia
1443 1484 1508 1524 eo
1538 1469 1655 1539 ipso
1677 1509 1692 1538 ,
1723 1467 1871 1541 quod

278 1571 641 1629 unaquaeque
672 1571 906 1628 persona
931 1562 1018 1612 est
1047 1571 1172 1627 pars
1199 1556 1630 1628 communitatis,
1667 1556 1870 1614 bonum

279 1645 716 1718 uniuscuiusque
737 1687 752 1716 ,
787 1643 936 1719 quod
970 1647 1024 1701 in
1060 1644 1320 1702 damnum
1350 1646 1581 1702 aliorum
1611 1663 1720 1703 non
1750 1647 1873 1704 red-

279 1733 453 1792 undat
478 1777 491 1804 ,
521 1740 607 1790 est
633 1733 987 1790 commodum
1018 1736 1188 1791 totius
1214 1734 1642 1792 communitatis.
1675 1737 1766 1793 Sic
1797 1736 1876 1792 di·

283 1833 424 1880 cunt
451 1825 571 1880 iura
589 1822 842 1896 expedire
870 1823 1220 1897 reipublicae,
1247 1831 1312 1881 ut
1331 1826 1480 1880 cives
1504 1825 1611 1881 sint
1631 1825 1875 1900 locuple-

279 1920 384 1982 tes,
409 1919 466 1970 et
491 1919 557 1968 ut
581 1928 742 1969 nemo
765 1911 902 1970 male
925 1928 1024 1970 sua
1053 1928 1111 1968 re
1135 1921 1343 1971 utatur.
1368 1921 1402 1981 S
1423 1913 1526 1971 sed
1545 1919 1762 1972 maior.
1788 1917 1875 1973 ln-

283 2009 360 2058 st.
391 2001 459 2058 (le
489 2002 594 2072 his,
626 2001 718 2074 qui
747 2006 876 2058 sunt
902 2002 988 2057 sui
1015 2002 1097 2058 vel
1124 2002 1279 2059 alieni
1308 2003 1466 2070 iuris,
1496 2004 1756 2062 Anthent.
1800 2009 1876 2066 Ut

278 2091 532 2158 iudices,
555 2097 676 2156 etc.
706 2098 739 2158 s
765 2089 1292 2158 considerandum,
1328 2093 1520 2150 Collat.
1555 2098 1612 2152 2.
1644 2110 1772 2151 cum
1803 2097 1876 2151 si-

281 2180 519 2237 milibus.

363 2273 418 2328 4.
451 2268 560 2324 Alia
585 2268 860 2326 distinctio
888 2276 998 2339 est,
1023 2284 1162 2342 quae
1182 2269 1248 2325 de
1271 2271 1488 2327 actibus
1511 2269 1760 2328 humanis
1781 2287 1877 2346 ge-

285 2358 516 2414 neratim
555 2357 671 2412 dari
711 2358 882 2428 solet,
925 2359 977 2413 in
1017 2359 1216 2431 quibus
1257 2359 1610 2432 distinguitur
1651 2362 1898 2418 materia.

285 2449 552 2522 proxima,
577 2448 728 2504 circa
749 2463 914 2521 quam
946 2457 1256 2518 versantur,
1279 2456 1338 2507 et
1367 2452 1632 2506 motivum
1664 2466 1764 2508 seu
1793 2468 1878 2507 ra-

282 2539 358 2594 tio
379 2580 394 2609 ,
425 2543 649 2610 propter
673 2553 856 2611 quam.
887 2539 1022 2595 Cum
1059 2539 1198 2594 enim
1240 2539 1322 2596 lex
1351 2545 1509 2596 actus
1540 2541 1758 2597 moralis
1786 2541 1878 2611 sit,

284 2627 374 2684 illa
399 2630 562 2692 etiam
584 2627 696 2684 duo
727 2629 780 2683 in
809 2643 871 2684 ea
901 2635 1030 2684 sunt
1057 2627 1458 2700 distinguenda.
1489 2627 1703 2686 Materia
1724 2647 1877 2702 ergo,

285 2719 440 2774 circa
469 2733 638 2790 quam
664 2715 916 2774 versatur
945 2717 1051 2782 lex,
1082 2719 1356 2774 interdum
1386 2724 1471 2775 est
1500 2719 1704 2776 bonum
1733 2736 1882 2776 com-

283 2823 452 2863 mune
482 2821 581 2879 per
607 2823 665 2862 se
696 2807 894 2880 primo,
921 2807 1212 2886 aliquando
1234 2823 1364 2864 vero
1388 2825 1485 2880 per
1515 2825 1572 2866 se
1598 2813 1775 2880 primo
1797 2809 1884 2867 est

281 2896 488 2953 bonum
501 2897 802 2968 privatum,
817 2912 1112 2954 commune
1128 2905 1310 2954 autem
1328 2913 1426 2970 per
1446 2898 1877 2956 redundantiam.

282 2987 460 3059 Igitur
488 2985 594 3045 boc
624 2988 787 3047 etiam
820 2986 978 3043 modo
1007 2985 1132 3044 data
1163 2989 1262 3044 fuit
1302 2986 1580 3045 distinctio
1620 2989 1798 3064 legum
1829 2992 1884 3046 in

287 3077 391 3133 illis
418 3076 653 3147 iuribus,
685 3084 749 3133 ut
773 3078 934 3134 etiam
964 3078 1127 3134 latius
1155 3078 1390 3150 explicui
1428 3086 1573 3136 tract
1619 3080 1684 3138 V.
1710 3079 1778 3136 de
1800 3097 1884 3137 re·

286 3165 382 3240 lig.
413 3181 512 3222 seu
538 3165 604 3221 de
635 3167 830 3234 iuram.
867 3166 954 3223 lib.
989 3170 1044 3224 2.
1071 3168 1208 3223 Nam
1236 3167 1503 3240 quaedam
1532 3168 1678 3248 leges
1706 3171 1886 3241 proxi-

287 3271 376 3311 me
397 3262 689 3312 versantur
711 3257 860 3312 circa
881 3256 1163 3312 materiam
1187 3270 1559 3330 communem,
1580 3258 1714 3314 aliae
1737 3259 1886 3314 circa

285 3344 430 3401 bona
453 3343 817 3416 singulorum,
845 3360 1058 3417 semper
1079 3352 1256 3403 tamen
1280 3349 1443 3415 ratio,
1462 3353 1689 3419 propter
1717 3363 1882 3421 quam

287 3433 374 3489 lex
406 3438 660 3490 versatur
687 3436 833 3490 circa
865 3441 1156 3507 utramque
1187 3436 1464 3493 materiam
1484 3478 1498 3506 ,
1526 3443 1611 3493 est
1637 3453 1886 3494 commu-

289 3537 358 3576 ne
387 3521 616 3593 bonum,
646 3523 792 3594 quod
822 3530 1111 3596 propterea
1133 3539 1348 3596 semper
1369 3524 1528 3582 debet
1549 3529 1667 3582 esse
1690 3527 1888 3599 prima-

289 3613 372 3668 rio
399 3613 690 3672 intentum.

370 3709 422 3759 5.
456 3702 654 3769 Quaeri
703 3709 886 3758 autem
933 3709 1115 3774 potest
1165 3702 1316 3758 circa
1359 3703 1500 3760 hanc
1542 3713 1785 3778 partem,
1817 3723 1881 3763 an

289 3797 544 3861 oporteat
585 3790 688 3846 hoc
727 3791 932 3847 bonum
970 3807 1094 3847 esse
1136 3793 1398 3848 intentum
1436 3795 1730 3851 intentione
1760 3811 1886 3868 ope·

293 3881 496 3948 rantis,
522 3880 606 3937 vel
635 3880 928 3937 intentione
958 3881 1126 3952 ipsius
1149 3885 1357 3954 operis,
1382 3885 1532 3941 iuxta
1555 3884 1780 3942 modum
1805 3885 1888 3942 lo·

291 3970 494 4042 quendi
535 3969 592 4027 d.
624 3969 858 4026 'rhomae
887 3975 944 4028 2.
975 3975 1041 4041 2,
1073 3987 1128 4044 q.
1169 3975 1266 4030 1⁴1
1295 4013 1309 4042 ,
1341 3979 1447 4029 art.
1482 3978 1537 4031 6.
1569 3974 1635 4030 ad
1673 3979 1718 4031 1.
1752 3976 1888 4030 Nam

291 4059 520 4116 intentio
548 4060 819 4131 operantis
849 4059 1064 4117 videtur
1089 4075 1209 4117 esse
1230 4063 1569 4134 extrinseca,
1597 4069 1650 4120 et
1681 4080 1775 4136 per
1797 4080 1890 4120 ac·

293 4149 482 4204 cidens
511 4149 707 4204 variari
732 4164 891 4220 posse
910 4191 923 4212 ,
947 4157 1002 4206 et
1029 4157 1135 4206 non
1162 4150 1394 4222 pendere
1421 4151 1490 4208 ab
1514 4153 1604 4210 illa
1617 4155 1884 4210 rationem

293 4237 460 4310 legis,
493 4253 634 4309 opus
677 4245 856 4294 autem
899 4240 1080 4310 ipsum
1117 4255 1182 4296 ex
1209 4257 1298 4311 se,
1331 4257 1437 4297 non
1469 4258 1684 4314 semper
1713 4244 1888 4301 fertur

293 4327 360 4382 ad
393 4326 602 4384 bonum
636 4342 930 4384 commune
949 4367 964 4396 ,
995 4328 1093 4385 nisi
1120 4329 1188 4385 ab
1215 4330 1320 4386 alio
1349 4331 1618 4389 reseratur
1638 4376 1652 4404 ,
1683 4341 1740 4390 et
1769 4333 1887 4390 ideo

292 4432 472 4490 neque
511 4419 736 4475 intentio
763 4419 942 4490 operis
979 4418 1199 4476 videtur
1225 4425 1568 4494 necessaria,
1601 4439 1702 4481 nec
1733 4425 1887 4481 suffi-

294 4507 466 4562 ciens.
513 4506 836 4579 Respondeo
871 4507 1139 4578 breviter,
1172 4507 1241 4565 ad
1280 4510 1520 4568 valorem
1551 4519 1606 4568 et
1634 4513 1890 4570 substan-

293 4599 425 4652 tiam
469 4595 603 4668 legis
643 4596 822 4653 solum
863 4613 984 4654 esse
1021 4603 1426 4670 necessarium,
1457 4609 1520 4659 ut
1555 4617 1644 4659 res
1673 4602 1790 4673 illa,
1822 4604 1888 4661 de

291 4702 402 4759 qua
430 4686 607 4742 fertur
634 4686 754 4758 lex,
779 4685 884 4742 boc
921 4693 1196 4759 tempore,
1228 4690 1330 4746 hoc
1361 4690 1517 4762 loco,
1546 4692 1596 4746 in
1625 4691 1729 4749 hac
1758 4707 1893 4765 gen-

293 4783 348 4831 te
387 4782 442 4830 et
468 4775 860 4832 communitate
888 4776 960 4831 sit
987 4777 1130 4833 utilis
1155 4785 1211 4835 et
1236 4781 1560 4836 conveniens
1587 4779 1654 4837 ad
1683 4781 1888 4838 bonum

289 4879 592 4919 commune
628 4862 804 4933 illius,
850 4863 982 4919 baec
1021 4867 1162 4921 enim
1205 4868 1408 4924 utilitas
1445 4877 1502 4926 et
1527 4870 1890 4928 commoditas

291 4969 402 5008 non
449 4951 618 5010 datur
663 4968 694 5007 a
742 4951 1087 5025 legislatore,
1130 4956 1224 5011 sed
1270 4958 1636 5030 supponitur,
1677 4966 1734 5015 et
1767 4959 1888 5018 ideo

293 5047 564 5114 quantum
607 5040 673 5098 ad
718 5057 882 5098 suum
922 5057 1073 5113 esse,
1105 5050 1168 5100 ut
1193 5045 1272 5102 sic
1303 5045 1480 5102 dicam
1505 5091 1521 5120 ,
1551 5063 1660 5104 non
1690 5049 1891 5122 pendet

293 5149 361 5189 ex
399 5131 700 5188 intentione
723 5131 1086 5210 legislatoris.
1120 5135 1196 5191 Ex
1227 5151 1338 5208 quo
1365 5138 1529 5193 etiam
1559 5137 1646 5212 tit,
1677 5145 1740 5195 ut
1769 5139 1888 5195 talis

293 5239 386 5280 res
409 5237 476 5280 ex
509 5237 568 5280 se
593 5221 789 5297 debeat
808 5238 928 5281 esse
953 5223 1238 5281 rescribilis
1258 5226 1312 5282 in
1335 5241 1630 5286 commune
1652 5227 1884 5303 bonum;

1943 494 2070 535 nam
2113 493 2272 536 omne
2316 477 2521 532 bonum
2564 476 2727 547 utile,
2757 483 3033 550 quatenus
3060 477 3167 534 tale
3196 484 3319 546 est,
3349 481 3541 548 aptum

1943 574 2030 625 est
2047 567 2291 624 ordinari
2332 568 2385 622 in
2412 581 2539 622 eum
2568 566 2757 636 finem,
2790 565 2857 623 ad
2887 582 3050 640 quem
3085 571 3172 622 est
3201 565 3367 638 utile,
3399 573 3456 622 et
3481 567 3536 621 in

1943 657 2049 714 boc
2074 673 2241 714 sensu
2266 656 2579 712 necessaria
2600 663 2689 712 est
2714 655 2765 710 in
2788 657 3056 727 praesenti
3078 655 3301 711 intentio
3326 655 3531 725 operis,

1943 763 2050 805 non
2092 748 2384 820 operantis.
2406 746 2576 802 Ratio
2606 745 2757 801 clara
2784 751 2896 812 est,
2930 746 3057 818 quia
3085 744 3295 801 etiamsi
3328 743 3541 817 legisla-

1947 844 2032 894 tor
2059 852 2126 894 ex
2157 837 2304 906 odio,
2336 853 2390 891 v.
2416 851 2471 908 g.
2499 841 2595 891 aut
2620 850 2686 890 ex
2718 834 2821 890 alio
2851 849 3016 905 pravo
3046 835 3147 889 tine
3176 835 3353 907 legem
3380 834 3537 901 serat,

1943 928 1988 981 si
2019 925 2103 982 lex
2130 927 2250 997 ipsa
2282 923 2631 981 nihilominus
2662 924 2715 978 in
2746 923 2949 978 bonum
2970 937 3263 980 commune
3285 923 3454 990 cedit,
3485 923 3541 980 id

1943 1015 2148 1072 sufficit
2174 1013 2243 1071 ad
2272 1013 2510 1070 valorem
2530 1001 2690 1085 legis.
2721 1013 2855 1080 Quia
2882 1011 2973 1067 illa
2998 1027 3169 1084 prava
3196 1013 3423 1069 intentio
3454 1019 3544 1069 est

1945 1122 2095 1162 mere
2137 1103 2471 1178 personalis,
2515 1110 2573 1159 et
2611 1119 2715 1159 non
2761 1101 3031 1159 redundat
3068 1103 3119 1158 in
3158 1110 3377 1176 actum,
3407 1118 3544 1176 qua-

1947 1201 2106 1252 tenus
2148 1193 2216 1251 ad
2258 1194 2547 1251 utilitatem
2588 1209 2937 1250 communem
2981 1197 3216 1263 spectat.
3256 1193 3341 1249 Sic
3379 1208 3543 1264 prava

1943 1285 2171 1341 intentio
2199 1283 2394 1341 iudicis
2426 1300 2531 1340 non
2574 1283 2742 1340 refert
2770 1281 2836 1338 ad
2864 1282 3105 1338 valorem
3132 1283 3463 1353 sententiae,
3496 1283 3541 1338 si

1942 1390 2048 1429 non
2075 1367 2165 1430 bst
2192 1380 2388 1430 contra
2416 1374 2744 1444 aequitatem
2774 1372 2930 1442 eius3
2964 1371 3043 1427 sic
3074 1371 3237 1426 etiam
3266 1387 3433 1443 prava
3464 1372 3543 1427 in-

1945 1467 2114 1522 tentio
2157 1465 2385 1520 ministri
2428 1463 2555 1519 nihil
2600 1462 2773 1518 officit
2812 1467 3191 1532 sacramento,
3236 1461 3280 1516 si
3320 1478 3430 1518 non
3471 1463 3541 1516 sit

1947 1562 2144 1610 contra
2185 1555 2547 1611 substantiam
2594 1554 2743 1624 eius,
2788 1554 2857 1607 ita
2897 1567 3030 1624 ergo
3069 1552 3119 1607 in
3150 1551 3419 1623 praesenti
3448 1551 3541 1607 bo-

1948 1661 2082 1701 num
2112 1659 2405 1702 commune
2437 1644 2486 1698 in
2518 1643 2637 1715 lege
2665 1644 2782 1714 ipsa
2811 1641 3174 1714 spectandum
3200 1647 3316 1712 est,
3347 1657 3454 1696 non
3480 1643 3539 1696 in

1945 1735 2259 1792 extrinseca
2304 1734 2595 1790 intentione
2633 1733 2983 1806 legislatoris.
3015 1732 3187 1801 Quam
3216 1734 3544 1788 sententiam

1948 1827 2150 1896 optime
2192 1824 2358 1881 tradit
2383 1823 2726 1896 Augustinus
2755 1822 2845 1878 lib.
2889 1827 2935 1879 1.
2967 1821 3038 1878 de
3067 1819 3245 1878 libero
3272 1821 3538 1890 arbitrie,

1947 1928 2070 1986 cap.
2103 1921 2155 1972 5.
2181 1913 2390 1970 dicens:
2408 1917 2551 1978 Lex,
2582 1927 2731 1986 quae
2752 1910 2958 1969 tacendi
2974 1910 3179 1986 populi
3198 1927 3389 1969 causa
3410 1910 3549 1968 lata

1946 2008 2060 2070 est,
2097 2002 2322 2060 nullius
2350 2002 2612 2058 libidinis
2640 2003 2821 2076 arqui
2852 2006 3074 2076 potest:
3103 2001 3389 2075 siqnidem
3419 2000 3541 2064 ille,

1945 2098 2046 2168 qui
2081 2093 2252 2160 tulit,
2287 2097 2339 2150 si
2368 2097 2477 2150 Dei
2501 2097 2671 2150 iussu
2696 2091 2857 2159 tulit,
2892 2089 2957 2148 id
2982 2095 3085 2157 est,
3118 2089 3277 2164 quod
3304 2107 3551 2165 praece-

1941 2187 2040 2258 pit
2078 2190 2330 2241 aeterna
2366 2185 2628 2248 institia,
2678 2197 2886 2256 expers
2926 2184 3114 2238 omnis
3154 2179 3447 2246 libidinis,
3484 2179 3550 2237 id

1951 2288 2127 2346 aqere
2163 2275 2379 2346 potuit.
2424 2275 2491 2331 Si
2534 2279 2739 2328 autem
2770 2270 2871 2327 ille
2898 2287 3033 2352 cum
3062 2268 3271 2343 aliqua
3303 2269 3552 2329 libidine

1945 2363 2056 2419 boc
2083 2364 2301 2420 statuit
2318 2405 2331 2427 ‚
2368 2377 2483 2418 non
2509 2377 2584 2417 ex
2612 2377 2677 2417 eo
2688 2361 2794 2433 fit,
2830 2365 2897 2416 ut
2924 2363 2977 2416 ei
3004 2358 3119 2432 leqi
3146 2375 3281 2416 cnm
3308 2359 3551 2416 libidine

1951 2453 2352 2528 obtemperare
2393 2467 2621 2509 necesse
2660 2455 2739 2508 sit
2758 2497 2771 2516 ,
2818 2456 2875 2507 et
2908 2453 3053 2524 quia
3079 2449 3233 2506 bona
3258 2447 3389 2511 lex.
3422 2453 3479 2506 et
3505 2466 3549 2506 a

1953 2558 2075 2598 non
2116 2540 2263 2597 bono
2282 2539 2447 2614 ferri
2477 2545 2689 2615 potest.
2722 2542 2791 2597 Et
2819 2540 2955 2596 inl'ra
2992 2539 3255 2612 optimam
3286 2540 3549 2596 rationem

1955 2631 2195 2698 indicat,
2236 2632 2363 2703 quia
2401 2630 2531 2687 licet
2566 2629 2655 2686 ille
2700 2645 2827 2687 cum
2869 2629 3080 2685 libidine
3117 2629 3288 2702 legem
3325 2627 3537 2698 tulerit,

1941 2725 2136 2796 potest
2168 2720 2257 2776 illi
2286 2723 2411 2776 sine
2438 2718 2678 2776 libidine
2703 2719 3116 2794 obtemperari.

2029 2815 2086 2868 6.
2119 2813 2221 2869 Per
2262 2809 2396 2866 baec
2425 2826 2559 2883 ergo
2588 2809 2763 2867 facilis
2792 2815 2879 2865 est
2905 2809 3186 2882 responsio
3214 2808 3283 2866 ad
3312 2810 3552 2880 priorem

1952 2907 2163 2972 partem
2209 2899 2609 2970 obiectionum3
2642 2899 2817 2956 solum
2847 2901 2991 2955 enim
3019 2897 3345 2967 concludit,
3379 2898 3550 2970 legem

1952 3007 2062 3046 non
2105 3006 2323 3063 semper
2368 2990 2566 3047 babere
2605 3004 2706 3060 pro
2748 2991 2975 3046 materia
3016 2990 3259 3059 proxima
3298 2987 3431 3045 illud
3460 2988 3554 3043 bo-

1955 3096 2088 3136 num
2132 3095 2460 3148 commune,
2501 3078 2649 3152 quod
2692 3095 2788 3151 per
2818 3095 2875 3134 se
2904 3081 3077 3151 primo
3106 3085 3193 3135 est
3224 3078 3271 3132 in
3302 3093 3554 3134 commu-

1957 3172 2128 3226 nitate
2149 3169 2458 3226 secundum
2483 3185 2539 3224 se
2559 3210 2573 3236 ,
2595 3176 2653 3225 et
2679 3169 2753 3224 ita
2774 3167 3097 3241 intelligitur
3115 3167 3394 3224 distinctio
3422 3167 3552 3224 data

1955 3259 2006 3316 in
2035 3260 2311 3332 prioribus
2340 3258 2554 3316 iuribus
2582 3257 2652 3314 ibi
2682 3258 2881 3314 citatis.
2906 3259 3039 3313 Data
3065 3264 3151 3313 est
3171 3258 3315 3313 enirn
3343 3272 3407 3312 ex
3432 3271 3553 3328 par-

1957 3356 2011 3406 te
2053 3349 2347 3421 materiae,
2389 3354 2446 3405 et
2487 3347 2606 3403 illae
2648 3347 2795 3419 leges
2836 3347 3102 3404 dicuntur
3143 3347 3353 3403 versari
3402 3347 3555 3402 circa

1959 3438 2312 3510 particularia
2335 3435 2799 3510 commoda,quae
2822 3435 3021 3492 babent
3052 3451 3150 3508 pro
3173 3435 3393 3492 materia
3414 3433 3555 3492 bona

1957 3530 2175 3600 propria
2215 3525 2455 3598 ipsorum
2496 3528 2736 3596 civium,
2766 3540 2909 3598 quae
2941 3523 3047 3581 alia
3080 3525 3287 3581 ratione
3314 3523 3553 3581 diximus

1956 3619 2234 3674 continere
2265 3617 2469 3673 bonum
2495 3630 2807 3671 commune.
2828 3617 2885 3670 ln
2909 3613 3110 3686 quibus
3131 3613 3290 3670 etiam
3310 3619 3396 3668 est
3422 3629 3553 3669 con-

1956 3706 2341 3778 siderandum,
2395 3721 2675 3778 nunquam
2718 3703 2917 3760 cadere
2958 3702 3061 3759 sub
3104 3702 3247 3776 lege,
3279 3708 3551 3775 quatenus

1957 3797 2022 3854 ad
2065 3813 2231 3853 unam
2286 3795 2369 3850 vel
2412 3795 2637 3850 alteram
2678 3807 2964 3864 personam
3002 3797 3211 3848 tantum
3260 3793 3549 3864 pertinent,

1958 3884 2053 3941 sed
2091 3895 2371 3959 quatenus
2410 3890 2665 3956 spectant
2690 3881 2755 3945 ad
2785 3898 3049 3954 personas
3076 3887 3259 3939 certae
3285 3882 3553 3939 conditio-

1958 3977 2038 4032 nis
2059 4016 2073 4045 ,
2106 3983 2169 4032 ut
2196 3975 2262 4030 ad
2292 3974 2562 4047 pupillos,
2594 3971 2659 4029 ad
2692 3971 2919 4039 milites,
2950 3979 3061 4028 etc.
3106 3969 3189 4028 vel
3233 3978 3417 4028 certae
3445 3971 3553 4028 ori-

1957 4066 2096 4138 ginis
2115 4107 2130 4134 ,
2161 4071 2227 4121 ut
2264 4063 2469 4120 nobiles
2493 4105 2507 4133 ,
2548 4061 2630 4118 vel
2660 4059 2729 4116 ad
2758 4076 3115 4118 successores
3142 4059 3267 4116 talis
3294 4058 3549 4132 familiam

1958 4161 2014 4212 et
2055 4171 2120 4211 ex
2165 4155 2267 4210 hac
2308 4153 2469 4210 etiam
2512 4157 2665 4224 parte
2708 4151 2985 4223 respicere
3026 4150 3231 4206 bonum
3260 4164 3555 4206 commune

1961 4245 2391 4308 communitate,
2419 4248 2481 4298 ut
2504 4242 2581 4298 sic
2606 4241 2807 4303 dicam,
2834 4240 3271 4306 universalitatis,
3297 4241 3425 4312 quia
3449 4239 3555 4294 sci·

1959 4334 2086 4391 licet
2109 4334 2313 4389 bonum
2340 4330 2475 4387 illud
2496 4333 2548 4387 in
2573 4330 2755 4387 multis
2777 4331 3076 4402 reperitur,
3094 4337 3167 4386 ‘ut
3188 4331 3369 4402 capite
3392 4345 3547 4402 prae·

1962 4423 2179 4480 cedenti
2209 4423 2261 4478 in
2294 4421 2395 4476 tine
2422 4419 2763 4476 declaratum
2792 4426 2896 4476 est.
2928 4423 2997 4476 At
3025 4434 3155 4476 vero
3182 4421 3237 4474 in
3258 4417 3313 4474 d.
3347 4418 3385 4477 Ι.
3416 4423 3468 4487 1,
3492 4419 3551 4475 Π.

1960 4513 2026 4570 de
2049 4511 2279 4568 constit.
2305 4510 2535 4582 princip.
2561 4525 2691 4566 cum
2707 4508 2907 4565 dicitur
2930 4509 3375 4565 constitutionem
3404 4508 3551 4580 prin-

1959 4603 2094 4674 cipis
2133 4600 2421 4674 aliquando
2463 4617 2570 4656 non
2612 4599 2795 4672 egredi
2834 4614 3155 4671 personam,
3186 4614 3297 4654 non
3327 4595 3544 4653 videtur

1959 4693 2102 4748 sumi
2129 4691 2450 4746 constitutio
2490 4705 2589 4762 pro
2622 4689 2736 4762 lege
2766 4687 3021 4760 propria,
3054 4685 3147 4744 sed
3179 4702 3280 4759 pro
3310 4684 3556 4760 quolibet

1957 4781 2140 4837 edicto
2158 4822 2173 4851 ,
2206 4779 2291 4834 vel
2316 4779 2539 4835 decreto
2568 4777 2858 4849 principis,
2884 4777 2931 4833 in
2960 4777 3197 4833 savorem
3215 4818 3230 4846 ,
3254 4775 3343 4832 vel
3365 4773 3551 4832 odium

1959 4871 2192 4927 alicuius
2222 4876 2404 4927 certae
2431 4882 2695 4940 personae
2724 4869 3117 4936 constitutum,
3144 4865 3291 4938 quod
3332 4865 3433 4920 nisi
3460 4863 3557 4920 ba-

1957 4960 2083 5017 beat
2120 4959 2380 5016 maiorem
2423 4956 2833 5028 amplitudinem
2860 4999 2875 5026 ,
2919 4962 2973 5012 et
3013 4955 3273 5012 maiorem
3312 4953 3557 5011 duratio·

1957 5065 2110 5115 nem,
2139 5064 2247 5103 non
2294 5055 2377 5103 est
2424 5047 2641 5119 proprie
2684 5045 2799 5117 lex,
2843 5053 2905 5102 ut
2940 5046 3117 5116 capite
3159 5044 3433 5115 superiori
3476 5043 3557 5100 di-

1958 5145 2108 5195 ctum
2137 5143 2241 5195 est.

2034 5229 2104 5285 Et
2129 5228 2255 5285 hinc
2283 5232 2463 5301 patet,
2486 5225 2619 5300 quid
2640 5224 2929 5282 dicendum
2954 5224 3027 5280 sit
3049 5222 3119 5279 de
3146 5220 3457 5295 privilegio,
3485 5219 3553 5274 de
3598 5253 3603 5262 -
