4325 6267
812 317 939 386 190

728 463 954 540 populi,
986 461 1084 521 sed
1111 467 1200 521 est
1223 459 1507 537 quodlibet
1533 461 1618 520 ius
1645 463 1924 536 proprium
1957 463 2120 521 unius
2147 462 2326 536 gentis

729 553 813 611 vel
836 553 1173 626 provinciae,
1189 551 1274 610 vel
1299 552 1472 625 regni,
1491 552 1578 610 vel
1597 549 1898 611 cuiuslibet
1916 551 2327 611 communitatis

729 641 978 700 habentis
1007 657 1322 715 supremam
1351 640 1786 700 iurisdictionem
1816 643 2193 714 temporalem.
2224 643 2331 700 Ta-

729 748 880 804 men,
909 733 1038 806 quia
1065 732 1170 788 boc
1199 733 1287 790 ius
1315 735 1503 804 coepit
1529 748 1561 789 a
1588 733 1904 791 civitatibus
1933 734 2246 806 supremis,
2273 737 2333 790 et

729 822 798 879 ab
821 821 920 880 illis
941 836 1140 880 nomen
1163 823 1427 896 sumpsit,
1455 821 1574 880 ideo
1595 823 1649 880 in
1669 821 1816 880 dicta
1841 821 1959 898 lege
1980 822 2187 881 dicitur
2208 837 2331 880 esse

728 913 1018 986 proprium
1047 911 1488 986 uniuscuiusque
1517 912 1725 986 populi,
1753 916 1856 986 qui
1875 911 2102 986 leqibus
2129 916 2185 969 et
2206 929 2329 970 mo·

707 1001 893 1082 ‚ribus
919 1005 1166 1076 reyttur,
1203 1001 1252 1058 id
1293 1008 1380 1059 est
1418 1003 1512 1075 qui
1554 1007 1735 1075 potest
1777 1003 1877 1059 sibi
1917 1004 2206 1075 proprium
2247 1001 2331 1058 ius

729 1093 1068 1152 constituere
1090 1097 1309 1165 praeter
1331 1091 1494 1166 illud,
1519 1091 1670 1166 quod
1693 1092 1948 1150 omnibus
1971 1093 2227 1167 gentibus
2248 1097 2333 1150 est

729 1195 1053 1252 commune3
1089 1181 1338 1254 loquitur
1365 1196 1500 1255 ergo
1526 1180 1594 1239 de
1617 1181 1833 1254 populis
1855 1181 2064 1253 liberis,
2089 1187 2154 1238 ut
2175 1187 2333 1238 erant

727 1286 1021 1344 romanus,
1052 1270 1414 1343 atheniensis,
1445 1276 1503 1328 et
1539 1270 1768 1339 similes,
1799 1270 1854 1327 in
1895 1270 2100 1344 quibus
2141 1271 2329 1344 posuit

729 1360 1040 1434 exemplum
1066 1361 1362 1433 imperator
1388 1361 1439 1416 in
1473 1365 1582 1432 52,
1613 1370 1672 1418 et
1700 1366 1756 1432 3,
1782 1362 1956 1418 instit.
1991 1362 2058 1420 de
2087 1363 2207 1419 iure
2238 1375 2333 1418 na-

729 1457 909 1523 turae,
939 1451 1214 1525 gentium,
1241 1456 1296 1507 et
1323 1450 1487 1508 civili.
1515 1451 1585 1507 Et
1609 1448 1676 1506 de
1705 1449 1912 1508 eisdem
1942 1450 2126 1508 liberis
2157 1467 2333 1524 popu-

728 1540 796 1598 lis
823 1541 1046 1598 locutus
1073 1547 1160 1597 est
1183 1542 1348 1598 etiam
1377 1539 1570 1597 isidor.
1601 1543 1655 1597 in
1682 1555 1807 1615 cap.
1837 1543 1944 1599 Ius
1971 1540 2166 1609 civile,
2198 1541 2326 1598 dist.

736 1634 787 1696 1,
817 1636 883 1687 ut
918 1629 991 1685 ibi
1029 1636 1182 1687 notat
1207 1628 1424 1688 Cardin.
1457 1629 1722 1688 Alexand.
1765 1637 1823 1687 et
1857 1631 2064 1688 Decius
2105 1630 2160 1687 in
2202 1646 2327 1702 cap.

729 1719 1024 1788 Ecclesia,
1048 1721 1114 1778 de
1137 1723 1360 1779 constit.
1387 1736 1443 1777 n.
1471 1725 1565 1779 24.
1583 1723 1912 1795 Loquuntur
1933 1723 2078 1778 enim
2099 1720 2189 1778 illa
2209 1723 2335 1778 iura

729 1808 797 1866 de
819 1809 1030 1884 populis
1051 1808 1358 1870 secundum
1393 1825 1454 1867 se
1473 1811 1734 1883 spectatis
1761 1817 1816 1868 et
1835 1810 2145 1869 secundum
2173 1826 2331 1868 suam

730 1901 1062 1974 primaevam
1089 1910 1369 1960 naturam.

806 1995 880 2050 At
907 2007 1037 2050 vero
1066 1995 1242 2049 omnis
1264 1993 1458 2049 civitas
1481 1993 1594 2050 sive
1619 1991 1792 2049 maior
1813 1993 1904 2063 sit,
1929 1991 2042 2049 sive
2071 1991 2330 2064 maxima,

730 2099 874 2158 quae
914 2082 1131 2140 subdita
1157 2089 1242 2140 est
1267 2097 1528 2154 supremo
1569 2081 1817 2155 principi,
1850 2081 1902 2138 in
1943 2096 2108 2156 quem
2145 2080 2335 2154 populi

728 2179 977 2246 potestas
1005 2173 1265 2231 translata
1292 2178 1396 2244 est,
1425 2174 1532 2230 iam
1561 2189 1670 2229 non
1697 2178 1882 2245 potest
1906 2172 2148 2231 condere
2180 2173 2330 2248 leges

727 2279 827 2336 per
855 2277 914 2320 se
943 2263 1082 2336 sola,
1104 2279 1171 2319 ex
1197 2263 1246 2319 vi
1266 2262 1438 2320 solius
1461 2262 1742 2334 potestatis
1765 2262 2037 2334 propriae,
2061 2264 2201 2336 quia
2220 2264 2331 2320 iam

729 2367 790 2409 se
817 2352 1092 2410 abdicavit
1128 2357 1400 2425 potestate
1439 2353 1754 2410 necessaria
1793 2351 1862 2408 ad
1902 2351 2154 2408 ferendas
2183 2351 2333 2426 leges

727 2448 1024 2515 perpetuas
1051 2449 1107 2500 et
1136 2440 1202 2500 ad
1225 2456 1520 2500 commune
1543 2443 1750 2499 bonum
1773 2440 2084 2514 ordinatas3
2111 2447 2333 2514 oportet

725 2547 881 2604 ergo,
912 2539 979 2589 ut
1003 2531 1090 2590 vel
1118 2548 1149 2588 a
1177 2532 1436 2605 principio
1481 2532 1534 2588 in
1560 2531 1838 2589 creatione
1867 2531 1952 2588 sui
1981 2531 2327 2604 principatus

727 2623 834 2680 sub
863 2622 956 2680 tali
982 2622 1293 2681 conditione
1317 2623 1402 2679 vel
1430 2622 1747 2680 limitatione
1777 2621 1974 2679 collata
1997 2620 2161 2679 suerit
2184 2621 2333 2694 prin·

728 2713 836 2784 cipi
875 2717 1136 2786 potestas,
1167 2721 1236 2770 ut
1274 2713 1468 2770 civitas
1507 2719 1696 2786 posset
1735 2711 2084 2768 nibilominus
2125 2727 2225 2785 per
2266 2727 2326 2770 se

729 2807 974 2858 statuere
1001 2801 1068 2859 de
1095 2803 1263 2860 rebus
1300 2800 1367 2858 ad
1404 2817 1564 2860 suam
1601 2801 1932 2874 peculiarem
1971 2801 2331 2874 gubernatio-

729 2906 854 2948 nem
881 2897 938 2948 et
958 2891 1482 2950 administrationem
1505 2892 1931 2964 pertinentibus3
1963 2890 2046 2950 vel
2068 2898 2246 2965 certe,
2272 2898 2335 2950 ut

727 2987 922 3054 postea
945 2995 1017 3038 ex
1042 2980 1362 3054 particulari
1390 2981 1649 3054 principis
1673 2982 2028 3039 concessione
2051 2981 2214 3040 talem
2234 2996 2332 3053 po·

731 3076 985 3129 testatem
1010 3073 1304 3144 receperit.
1336 3073 1406 3129 Et
1425 3071 1490 3130 de
1511 3070 1755 3152 quolibet
1776 3072 2006 3130 istorum
2031 3070 2328 3130 modorum

729 3167 990 3219 constare
1016 3165 1220 3236 poterit
1247 3162 1330 3220 vel
1359 3161 1646 3236 privilegiis
1675 3162 1935 3236 antiquis,
1967 3162 2054 3219 vel
2083 3177 2152 3219 ex
2180 3177 2335 3218 com·

731 3253 884 3309 muni
914 3252 1032 3310 iure
1061 3252 1180 3309 talis
1205 3253 1382 3326 regui,
1413 3251 1522 3322 vel,
1555 3252 1707 3326 quod
1731 3258 1819 3309 est
1836 3251 2199 3324 frequentius,
2224 3265 2335 3308 usu

729 3347 790 3399 et
815 3341 978 3415 longa
1003 3342 1425 3400 consuetudine.
1452 3342 1622 3398 Extra
1643 3341 1746 3398 bos
1765 3356 1896 3398 vero
1919 3355 2085 3398 casus
2108 3354 2335 3399 necesse

733 3439 856 3505 est,
887 3441 952 3491 ut
987 3439 1258 3490 statutum
1295 3432 1532 3489 civitatis
1569 3429 1820 3488 subditae
1847 3446 1944 3504 per
1973 3446 2138 3489 suum
2168 3446 2333 3502 supe·

730 3523 932 3580 riorem
959 3536 1218 3594 expresse
1237 3520 1323 3578 vel
1348 3521 1512 3578 tacite
1539 3521 1910 3593 confirmetur,
1935 3526 2000 3577 ut
2030 3518 2228 3577 babeat
2248 3534 2335 3577 ra·

731 3613 934 3670 tionem
961 3612 1124 3685 legis,
1149 3610 1296 3668 sicut
1321 3610 1373 3666 in
1395 3613 1420 3682 ξ
1439 3614 1690 3678 constat,
1723 3610 1900 3667 instit.
1929 3608 2000 3666 de
2023 3611 2146 3668 iure
2173 3614 2335 3666 natu·

731 3702 854 3772 rali,
884 3701 1095 3759 dicitur
1114 3741 1131 3774 ,
1160 3700 1446 3773 plebiscita
1471 3701 1720 3773 coepisse
1751 3698 1951 3757 babere
1989 3699 2228 3757 valorem
2258 3698 2335 3756 le-

730 3806 864 3866 gum
903 3805 1002 3862 per
1041 3790 1218 3864 legem
1257 3789 1632 3858 Hortensiam,
1675 3788 1886 3847 scilicet
1924 3791 2056 3862 quia
2095 3804 2336 3848 consen·

732 3883 895 3940 tiente
923 3887 1120 3938 senatu
1146 3880 1234 3938 illa
1263 3878 1498 3937 facultas
1541 3879 1682 3951 plebi
1718 3877 1846 3937 data
1881 3885 1987 3936 est.
2019 3878 2169 3937 Idem
2196 3895 2333 3953 ergo

728 3971 1028 4045 requiritur
1054 3985 1186 4028 cum
1214 3969 1564 4044 proportione
1591 3969 1642 4025 in
1680 3983 2036 4043 quacumque
2076 3985 2334 4028 commu-

729 4062 916 4133 nitate,
948 4075 1090 4135 quae
1119 4077 1228 4117 non
1255 4067 1342 4119 est
1370 4075 1646 4132 suprema.
1673 4059 1746 4116 Et
1783 4059 1888 4117 boc
1924 4061 2090 4117 etiam
2129 4060 2333 4133 signiti-

730 4157 894 4209 catur
923 4151 976 4207 in
1005 4150 1044 4208 l.
1078 4155 1135 4220 3,
1162 4151 1227 4208 C.
1259 4149 1328 4207 de
1356 4150 1590 4224 legibus,
1619 4149 1714 4206 ibi:
1741 4153 1864 4207 Nec
1890 4150 1992 4217 its,
2023 4165 2181 4222 quae
2205 4166 2334 4226 spe·

729 4239 972 4298 cialiter
997 4237 1363 4314 quibusdam
1389 4254 1673 4296 concessa
1697 4239 2214 4308 summitatibus,
2240 4239 2335 4298 vel

726 4333 1063 4406 provinciis
1081 4371 1096 4402 ,
1127 4327 1221 4387 vel
1249 4329 1626 4404 corporibus.
1657 4334 1772 4388 etc.
1805 4329 1906 4386 Ubi
1943 4327 2093 4387 clare
2128 4346 2335 4402 suppo·

730 4423 914 4493 nitur,
944 4436 1134 4479 omnes
1163 4426 1337 4478 terras
1365 4419 1640 4477 subiectas
1665 4419 1892 4493 imperio
1920 4419 2160 4494 indigere
2200 4435 2335 4478 con-

731 4513 985 4570 cessione
1025 4511 1370 4583 imperatoris
1417 4509 1485 4566 ad
1523 4508 1840 4568 statuendas
1876 4511 2124 4582 proprias
2159 4509 2332 4583 leges,

729 4599 879 4674 quod
901 4615 1011 4657 non
1033 4599 1211 4656 solum
1233 4599 1301 4656 de
1327 4599 1640 4657 civitatibus
1663 4599 1948 4672 maximis„
1961 4599 2058 4656 sed
2079 4601 2244 4658 etiam
2266 4599 2333 4658 de

730 4690 1050 4764 provinciis,
1092 4694 1150 4746 et
1185 4689 1240 4746 in
1275 4689 1595 4766 universum
1631 4687 1700 4746 de
1724 4689 2060 4763 corporibus
2088 4689 2335 4766 mysticis

732 4779 996 4839 traditur.

807 4870 998 4929 Solum
1025 4871 1292 4928 constitui
1328 4876 1514 4944 potest
1552 4870 1858 4929 differentia
1892 4871 2034 4930 inter
2063 4873 2331 4931 maximas

730 4962 980 5018 civitates
1007 4965 1064 5018 et
1093 4959 1397 5033 inferiores,
1425 4961 1554 5035 quia
1579 4960 1931 5020 verisimilius
1954 4969 2062 5036 est,
2086 4969 2329 5036 potesta-

732 5057 842 5110 tem
873 5049 1016 5109 banc
1045 5051 1279 5109 concedi
1306 5051 1550 5109 maximis
1587 5045 1918 5126 civitatibus,
1949 5055 2132 5125 potius
2158 5069 2328 5128 quam

730 5141 1097 5214 inferioribus,
1127 5141 1374 5215 quamvis
1399 5141 1452 5197 in
1473 5142 1726 5214 utrisque
1748 5143 2126 5202 necessarium
2155 5145 2244 5216 sit,
2264 5151 2329 5204 ut

728 5232 798 5292 de
826 5232 918 5291 tali
943 5232 1319 5306 concessione,
1341 5230 1426 5290 vel
1447 5238 1716 5306 potestate
1739 5232 2080 5292 sufficienter
2109 5241 2331 5294 constet

2190 336 2395 388 mmm
2420 337 2530 388 m.

2395 461 2578 536 aliquo
2604 476 2673 520 ex
2700 461 2863 520 dictis
2894 459 3089 519 modis.
3122 463 3259 521 Nam
3298 474 3367 519 ex
3406 460 3527 519 iure
3565 459 3843 520 communi
3884 477 3995 521 non

2396 559 2615 612 constat
2640 553 2805 610 etiam
2836 568 2937 626 pro
2978 552 3287 611 civitatibus
3326 551 3574 609 maximis
3607 551 3871 610 subiectis
3897 552 3997 612 im·-

2397 645 2571 716 perio,
2598 643 2731 718 quia
2752 658 2853 702 nec
2878 642 3294 701 iureconsultus
3314 644 3481 701 Caius
3499 645 3557 699 in
3578 641 3727 701 dicta
3746 643 3783 701 l.
3808 659 4009 702 omnes

2394 732 2605 808 populi
2632 732 2701 790 de
2732 732 2816 789 bis
2846 732 3065 806 populis
3096 731 3319 790 locutus
3347 739 3434 790 est
3452 776 3467 806 ,
3495 738 3562 790 ut
3584 732 3695 790 dixi
3717 775 3732 803 ,
3757 748 3863 790 nec
3890 735 4009 806 ipse

2399 830 2621 898 poterat
2658 823 2877 897 populis
2916 823 3179 881 subiectis
3218 822 3364 880 illam
3399 821 3721 881 facultatem
3757 817 3915 893 dare,
3946 828 4009 881 ut

2400 929 2499 987 per
2530 930 2587 972 se
2609 921 2849 972 constat.
2876 915 2991 973 Nec
3010 913 3171 970 etiam
3191 913 3527 971 Iustinianus
3550 914 3919 987 imperatorin
3940 929 4007 971 eo

2400 1020 2566 1063 sensu
2590 1003 2737 1062 illam
2759 1004 2938 1078 legem
2957 1004 3269 1078 acceptavit
3288 1004 3452 1072 ins2.
3475 1006 3658 1063 instit.
3676 1005 3741 1063 de
3764 1005 3885 1062 iure
3905 1021 4007 1061 na-

2402 1102 2515 1153 tur.
2548 1095 2681 1169 quin
2710 1097 2895 1168 potius
2921 1095 2973 1150 in
3004 1094 3041 1151 Ι.
3074 1095 3255 1154 ult.C.
3276 1094 3344 1152 de
3372 1095 3533 1168 legib.
3556 1109 3817 1168 expresse
3844 1093 4001 1154 dizit:

2399 1188 2472 1243 In
2490 1189 2795 1260 praesenti
2814 1184 2925 1242 soli
2946 1185 3299 1260 imperatori
3316 1183 3469 1259 leqes
3492 1183 3746 1242 condere
3772 1200 4011 1243 conces-

2400 1292 2533 1336 sum
2562 1279 2667 1344 est,
2702 1277 2901 1350 utique
2928 1274 2981 1331 in
3012 1291 3115 1332 suo
3142 1277 3373 1348 imperio
3392 1316 3408 1347 ,
3438 1281 3589 1333 etex
3616 1275 3665 1331 vi
3694 1274 4005 1332 ordinariae

2402 1367 2713 1440 potestatis.
2742 1370 2921 1438 Atque
2953 1364 3095 1422 idem
3124 1380 3255 1422 cum
3277 1366 3633 1438 proportione
3656 1366 3817 1422 estin
3837 1378 4009 1437 regno

2402 1456 2718 1527 Hispaniae,
2752 1461 2814 1513 ut
2838 1455 3101 1512 statuitur
3128 1454 3183 1510 in
3210 1452 3357 1512 dicta
3383 1453 3421 1511 l.
3462 1458 3553 1528 12,
3582 1455 3669 1511 tit.
3710 1456 3761 1524 l,
3792 1458 3935 1526 part.
3954 1457 4001 1519 1,

2403 1543 2495 1601 ubi
2520 1547 2690 1602 etiam
2716 1546 2945 1618 Gregor.
2978 1547 3153 1618 Lopez
3178 1544 3349 1602 refert
3368 1545 3773 1618 Pragmaticam
3794 1545 4009 1617 specia-

2402 1635 2509 1692 lem
2538 1635 2643 1693 boc
2672 1640 3037 1708 statuentem,
3066 1651 3209 1710 quae
3238 1634 3397 1693 bodie
3424 1635 3661 1692 babetur
3688 1636 3744 1691 in
3773 1633 3911 1691 libro
3946 1637 3997 1691 7.

2400 1740 2571 1782 novae
2599 1727 2906 1798 Recopilat.
2938 1727 3021 1782 tit.
3062 1729 3112 1798 1,
3144 1724 3183 1782 Ι.
3219 1733 3274 1798 8,
3310 1731 3371 1783 et
3400 1724 3540 1783 idem
3577 1724 3915 1799 significatur
3951 1723 4007 1779 in

2402 1814 2609 1887 legibus
2651 1815 2815 1872 buius
2852 1816 3009 1888 regni
3048 1814 3355 1873 Lusitaniae
3392 1815 3485 1872 lib.
3524 1820 3580 1888 3,
3618 1815 3703 1873 tit.
3750 1817 3854 1884 75,
3892 1817 3919 1887 ξ
3954 1817 4001 1871 l.

2364 1942 2369 1950 -
2401 1903 2601 1962 Ultimo
2632 1905 2833 1978 inquiri
2861 1905 2951 1962 bic
2982 1911 3220 1979 poterat,
3251 1920 3321 1962 an
3349 1904 3483 1962 baec
3510 1909 3755 1978 potestas
3795 1901 4005 1960 serendi

2400 1992 2552 2067 leges
2584 1993 2771 2052 civiles
2796 1993 3117 2069 delegabilis
3148 1995 3235 2052 sit.
3268 1993 3377 2052 Sed
3400 1996 3457 2051 in
3485 1994 3589 2052 boc
3628 1993 3760 2050 nibil
3800 2006 4009 2050 occur-

2402 2085 2476 2140 rit
2499 2081 2809 2142 addendum
2838 2085 2946 2157 his,
2974 2099 3120 2162 quae
3146 2086 3201 2142 in
3230 2083 3367 2142 libro
3388 2084 3661 2160 superiori
3682 2097 3806 2155 cap.
3836 2081 3924 2140 Ν.
3949 2084 4007 2139 in

2400 2174 2505 2232 tine
2532 2173 2795 2233 diximus.

2986 2363 3266 2436 CAPUT
3305 2363 3395 2432 X.

2486 2577 2699 2638 Utrum
2722 2578 2985 2650 potestas
2995 2571 3243 2646 serendi
3272 2572 3425 2648 leqes
3449 2569 3650 2630 civiles
3664 2569 3929 2650 pendeat

2714 2681 2790 2723 ex
2801 2663 2932 2740 fide
2960 2663 3050 2723 vel
3076 2663 3339 2722 moribus
3356 2667 3671 2740 principis.

2960 2857 3448 2924 summarium

2405 3059 2454 3110 1.
2484 3059 2720 3112 Haeresis
2746 3059 3115 3114 waldensium.
3140 3085 3211 3098 -
3236 3057 3288 3111 Ξ.
3316 3059 3447 3111 Vera
3468 3059 3748 3112 sententia.
3768 3085 3839 3100 -
3854 3059 4007 3114 Fides

2472 3138 2524 3182 et
2552 3132 2750 3194 reliqua
2774 3131 3185 3196 supernaturalia
3207 3143 3309 3181 nou
3328 3130 3665 3194 requiruntur
3686 3129 3752 3181 dc
3772 3131 3888 3183 iure
3914 3145 4005 3184 na-

2473 3205 2623 3251 turae
2648 3200 2710 3251 ad
2734 3207 3041 3265 potestatem
3061 3201 3419 3263 legislativum,
3434 3207 3613 3264 utpote
3638 3213 3771 3264 quae
3794 3203 3898 3252 sint
3916 3217 4005 3254 su-

2472 3271 2691 3335 perioris
2715 3270 2928 3322 ordinis.
2950 3270 3086 3321 —3.
3114 3271 3419 3322 Occurritur
3440 3270 3671 3322 dubiolo.
3700 3299 3771 3308 —
3794 3272 3846 3321 4.
3876 3272 3999 3324 Pro-

2470 3341 2627 3392 batur
2648 3341 2875 3392 secunda
2894 3353 3013 3405 pars
3036 3339 3537 3392 conclusionis—5.
3560 3341 3815 3392 Probatur
3840 3343 3997 3392 tertia

2470 3422 2589 3474 pars
2610 3410 3187 3474 conclusionis—Quid
3212 3417 3383 3475 potest
3407 3411 3637 3462 Ecclesia
3662 3412 3715 3462 in
3740 3412 4003 3476 principes

2471 3479 2702 3532 infideles
2721 3495 2821 3533 non
2838 3479 3347 3545 baptizatos—Quid
3359 3482 3412 3530 in
3426 3481 3795 3544 baptizatos.-
3806 3482 3858 3532 6.
3870 3483 4003 3533 Con-

2470 3551 2655 3613 clusio,
2680 3558 2734 3602 et
2758 3551 2823 3602 de
2846 3551 2963 3602 tide.
2988 3577 3059 3587 -
3081 3551 3231 3602 Ratio
3253 3549 3754 3602 conclusionis.-7.
3778 3551 4001 3602 Dubium

2468 3621 2609 3671 circa
2626 3633 2793 3672 mores
2810 3621 3206 3686 principis—8.
3222 3619 3430 3682 Quando
3447 3620 3602 3672 liceat
3618 3631 3830 3672 serrare
3850 3633 4003 3687 prae-

2469 3697 2618 3756 cepta
2639 3693 2866 3756 tyranni,
2892 3690 3094 3758 quando
3120 3703 3219 3743 non
3244 3690 3418 3743 liceat.

2482 3879 2689 3938 Minue
2708 3879 3087 3953 quaestionem
3108 3891 3301 3936 moveo
3320 3881 3547 3950 propter
3565 3873 3836 3934 baeresim
3844 3877 3998 3936 Wal-

2401 3967 2651 4026 deusium
2680 3969 2773 4044 (ut
2798 3968 2965 4027 refert
2986 3969 3185 4026 Castro
3212 3967 3365 4026 verb.
3390 3968 3701 4042 potestas).
3724 3967 3996 4040 quoswi-

2400 4059 2633 4133 clepbus
2658 4066 2715 4118 et
2738 4061 2967 4118 loannes
2996 4060 3111 4116 Hus
3142 4059 3323 4116 secuti
3350 4064 3510 4130 sunt,
3540 4055 3789 4116 dicentes
3806 4096 3823 4128 ,
3850 4059 4001 4130 prin-

2398 4151 2553 4222 cipes
2578 4151 2796 4223 iniquos
2824 4149 2909 4207 vel
2936 4147 3175 4207 infideles
3202 4163 3313 4205 non
3348 4146 3549 4205 habere
3588 4146 3807 4205 civilem
3844 4152 4003 4220 pote-

2401 4247 2621 4312 statem,
2651 4247 2709 4298 et
2736 4246 3135 4314 consequenter
3160 4253 3271 4296 non
3297 4252 3461 4310 posse
3486 4240 3605 4295 suis
3626 4235 3843 4311 legibus
3866 4235 4001 4294 sub·

2401 4331 2543 4389 ditos
2569 4329 2844 4406 obligare,
2878 4330 3026 4406 quod
3053 4333 3253 4403 etiam,
3294 4336 3359 4386 ut
3384 4327 3663 4401 referunt,
3694 4329 3867 4386 sensit
3887 4331 3993 4386 Ar-

2400 4435 2665 4479 macanus
2685 4419 2779 4478 lib.
2800 4426 2887 4482 to.
2913 4418 2985 4476 de
3006 4418 3397 4494 quaestionib.
3426 4419 3999 4476 Armenorum.l'·'un·

2400 4509 2629 4580 dantur,
2644 4510 2773 4584 quia
2792 4515 3033 4583 potestas
3054 4510 3203 4582 regia
3224 4509 3510 4566 ordinatur
3532 4506 3601 4565 ad
3617 4508 3823 4566 bonum
3844 4523 3999 4575 com-

2400 4588 2597 4673 mu‘ne3
2636 4607 2785 4658 esset
2808 4607 2990 4658 autem
3018 4599 3173 4657 valde
3202 4601 3545 4658 contrarium
3572 4599 3717 4656 bono
3744 4614 3999 4658 commu·

2400 4692 2478 4760 ni,
2510 4692 2636 4747 siin
2665 4689 2981 4748 huiusmodi
3006 4689 3205 4762 iniquis
3242 4689 3551 4746 bominibus
3585 4688 3713 4746 talis
3748 4695 3997 4762 potestas

2400 4783 2759 4853 inveniretur,
2782 4786 2881 4838 aut
2899 4785 3299 4853 perseveraret3
3321 4786 3379 4837 et
3397 4778 3519 4837 ideo
3530 4779 3661 4837 Saul
3683 4780 3868 4838 statim
3888 4781 4001 4852 pri-

2398 4878 2559 4930 vatus
2586 4870 2689 4928 suit
2716 4886 2909 4945 regno,
2941 4876 3233 4943 postquam
3264 4871 3374 4928 Deo
3400 4869 3689 4942 displicere
3716 4869 3916 4942 coepit,
3934 4874 3997 4928 2.

2396 4963 2534 5036 Reg.
2574 4965 2663 5021 15.
2693 4961 2765 5019 Et
2789 4959 2859 5018 de
2886 4959 3105 5034 regibus
3124 4959 3325 5034 iniquis
3352 4957 3679 5033 generaliter
3698 4957 3835 5018 dicit
3853 4960 4002 5017 Deus

2396 5051 2569 5111 Oscae
2593 5058 2645 5111 8:
2674 5054 3109 5124 Reqnaverunt,
3136 5055 3195 5108 et
3212 5067 3332 5108 vum
3350 5065 3428 5108 ecc
3447 5067 3558 5120 me,
3585 5049 3641 5108 id
3660 5055 3767 5124 est,
3787 5066 3901 5108 non
3920 5051 4000 5110 le·

2395 5145 2583 5220 gitima
2614 5149 2904 5216 potestate.
2936 5144 3083 5200 Haec
3112 5147 3295 5199 tamen
3321 5143 3591 5201 sententia
3630 5156 3862 5199 erronea
3886 5149 3996 5216 est,

2395 5241 2454 5293 et
2478 5234 2735 5293 damnata
2760 5235 2817 5292 in
2844 5231 3081 5292 concilio
3106 5231 3529 5307 constantiensi,
3556 5247 3697 5290 sess.
3730 5237 3785 5292 8.
3814 5235 3875 5291 et
3904 5235 3997 5292 15.
