4325 6267
1717 370 1930 422 CAPUT
1955 371 2107 422 XXI.

363 497 605 550 deductio
639 511 702 551 ex
735 499 850 563 lege
885 500 1127 552 naturali.
1165 527 1236 538 —
1271 498 1324 552 9.
1363 498 1717 566 Respondetur
1741 512 1896 563 argu-

365 571 552 620 mentis
577 569 988 624 adversantibus.
1015 599 1086 608 —
1114 571 1198 623 10.
1219 573 1506 637 Dupliciter
1524 578 1691 636 potest
1711 571 1898 634 aliquis

363 654 476 690 esse
505 653 628 690 reus
661 653 852 704 poenae
886 641 1310 706 transgrediendo
1335 643 1517 704 legem.
1546 670 1616 679 —-
1644 642 1728 693 11.
1756 641 1898 692 Obli-

363 721 488 774 gare
510 717 564 760 et
590 712 858 761 remittere
882 726 981 763 non
1006 718 1128 762 sunt
1151 715 1442 764 necessario
1458 711 1892 763 connexa.-12.

365 782 452 831 vis
475 781 766 844 obligandi,
793 795 944 846 quam
967 782 1121 834 habet
1145 783 1228 834 lex
1250 783 1488 847 humana,
1511 784 1564 835 in
1590 784 1705 846 lege
1727 787 1896 833 aeter-

366 865 430 902 na
455 852 732 918 praecipue
758 852 1023 904 fundatur.

3349 347 3477 414 235

1966 497 2150 555 officio
2181 495 2322 571 eius,
2352 497 2445 556 cui
2472 495 2733 556 mandata
2760 499 2847 554 est
2871 493 3195 568 iurisdictio,
3228 493 3373 552 sicut
3395 491 3563 552 iudex

1971 588 2273 646 saecularis
2312 602 2421 646 non
2447 594 2637 683 potest
2664 589 2980 662 praecipere
3009 587 3116 644 sub
3143 602 3317 659 poena
3340 600 3564 644 excom-

1967 679 2383 749 municationis3
2424 693 2555 752 ergo
2598 677 2875 752 legislator
2907 677 3185 735 humanus
3230 692 3339 734 non
3376 680 3563 750 potest

1967 768 2207 842 obligare
2244 767 2348 825 sub
2386 784 2565 842 poena
2599 768 2798 825 inferni
2827 767 2911 826 vel
2941 768 3268 842 purgatorii,
3298 768 3429 841 quia
3452 783 3566 824 non

1965 864 2149 930 potest
2176 856 2325 916 illam
2355 858 2597 932 infligere
2615 877 2631 930 3
2664 858 2761 914 sed
2782 857 3024 930 obligare
3044 859 3100 914 in
3120 857 3459 915 conscientia
3478 862 3569 915 est

1845 969 1851 974 ·
1964 947 2207 1022 obligare
2248 947 2351 1006 sub
2390 955 2546 1005 reatu
2590 947 2757 1005 huius
2784 963 3021 1020 poenae,
3055 963 3185 1021 ergo
3214 947 3430 1005 excedit
3454 946 3565 1006 hoc

379 1041 432 1098 1.
472 1038 774 1110 Explicatis
810 1039 1175 1115 causislegis,
1203 1046 1262 1099 et
1287 1023 1895 1100 omnibus'conditioni-

298 1130 400 1187 bus
447 1131 733 1204 requisitis
769 1131 837 1188 ad
872 1132 1096 1204 plenum
1123 1132 1366 1191 valorem
1402 1138 1460 1190 et
1483 1133 1790 1191 efficaciam
1817 1131 1895 1188 le-

297 1223 409 1296 gis,
447 1223 704 1295 sequitur
733 1220 1024 1280 dicendum
1054 1215 1132 1280 de'
1150 1221 1295 1280 illius
1321 1223 1632 1296 effectibus,
1662 1223 1754 1296 qui
1783 1221 1897 1279 sere

299 1326 488 1370 omnes
534 1311 604 1369 ad
646 1311 1024 1385 obligationem
1064 1319 1394 1371 revocantur
1443 1315 1598 1392 iuxta
1639 1312 1894 1385 superius

296 1402 442 1460 dicta
477 1403 546 1460 de
575 1402 692 1477 lege
721 1403 772 1458 in
799 1404 1112 1474 communi,
1141 1411 1200 1461 et
1218 1403 1338 1461 ideo
1367 1404 1504 1460 baec
1533 1403 1784 1476 obligatio
1813 1401 1892 1460 le-

295 1494 374 1566 gis
395 1491 570 1549 civilis
595 1493 881 1565 potissime
903 1509 934 1550 a
955 1492 1112 1550 nobis
1132 1491 1451 1566 explicanda
1473 1500 1575 1550 est.
1603 1493 1738 1562 Quia
1759 1507 1891 1549 vero

298 1600 361 1640 ex
389 1582 604 1640 ratione
641 1583 920 1639 communi
949 1583 1082 1658 legis
1104 1591 1343 1658 constat,
1367 1583 1748 1658 obligationem
1770 1598 1894 1640 esse

300 1675 456 1747 quasi
483 1673 764 1731 formalem
789 1675 1057 1732 ‚eflectum
1077 1674 1242 1748 legis,
1258 1690 1360 1732 nec
1385 1690 1544 1748 posse
1565 1689 1686 1732 esse
1706 1690 1894 1732 veram

299 1761 493 1836 legem,
524 1764 659 1836 quin
697 1763 937 1837 aliquam
967 1764 1352 1838 obligationem
1377 1765 1597 1835 inferat,
1629 1770 1687 1821 et
1712 1765 1770 1821 in
1797 1780 1892 1820 su·

299 1853 605 1924 perioribus
655 1859 941 1910 ostensum
986 1860 1100 1924 est,
1154 1861 1473 1928 potestatem
1522 1855 1740 1912 civilem
1767 1871 1891 1913 esse

301 1958 424 1999 vere
454 1941 836 2016 legislativam,
868 1960 932 2001 ac
963 1945 1194 2003 subinde
1221 1945 1398 2018 legem
1419 1945 1632 2002 civilem
1653 1961 1776 2003 esse
1797 1961 1891 2003 ve·

309 2049 426 2090 ram
454 2032 666 2107 legem3
712 2033 833 2090 ideo
871 2051 983 2092 non
1010 2035 1324 2093 dubitamus
1355 2038 1411 2093 in
1439 2051 1636 2109 genere
1663 2035 1730 2112 de
1759 2035 1892 2093 obli·

297 2123 551 2196 gatione,
601 2123 696 2181 sed
740 2124 887 2182 illam
926 2127 1316 2198 supponimu83
1358 2125 1676 2199 inquirimus
1705 2135 1892 2184 autem

297 2213 518 2272 modum
559 2230 656 2272 seu
703 2217 946 2288 speciem
985 2217 1136 2291 eius,
1177 2221 1234 2274 et
1258 2217 1310 2272 in
1339 2215 1446 2273 hoc
1476 2232 1644 2273 sensu
1673 2218 1895 2289 quaeri-

295 2321 445 2375 mus,
486 2321 556 2362 an
599 2306 838 2364 humana
878 2306 998 2382 lex,
1037 2309 1363 2380 praesertim
1401 2307 1607 2382 civilis,
1637 2308 1810 2381 possit
1839 2309 1892 2364 in

294 2397 629 2454 conscientia
655 2397 914 2472 obligare.

366 2489 525 2544 Ratio
566 2494 750 2545 autem
793 2487 1077 2546 dubitandi
1119 2505 1242 2546 esse
1281 2495 1492 2563 potest,
1543 2489 1673 2563 quia
1712 2489 1891 2546 sorum

295 2578 657 2635 conscientiae
705 2585 792 2636 est
839 2579 1019 2637 sorum
1071 2582 1201 2652 Dei·,
1246 2579 1342 2638 sed
1381 2579 1542 2637 homo
1581 2595 1687 2636 non
1715 2586 1896 2653 potest

295 2667 534 2742 obligare
563 2669 616 2726 in
644 2669 766 2726 soro
796 2671 923 2732 Deiz
955 2686 1088 2746 ergo
1116 2687 1216 2728 nec
1245 2672 1301 2727 in
1329 2671 1449 2727 soro
1499 2671 1888 2728 conscientiae.

292 2760 457 2816 Maior
480 2759 811 2827 §declaratur
849 2761 1170 2834 explicando
1210 2760 1585 2833 metaphoram
1615 2764 1770 2818 vocis
1788 2758 1892 2831 fo-

290 2865 460 2910 rum:
481 2865 608 2906 nam
627 2867 693 2907 ex
715 2852 989 2923 primaeva
1012 2852 1354 2923 impositione
1383 2852 1651 2924 significat
1678 2851 1887 2923 locum,

291 2939 341 2994 in
371 2955 484 3012 quo
506 2940 772 2998 iudicium
803 2949 1112 3014 exercetur,
1135 2957 1258 3014 cap.
1278 2947 1520 3010 Forum,
1549 2941 1615 2998 de
1636 2942 1787 2999 verb.
1820 2943 1892 2998 si-

289 3029 531 3102 gnificat.
583 3030 712 3088 Inde
758 3047 889 3087 vero
935 3032 1196 3089 translata
1239 3039 1325 3088 est
1371 3030 1441 3088 ad
1477 3031 1890 3106 significandum

289 3121 471 3191 ipsum
509 3119 803 3194 iudicium,
845 3127 900 3179 et
938 3123 1014 3179 ita
1049 3120 1401 3195 distinguitur
1441 3122 1644 3195 duplex
1685 3123 1887 3196 sorum,

290 3209 564 3270 internum
589 3217 645 3269 et
670 3221 980 3285 externum,
1005 3210 1073 3267 de
1099 3217 1323 3270 externo
1359 3213 1418 3270 iit
1441 3215 1648 3271 mentio
1676 3215 1732 3270 in
1761 3227 1885 3284 cap.

294 3303 446 3358 Cum
484 3305 821 3377 episcopus,
865 3303 934 3360 de
971 3303 1120 3360 offic.
1163 3303 1340 3362 ordin.
1385 3305 1437 3361 in
1477 3308 1532 3374 6,
1562 3310 1618 3361 et
1641 3305 1889 3361 innuitur

289 3405 407 3448 esse
423 3391 648 3465 duplex,
665 3393 1105 3452 ecclesiasticum
1127 3402 1183 3454 et
1197 3395 1373 3454 civile.
1396 3398 1674 3455 Internum
1701 3402 1887 3453 autem

290 3491 402 3552 est,
452 3483 605 3556 quod
644 3485 797 3542 intus
837 3486 891 3542 in
931 3493 1107 3543 mente
1134 3485 1396 3559 hominis,
1426 3486 1519 3542 ubi
1554 3486 1890 3543 conscientia

290 3572 510 3645 residet,
541 3581 857 3646 exercetur,
885 3583 942 3634 et
966 3577 1086 3634 ideo
1113 3577 1292 3634 sorum
1314 3577 1680 3634 conscientiae
1705 3577 1887 3650 appel·

289 3661 465 3735 latur,
496 3672 554 3722 et
579 3666 649 3723 ab
686 3667 996 3740 Augustino
1024 3666 1225 3723 dicitur
1239 3665 1456 3740 sorum
1476 3665 1623 3724 coeli
1644 3684 1742 3725 seu
1765 3669 1880 3742 Dei,

293 3769 413 3825 cap.
443 3754 545 3812 ult.
579 3759 670 3827 17,
695 3773 751 3829 q.
779 3761 834 3814 4.
857 3757 1003 3830 Ergo
1026 3755 1168 3813 idem
1190 3763 1274 3814 est
1295 3756 1476 3814 forum
1498 3759 1882 3831 conscientiae,

291 3845 436 3918 quod
463 3846 646 3903 sorum
672 3847 809 3904 coeli
839 3862 937 3904 seu
959 3848 1074 3905 Dei.
1097 3849 1272 3906 Minor
1289 3855 1472 3907 autem
1495 3851 1760 3922 probatur
1780 3851 1887 3923 pri-

293 3951 402 4010 mo,
427 3937 556 4010 quia
575 3936 799 3994 inferior
820 3952 930 3994 non
953 3944 1132 4009 potest
1157 3938 1398 4012 obligare
1419 3939 1471 3995 in
1499 3939 1619 3996 soro
1641 3944 1889 4012 superio-

291 4027 384 4084 ris.
419 4026 706 4098 Secundo,
739 4026 844 4084 hoc
885 4028 1115 4086 maxime
1153 4029 1422 4101 probatur
1462 4029 1528 4086 de
1571 4029 1786 4087 bomine
1823 4037 1888 4088 ut

291 4117 522 4176 habente
551 4118 718 4174 solam
764 4125 1089 4190 potestatem
1128 4119 1512 4192 temporalem,
1545 4123 1674 4194 quia
1701 4107 1769 4178 ab
1794 4122 1889 4179 illa

291 4227 396 4268 non
425 4217 609 4283 potest
634 4209 934 4282 procedere
971 4212 1253 4284 spirituale
1280 4212 1598 4283 vinculum,
1629 4210 1726 4268 sed
1752 4212 1888 4269 obli-

291 4302 436 4375 gatio
465 4301 519 4357 in
547 4301 886 4359 conscientia
909 4309 995 4360 est
1031 4302 1309 4376 spirituale
1335 4301 1646 4375 vinculum3
1676 4301 1762 4360 lex
1789 4318 1887 4360 au-

291 4399 402 4448 tem
442 4391 616 4449 civilis
654 4397 742 4450 est
779 4408 810 4448 a
850 4399 1117 4466 potestate
1155 4393 1466 4465 temporali,
1513 4400 1576 4450 ut
1617 4395 1743 4452 talis
1778 4401 1882 4466 est3

289 4499 444 4556 ergo.
477 4484 690 4554 Tertio,
721 4483 869 4556 leges
907 4482 1096 4540 civiles
1124 4483 1302 4540 solum
1331 4483 1650 4541 ordinantur
1690 4483 1759 4541 ad
1793 4501 1888 4543 ex·

293 4581 505 4630 ternam
533 4572 814 4645 politiam3
855 4587 989 4646 ergo
1019 4573 1152 4629 satis
1179 4578 1297 4642 est,
1330 4572 1476 4646 quod
1513 4575 1566 4629 in
1595 4573 1713 4631 soro
1741 4583 1886 4632 exte-

290 4663 424 4720 riori
452 4663 716 4738 obligent.
750 4663 988 4734 Quarto,
1019 4663 1149 4735 quia
1175 4677 1332 4719 nemo
1362 4669 1544 4744 pptest
1569 4663 1807 4738 obligare
1831 4667 1889 4722 in

289 4769 357 4811 eo
383 4757 502 4811 soro
520 4795 535 4824 ,
558 4755 616 4810 in
643 4769 756 4827 quo
782 4769 891 4811 non
914 4760 1097 4825 potest
1124 4769 1480 4828 cognoscere,
1504 4755 1629 4828 quia
1658 4771 1765 4812 non
1793 4773 1890 4828 po-

293 4851 404 4902 test
428 4843 668 4917 obligare
689 4887 704 4915 ,
737 4844 826 4900 ubi
857 4860 964 4901 non
991 4844 1467 4918 potestiudicare,
1500 4851 1823 4918 argumento
1845 4846 1885 4903 l.

293 4935 395 4992 ult.
420 4935 476 4992 ff.
503 4933 572 4991 de
590 4933 859 4992 iurisdict.
887 4949 1034 4992 omn.
1062 4932 1228 4995 iudic.
1261 4933 1368 4991 Sed
1395 4933 1558 4991 homo
1578 4951 1686 4992 non
1713 4943 1891 5009 potest

294 5026 539 5084 iudicare
565 5025 633 5084 de
671 5025 1008 5083 conscientia
1043 5024 1269 5082 alterius
1287 5067 1302 5097 ,
1333 5025 1460 5099 quia
1485 5041 1594 5083 non
1622 5033 1800 5099 potest
1825 5027 1889 5085 il·

292 5116 400 5174 lam
427 5131 802 5190 cognoscere,
833 5131 990 5188 ergo.

368 5207 602 5279 Quinto,
642 5205 770 5280 quia
819 5220 978 5264 nemo
1017 5209 1199 5278 potest
1235 5203 1477 5280 obligare
1514 5205 1583 5264 ad
1633 5223 1886 5281 poenam,

293 5314 460 5373 quam
498 5297 744 5372 infligere
785 5311 894 5356 non
922 5302 1141 5373 potest,
1170 5302 1496 5373 argumento
1526 5297 1566 5357 l.
1597 5297 1699 5358 ult.
1730 5298 1786 5358 ff.
1817 5299 1888 5360 de

1963 1038 2272 1096 efficaciam
2302 1039 2435 1112 legis
2461 1038 2756 1096 humanae.
2790 1039 2976 1110 Sexto,
3007 1053 3167 1095 nemo
3193 1043 3381 1109 potest
3407 1037 3566 1110 ligari

1961 1130 2020 1186 in
2047 1144 2114 1185 eo
2145 1128 2297 1200 foro,
2338 1129 2391 1186 in
2419 1146 2531 1202 quo
2558 1144 2665 1186 non
2696 1134 2876 1201 potest
2903 1128 3146 1202 solvere,
3177 1126 3308 1201 quia
3334 1127 3423 1186 illa
3446 1127 3560 1186 duo

1964 1225 2098 1277 sunt
2135 1234 2383 1276 connexa
2422 1224 2480 1276 et
2515 1220 2674 1293 quasi
2712 1218 3076 1288 correlativa,
3119 1224 3182 1276 ut
3220 1218 3455 1276 sumitur
3493 1233 3564 1276 ex

1963 1327 2088 1384 cap.
2129 1308 2305 1389 Quod
2331 1315 2563 1380 autem,
2609 1311 2677 1368 de
2705 1293 2909 1383 poe'nit.
2946 1317 3003 1366 et
3030 1309 3243 1366 remiss.
3276 1307 3371 1366 sed
3398 1307 3564 1383 legis-

1963 1401 2101 1458 lator
2147 1400 2423 1458 humanus
2461 1416 2572 1457 non
2598 1407 2782 1473 potest
2806 1400 3018 1458 solvere
3046 1399 3097 1455 in
3120 1399 3241 1457 soro
3277 1399 3564 1457 conscien-

1966 1493 2094 1565 tiae,
2125 1507 2229 1548 nec
2260 1493 2546 1558 remittere
2572 1491 2820 1564 culpam,
2850 1507 2991 1565 quae
3020 1491 3093 1548 sit
3120 1505 3251 1547 vera
3278 1490 3444 1562 culpa
3467 1506 3563 1548 co·

1962 1598 2076 1638 ram
2118 1584 2263 1652 Deo;
2292 1598 2425 1657 ergo
2452 1599 2562 1640 non
2592 1588 2774 1664 potest
2799 1582 3079 1656 legislator
3108 1580 3282 1639 civilis
3314 1580 3559 1655 obligare

1964 1672 2070 1729 sub
2106 1679 2269 1731 reatu
2307 1689 2466 1730 verae
2502 1673 2703 1746 culpae
2730 1689 2923 1730 coram
2949 1674 3094 1744 De03
3126 1686 3259 1746 ergo
3286 1687 3467 1744 neque
3496 1673 3553 1728 in

1962 1762 2320 1820 conscientia.
2354 1765 2598 1836 Septimo
2620 1804 2635 1835 ,
2674 1765 2913 1837 August.
2958 1767 3051 1822 22.
3094 1765 3307 1820 contra
3341 1765 3552 1820 Faust.

1963 1867 2087 1924 cap.
2121 1855 2189 1910 27
2206 1894 2219 1908 .
2248 1851 2455 1924 definit,
2479 1859 2774 1926 peccatum
2797 1869 2920 1909 esse
2940 1853 3149 1910 sactum
3171 1860 3367 1910 contra
3389 1853 3563 1926 legem

1961 1942 2084 2010 Dei,
2119 1957 2255 2015 ergo
2282 1942 2493 2000 sactum
2524 1950 2719 2001 contra
2746 1943 2924 2018 legem
2952 1942 3209 2014 hominis,
3236 1949 3298 1999 ut
3326 1942 3427 2012 sic,
3452 1959 3565 2000 non

1962 2039 2050 2090 est
2073 2041 2401 2107 peccatum3
2434 2049 2565 2109 ergo
2598 2033 2683 2092 lex
2710 2032 2965 2106 hominis,
2996 2039 3061 2091 ut
3087 2034 3193 2106 sic,
3218 2049 3329 2093 non
3354 2033 3565 2107 obligat

1961 2125 2018 2179 in
2058 2124 2423 2182 conscientia:
2468 2140 2597 2183 nam
2637 2127 2681 2182 si
2721 2126 2799 2182 ita
2840 2122 3141 2198 obligaret,
3194 2125 3561 2196 transgressio

1960 2214 2113 2283 eius,
2151 2221 2429 2288 quatenus
2470 2215 2595 2272 talis
2628 2221 2743 2286 est,
2788 2213 3072 2272 sufficeret
3118 2213 3188 2271 ad
3225 2213 3563 2272 constituen-

1961 2302 2087 2361 dam
2113 2319 2301 2362 veram
2327 2305 2593 2364 rationem
2617 2307 2850 2379 peccati.
2876 2306 3109 2378 Octavo,
3134 2320 3355 2362 servare
3375 2304 3564 2362 divina

1959 2393 2215 2452 mandata
2260 2396 2469 2453 sufficit
2527 2395 2596 2453 ad
2642 2399 2807 2454 vitam
2854 2404 3130 2455 aeternam
3184 2395 3555 2471 obtinendam,

1960 2485 2148 2543 Matth.
2200 2489 2301 2558 193
2340 2502 2471 2560 ergo
2508 2488 2603 2561 qui
2643 2487 2733 2544 illa
2770 2487 3103 2559 servaverit,
3144 2486 3397 2562 quamvis
3444 2502 3555 2544 non

1961 2584 2146 2633 servet
2172 2576 2321 2650 leges
2350 2579 2641 2649 humanas,
2674 2578 3006 2651 salvabitur3
3036 2594 3171 2653 ergo
3200 2578 3419 2653 signum
3446 2585 3555 2652 est,

1960 2665 2080 2723 illas
2109 2665 2260 2740 leges
2290 2683 2397 2725 non
2426 2667 2669 2741 obligare
2698 2668 2753 2724 in
2780 2668 3135 2726 conscientia.

2034 2765 2095 2818 2.
2128 2760 2187 2815 ln
2210 2758 2313 2816 hac
2336 2775 2395 2816 re
2417 2759 2522 2842 suit
2538 2760 2801 2818 sententia
2823 2776 3051 2834 negans,
3077 2775 3241 2833 posse
3267 2761 3561 2834 magistra·

1961 2853 2051 2906 tus
2078 2849 2265 2905 civiles
2292 2864 2389 2922 per
2425 2850 2569 2923 leges
2591 2866 2719 2906 suas
2740 2852 2799 2906 in
2821 2849 3163 2908 conscientia
3184 2850 3444 2925 obligare.
3471 2854 3556 2910 lta

1959 2939 2202 2995 sentiunt
2230 2955 2263 2996 a
2289 2939 2498 3002 fortiori
2526 2940 2811 3011 baeretici,
2843 2943 2937 3013 qui
2964 2947 3167 3014 negant
3185 2958 3306 2999 esse
3328 2942 3380 2998 in
3403 2943 3555 3016 prin-

1958 3029 2174 3102 cipibus
2190 3045 2374 3086 veram
2396 3035 2725 3102 potestatem
2747 3031 2817 3088 ad
2840 3030 2987 3105 leges
3008 3031 3279 3105 serendas,
3304 3033 3399 3090 sed
3419 3049 3554 3092 con-

1958 3125 2046 3177 tra
2087 3120 2191 3177 hos
2228 3122 2358 3178 satis
2396 3120 2737 3192 disputatum
2774 3127 2880 3178 est.
2914 3122 3061 3178 Inter
3089 3122 3391 3180 catholicos
3418 3139 3551 3198 ergo

1957 3209 2275 3269 videtur.ita
2302 3212 2502 3267 sentire
2531 3211 2760 3268 Gerson.
2785 3211 2837 3268 in
2862 3216 2915 3270 3.
2943 3228 2997 3284 p.
3030 3217 3194 3270 tract.
3220 3210 3291 3269 de
3310 3216 3411 3270 vit.
3436 3217 3563 3289 spi-‚

1954 3299 2171 3360 ritual.
2201 3301 2328 3360 lect.
2362 3308 2393 3360 4
2412 3342 2428 3374 ,
2458 3301 2688 3392 Ajpbab.
2722 3307 2827 3376 62,
2857 3303 2950 3361 ubi
2976 3302 3138 3376 dicit,
3170 3303 3349 3362 solum
3376 3308 3551 3364 Deum

1955 3409 2118 3466 posse
2153 3392 2285 3449 dare
2324 3399 2617 3467 praecepta
2644 3392 3082 3460 affirmativam!
3111 3395 3384 3469 negativa,
3414 3396 3553 3454 obli-

1955 3485 2140 3558 gantia
2167 3483 2271 3541 sub
2298 3498 2473 3556 poena
2499 3487 2691 3544 mortis
2719 3491 2992 3542 aeternae.
3017 3484 3171 3545 Unde
3191 3483 3551 3544 infert‘corol-

1954 3575 2058 3632 lar.
2093 3579 2146 3632 5.
2180 3582 2235 3633 et
2262 3577 2641 3650 sequentibus,
2670 3577 2891 3650 quoties
2920 3579 3147 3650 peccari
3171 3576 3389 3635 videtur
3417 3594 3552 3634 con-

1954 3673 2042 3724 tra
2079 3665 2255 3740 legem
2283 3666 2579 3724 humanam
2597 3709 2612 3739 ,
2644 3682 2755 3724 non
2781 3668 2994 3724 incurri
3023 3665 3247 3740 culpam
3272 3683 3340 3724 ex
3368 3673 3549 3725 trans-

1954 3757 2231 3831 gressione
2273 3756 2404 3830 legis
2431 3756 2724 3828 humanae,
2757 3755 2855 3815 sed
2881 3757 3114 3830 divinae,
3144 3773 3287 3831 quae
3313 3757 3385 3815 ibi
3412 3774 3549 3815 con-

1955 3847 2215 3922 iungitur.
2248 3846 2401 3905 Unde
2428 3863 2535 3903 non
2565 3845 2781 3904 videtur
2808 3845 3010 3920 aliquid
3036 3848 3280 3905 tribuere
3309 3847 3413 3921 legi
3442 3848 3547 3907 hu·-

1955 3953 2182 4008 manae,
2224 3937 2326 3994 nisi
2366 3936 2783 4011 explicationem
2821 3938 2941 3994 eius
2990 3937 3362 4011 obligationis,
3407 3955 3553 4014 quae

1955 4028 2269 4086 continetur
2294 4030 2351 4085 in
2392 4027 2509 4104 lege
2546 4027 2756 4100 divina,
2800 4035 2867 4086 ut
2890 4033 3041 4100 patet
3063 4044 3131 4086 ex
3156 4029 3407 4104 exemplo
3434 4047 3549 4089 me-

1953 4118 2084 4190 dici,
2123 4134 2237 4193 quo
2275 4121 2473 4178 utitur.
2505 4121 2639 4176 Nam
2666 4134 2796 4176 cum
2822 4118 3071 4176 medicus
3100 4120 3335 4193 imperat
3360 4117 3545 4180 alicui:

1952 4211 2031 4268 Ne
2067 4209 2221 4267 bibas
2248 4211 2439 4266 vinum
2480 4225 2712 4282 purum,
2752 4208 2888 4266 alias
2924 4209 3191 4281 morieris,
3222 4211 3408 4269 statim
3434 4212 3544 4270 ori-

1958 4306 2050 4358 tur
2089 4298 2350 4374 obligatio
2390 4315 2501 4356 non
2537 4298 2783 4372 bibendi3
2824 4315 2931 4356 non
2960 4300 3093 4373 quia
3116 4300 3269 4358 illam
3296 4300 3549 4361 medicus

1956 4391 2222 4462 imponat,
2258 4388 2354 4446 sed
2388 4389 2519 4463 quia
2554 4391 2611 4446 in
2638 4389 2753 4462 ipsa
2782 4389 2899 4464 lege
2927 4388 3105 4447 divina
3134 4391 3541 4451 continebatur.

1953 4481 2026 4538 Et
2059 4481 2311 4554 quamvis
2347 4480 2415 4538 de
2450 4480 2614 4553 culpa
2642 4480 2859 4538 mortali
2886 4497 3103 4554 semper
3129 4481 3427 4556 loquatur,
3457 4500 3548 4542 ra-

1955 4567 2138 4629 tiones'
2163 4578 2347 4629 tamen
2388 4572 2539 4644 eius,
2570 4577 2629 4628 et
2656 4571 2857 4647 omnia,
2888 4588 2985 4644 per
3011 4588 3153 4646 quae
3179 4574 3465 4648 discurrit,
3496 4577 3543 4634 si

1954 4662 2085 4735 quid
2125 4661 2343 4734 valent,
2384 4677 2557 4735 aeque
2595 4662 2826 4733 probant
2862 4662 2929 4720 de
2967 4663 3113 4721 omni
3153 4663 3347 4738 culpa,
3390 4673 3451 4724 et
3476 4666 3546 4726 de

1955 4755 2102 4810 omni
2131 4752 2459 4826 obligatione
2486 4752 2539 4808 in
2566 4751 2683 4817 [oro
2706 4752 2818 4823 Dei,
2844 4751 2912 4811 de
2932 4769 3042 4826 qua
3060 4769 3209 4812 nunc
3231 4754 3537 4831 loquimur3

1957 4859 2078 4901 nam
2110 4844 2165 4900 in
2194 4841 2413 4917 speciali
2440 4841 2508 4898 de
2536 4842 2859 4916 obligatione
2886 4844 2990 4901 sub
3018 4845 3239 4903 mortali
3268 4847 3433 4919 culpa
3460 4848 3541 4905 in-

1955 4933 2038 4990 fra
2079 4933 2347 4991 dicemus.
2387 4932 2646 4990 Eamdem
2674 4934 2994 4990 sententiam
3022 4934 3204 5008 quoad
3230 4934 3381 5010 leges
3408 4939 3546 4996 civi-

1955 5025 2034 5082 les
2062 5029 2211 5082 tenet
2236 5023 2520 5080 Almainus
2547 5019 2619 5078 de
2642 5023 2921 5096 potestat.
2949 5023 3152 5082 eccles.
3184 5041 3308 5099 cap.
3344 5029 3429 5100 ¹23
3459 5026 3543 5087 in·

1956 5120 2040 5173 ter
2079 5114 2388 5172 canonistas
2428 5111 2687 5171 inclinare
2728 5112 2943 5174 videtur
2980 5118 3037 5172 in
3068 5133 3188 5174 eam
3216 5121 3539 5182 sententiam

1955 5205 2154 5264 Decius
2193 5207 2249 5263 in
2283 5221 2405 5278 cap.
2437 5209 2601 5264 Nam
2628 5196 3183 5282 concupiscentiam,
3216 5207 3283 5268 de
3312 5215 3534 5272 constit.

1956 5298 2110 5357 circa
2135 5295 2297 5354 finem
2334 5293 2589 5354 lectionis
2614 5297 2849 5374 primae,
2877 5304 2935 5357 et
2956 5299 3105 5358 loan.
3136 5299 3293 5360 Imol.
3323 5318 3449 5379 cap.
3479 5308 3537 5364 2.
