4325 6267
1708 313 1920 400 urim·
1944 347 2100 400 xm.

278 473 502 548 probant
524 473 761 534 rationes
786 473 961 533 tactae
976 515 992 548 ,
1016 479 1076 533 et
1115 479 1265 534 recte
1285 471 1485 534 docent
1504 463 1765 534 auctores
1789 475 1864 532 al-

276 567 451 641 legati,
470 573 530 625 et
548 565 745 626 Palud.
766 569 824 641 4,
841 566 969 625 dist.
1002 569 1093 639 17,
1117 583 1173 641 q.
1201 571 1231 626 2
1244 609 1260 640 ,
1274 568 1553 624 Navarrus
1573 564 1647 625 de
1659 568 1863 642 poeni-

278 663 409 716 tent.
436 658 563 717 dist.
594 663 647 718 5.
671 659 723 715 in
744 659 1008 733 principio
1028 676 1083 716 n.
1111 661 1179 718 27
1200 701 1217 733 ,
1247 657 1340 716 ubi
1370 659 1505 716 alios
1533 658 1585 715 in
1612 657 1864 716 eamdem

276 751 589 810 sententiam
634 749 821 808 refert.
848 747 1059 824 Allegat
1086 755 1275 807 autem
1301 747 1357 806 d.
1388 735 1653 806 Thomam
1680 747 1859 822 quod-

276 841 428 898 libeto
462 843 495 898 4
517 882 534 914 ,
558 842 661 897 art.
692 841 782 900 12.
804 840 1193 914 significantem
1210 881 1225 912 ,
1254 845 1547 912 peccatum
1576 839 1861 896 occultum

276 934 430 990 etiam
478 937 765 990 externum
806 945 915 987 non
954 929 1153 988 cadere
1182 930 1286 988 sub
1314 930 1603 988 humanam
1632 927 1856 988 iurisdi-

277 1027 503 1081 ctionem
528 1042 545 1095 3
577 1022 673 1082 sed
700 1021 763 1088 d,
788 1020 1023 1100 Thomas
1048 1039 1157 1080 non
1183 1027 1349 1094 negat
1375 1020 1703 1094 simpliciter
1724 1063 1739 1091 ,
1770 1035 1865 1076 ca·

278 1115 398 1172 dere
422 1114 527 1172 sub
572 1112 1007 1171 iurisdictionem
1038 1112 1267 1171 hominis
1287 1154 1303 1186 ,
1334 1112 1431 1170 sed
1467 1112 1648 1169 solum
1676 1108 1862 1184 quoad

278 1212 455 1264 actum
492 1201 767 1261 iudicandi
802 1203 871 1261 de
908 1202 1040 1274 illo,
1068 1203 1424 1277 inquirendo,
1452 1200 1542 1260 vel
1568 1202 1671 1259 alio
1704 1201 1864 1259 simili

281 1294 461 1368 modo,
483 1293 615 1370 quia
643 1292 734 1351 bic
771 1301 933 1351 actus
955 1295 1215 1367 supponit
1232 1293 1475 1351 notitiam
1498 1292 1737 1366 aliquam
1759 1292 1863 1349 hu·

281 1401 486 1444 menam
513 1392 772 1460 tanquam
809 1384 1220 1443 fundamentum
1248 1383 1615 1457 inquisitionis
1641 1390 1698 1440 et
1724 1381 1863 1439 iudi-

282 1477 371 1534 cii:
402 1491 568 1534 secus
592 1490 724 1532 vero
753 1482 841 1533 est
863 1474 931 1532 de
960 1474 1173 1533 actibus
1200 1473 1607 1547 iurisdictionis,
1639 1475 1734 1547 qui
1766 1489 1861 1546 per

284 1569 601 1626 sententiam
629 1565 937 1642 generalem
964 1572 1020 1623 et
1045 1580 1139 1637 per
1168 1564 1316 1639 leges
1336 1563 1577 1622 exerceri
1607 1563 1857 1636 possunt,

281 1659 399 1731 quia
440 1656 514 1716 illi
558 1657 761 1730 optime
787 1656 983 1734 cadere
1009 1661 1242 1728 possunt
1268 1655 1319 1710 in
1360 1659 1523 1711 actus
1552 1669 1650 1726 per
1676 1669 1735 1710 se
1767 1668 1861 1709 co·

282 1747 633 1822 gnoscibiles‚
662 1746 871 1804 etiamsi
899 1762 995 1820 per
1021 1743 1275 1804 accidens
1302 1743 1658 1802 occultissimi
1688 1745 1816 1800 sint.

350 1837 428 1896 Ad
458 1838 975 1910 obiectionemergo
996 1842 1227 1910 negatur
1247 1834 1641 1909 consequentia
1655 1873 1670 1900 ,
1696 1841 1753 1892 et
1772 1849 1861 1891 ra-

283 1929 348 1987 tio
380 1929 715 1987 differentiae
740 1930 881 1985 inter
908 1935 1211 2000 utrumque
1230 1933 1419 1984 actum
1439 1932 1544 2000 est,
1567 1926 1697 1999 quia
1718 1925 1858 1982 mul·

284 2025 389 2076 tum
416 2018 589 2077 refert
616 2019 687 2077 ad
705 2017 940 2077 morales
962 2017 1213 2090 effectus,
1238 2016 1386 2092 quod
1410 2015 1551 2074 actio
1572 2018 1645 2073 sit
1663 2022 1861 2074 natura

208 2143 213 2146 -
282 2127 373 2167 sua
406 2109 732 2168 insensibilis
768 2107 857 2168 vel
896 2108 1185 2180 sensibilis,
1225 2109 1354 2182 quia
1390 2107 1692 2165 iurisdictio
1724 2106 1859 2165 baec

282 2200 433 2260 datur
460 2199 774 2260 horninibus
800 2200 963 2258 modo
985 2199 1360 2272 connaturali,
1386 2213 1450 2255 ac
1481 2196 1711 2255 subinde
1735 2213 1859 2270 pro-

283 2291 577 2364 portionato
601 2298 855 2364 naturae,
885 2298 941 2350 et
958 2290 1079 2348 ideo
1100 2289 1264 2348 datur
1286 2303 1451 2362 super
1470 2304 1563 2346 eas
1586 2287 1849 2362 actiones,

284 2398 411 2456 quae
432 2397 529 2456 per
550 2399 612 2440 se
636 2389 693 2440 et
710 2388 913 2440 natura
932 2397 1031 2439 sua
1053 2379 1447 2455 cognoscibiles
1472 2385 1601 2436 sunt
1618 2378 1859 2436 humano

284 2471 465 2545 mod03
507 2488 619 2529 non
662 2488 793 2530 vero
836 2487 1003 2544 super
1030 2469 1159 2528 alias
1188 2485 1283 2542 per
1312 2485 1371 2526 se
1402 2468 1685 2539 occultas,
1732 2470 1860 2543 quia

285 2578 344 2620 ex
370 2579 424 2620 se
450 2569 583 2621 sunt
606 2569 763 2621 extra
792 2560 1092 2620 humanum
1121 2561 1325 2618 sorum.
1356 2561 1469 2618 Nec
1498 2559 1547 2615 in
1575 2558 1856 2630 prioribus

287 2653 605 2711 considerari
632 2659 816 2726 potest
841 2651 1192 2710 accidentalis
1214 2650 1299 2708 ille
1326 2656 1503 2706 status
1527 2647 1783 2728 occultus
1808 2648 1861 2705 in

287 2741 456 2802 ordine
482 2743 552 2802 ad
579 2743 943 2801 universalem
971 2747 1333 2813 potestatem3
1362 2746 1479 2796 tum
1502 2738 1630 2812 quia
1656 2737 1742 2795 lex
1768 2753 1859 2812 ge-

288 2833 523 2891 neraliter
563 2834 731 2894 datur
768 2833 836 2890 de
876 2834 1091 2890 actibus
1138 2829 1443 2890 seeundum
1494 2827 1860 2887 conditionem

288 2923 575 2982 naturalem
619 2941 841 2996 eorum,
884 2932 944 2982 et
981 2923 1425 2981 circumstantiae
1464 2907 1861 2977 accidentariae

288 3031 388 3073 non
423 3022 673 3089 mutant,
716 3031 820 3074 nec
860 3013 1161 3089 impediunt
1198 3013 1503 3071 efficaciam
1544 3011 1708 3084 legis3
1741 3017 1861 3068 tum

289 3107 461 3179 etiam,
494 3106 627 3184 quia
652 3121 759 3162 non
788 3105 943 3163 deest
966 3103 1163 3163 modus
1183 3103 1479 3174 humanus,
1514 3117 1626 3175 quo
1652 3101 1865 3174 possint

288 3197 411 3253 tales
443 3203 603 3255 actus
629 3195 786 3270 dirigi
810 3202 869 3253 et
902 3194 1144 3253 cobiberi
1174 3209 1269 3268 per
1297 3194 1469 3267 legem
1501 3190 1861 3249 abstrahendo

287 3287 347 3344 ab
371 3287 456 3345 illa
483 3287 917 3346 circumstantia.

358 3377 589 3437 7..Unde
638 3377 871 3434 ulterius
911 3374 1197 3437 addimus.
1240 3375 1456 3449 quoties
1496 3374 1578 3432 lex
1610 3370 1861 3430 absolute

288 3467 509 3542 disponit
536 3468 608 3526 de
634 3466 908 3525 huismodi
933 3474 1064 3525 actu
1083 3509 1098 3540 ,
1128 3465 1285 3524 illum
1315 3464 1626 3538 simpliciter
1653 3462 1862 3536 praeci-

290 3560 469 3632 piendo
509 3566 613 3618 aut
653 3558 886 3618 vetando
906 3601 921 3632 ,
963 3557 1426 3631 comprehendere
1464 3561 1651 3613 actum
1688 3561 1867 3612 exter·

288 3667 407 3708 num
434 3651 721 3709 occultum
739 3692 756 3723 ,
784 3651 889 3707 nisi
917 3648 1186 3707 addantur
1214 3649 1264 3706 in
1293 3647 1411 3722 lege
1438 3647 1604 3705 verba
1633 3644 1867 3702 limitan-

288 3741 351 3797 tia
384 3741 527 3798 illam
572 3739 642 3798 ad
683 3747 871 3798 actum
910 3739 1198 3813 publicum
1239 3738 1323 3796 vel
1364 3737 1662 3795 notorium.
1707 3735 1862 3792 Ratio

286 3837 389 3902 est,
419 3835 547 3906 quia
578 3831 667 3889 lex
696 3829 964 3888 indefinite
996 3829 1103 3888 lata
1123 3835 1180 3886 et
1204 3829 1333 3886 nibil
1364 3829 1703 3902 distinguens
1724 3867 1740 3898 ,
1771 3841 1866 3899 per

287 3938 339 3978 se
373 3923 645 3998 loquendo
692 3921 1002 3980 extenditur
1043 3921 1114 3978 ad
1140 3921 1351 3993 omnia,
1379 3935 1522 3992 quae
1552 3918 1655 3976 sub
1682 3916 1865 3975 verbis

286 4013 393 4070 eius
436 4013 1001 4088 comprehenduntur.
1047 4009 1129 4069 Ad
1168 4010 1544 4069 difficultatem
1582 4016 1767 4067 autem
1804 4009 1861 4064 in

286 4105 613 4162 eontrarium
655 4117 785 4160 cum
826 4103 1015 4160 eadem
1054 4102 1407 4174 proportione
1435 4105 1492 4158 et
1517 4097 1864 4157 distinctione

286 4193 639 4268 respondetur
654 4233 671 4266 ,
694 4199 887 4251 actum
920 4191 1085 4249 talem
1112 4207 1209 4264 per
1229 4207 1287 4247 se
1306 4206 1427 4248 esse
1446 4189 1744 4263 punibilem
1765 4203 1864 4261 per

288 4283 447 4357 legem
479 4285 808 4358 humanam,
834 4282 963 4341 licet
992 4299 1091 4355 per
1110 4282 1367 4340 accidens
1394 4298 1459 4340 ex
1488 4279 1707 4338 defectu
1736 4295 1861 4352 pro·

286 4373 531 4442 bationis,
574 4373 755 4448 puniri
791 4388 890 4447 per
927 4372 1173 4430 homines
1213 4389 1321 4430 non
1362 4373 1555 4445 possit.
1584 4370 1753 4428 Cuius
1794 4368 1863 4425 si·

286 4481 442 4537 gnum
478 4471 596 4540 est,
624 4464 755 4539 quia
792 4478 1145 4538 quacumque
1177 4463 1383 4544 ratione
1420 4465 1701 4536 perveni-at
1725 4459 1867 4520 deli·

286 4561 426 4613 ctum
454 4554 524 4614 ad
550 4555 917 4612 sufficientem
942 4553 1226 4611 hominum
1256 4553 1498 4611 notitiam
1516 4595 1531 4626 ,
1565 4555 1739 4627 puniri
1767 4571 1865 4627 po·

288 4648 431 4716 terit,
467 4646 601 4704 licet
640 4645 695 4702 in
721 4645 987 4717 principio
1016 4642 1179 4701 suerit
1205 4643 1581 4702 occultissime
1609 4647 1865 4702 commis-

287 4752 428 4809 sum,
458 4734 606 4811 quod
634 4750 746 4793 non
772 4737 852 4792 ita
876 4740 963 4792 est
988 4732 1056 4791 de
1092 4739 1225 4791 actu
1260 4749 1406 4791 mere
1442 4735 1677 4791 interno.
1709 4735 1863 4793 Unde

288 4826 548 4884 interdum
568 4825 781 4900 poterit
798 4824 884 4883 lex
904 4823 1142 4882 bumana
1165 4839 1262 4897 per
1282 4840 1343 4882 se
1362 4827 1533 4898 ipsam
1553 4826 1746 4898 punire
1769 4827 1861 4884 de-

288 4915 467 4975 lictum
492 4918 571 4974 sic
602 4915 887 4975 occultum
908 4955 923 4985 ‚
948 4913 1277 4987 imponendo
1308 4930 1539 4987 poenam
1566 4915 1685 4989 ipso
1713 4917 1858 5000 sacto

290 5007 383 5064 sibi
407 5007 865 5082 proportionatam
880 5047 897 5078 ,
930 5013 991 5063 ut
1012 5006 1174 5064 latius
1195 5004 1441 5064 dicemus
1465 5013 1633 5066 tract.
1658 5008 1725 5066 de
1746 5009 1863 5083 lege

290 5100 515 5175 poenali,
543 5099 777 5173 ideoque
808 5104 963 5155 recte
990 5103 1171 5171 potest
1196 5097 1325 5155 oriri
1356 5096 1642 5174 aliquando
1662 5097 1863 5174 obliga-

290 5183 355 5246 flo
391 5191 457 5249 ad
494 5187 889 5248 restituendum
930 5203 996 5245 ex
1044 5187 1092 5244 vi
1132 5188 1259 5245 talis
1286 5189 1731 5262 transgressionis
1758 5189 1861 5248 hu·

292 5295 469 5340 manae
495 5281 661 5358 legis,
690 5284 753 5338 ut
778 5283 931 5338 recte
956 5279 1009 5337 in
1040 5285 1361 5353 argumento
1391 5277 1693 5338 dicebatur.

3302 333 3442 400 '205

2014 482 2067 536 8.
2084 477 2216 536 Dico
2229 476 2492 536 secundo:
2511 478 2620 536 Lex
2635 491 2773 551 pure
2785 476 3025 535 bumana
3040 489 3139 534 seu
3153 476 3327 535 civilis
3341 483 3524 552 potest

1938 566 2202 625 indirecte
2243 583 2343 627 seu
2383 584 2481 642 per
2509 566 2801 642 quamdam
2830 567 3280 626 consecutionem
3310 569 3522 641 praeci·

1931 673 2065 732 pere
2086 664 2280 716 actum
2299 658 2615 717 interiorem
2639 657 2934 717 voluntatis
2961 665 3019 717 et
3030 657 3360 730 intellectus,
3385 676 3524 734 qua-

1930 755 2093 806 tenus
2124 750 2354 807 connexi
2380 766 2478 824 per
2504 766 2566 806 se
2605 765 2726 807 esse
2767 753 3000 821 possunt
3037 765 3166 806 cum
3206 755 3338 807 actu
3375 757 3526 808 exte-

1930 838 2063 897 riori
2089 847 2387 913 praecepto
2415 838 2503 898 vel
2527 839 2826 913 prohibito.
2867 841 2983 898 Hoc
3023 847 3111 899 est
3136 848 3352 898 certum
3380 842 3526 913 apu'd

1931 945 2145 1004 omnes,
2177 937 2235 987 et
2260 947 2360 1004 per
2398 946 2458 988 se
2485 931 2617 987 satis
2644 930 2892 1004 clarum,
2923 931 3052 1004 quia
3091 937 3252 987 actus
3287 932 3523 989 exterior

1930 1021 2266 1094 praecipitur
2294 1037 2392 1094 per
2421 1021 2600 1097 legem,
2625 1027 2689 1078 ut
2717 1020 2990 1078 humanus
3018 1025 3074 1078 et
3093 1021 3250 1094 liber,
3277 1021 3374 1078 sed
3411 1038 3523 1079 non

1930 1115 2111 1183 potest
2136 1126 2258 1170 esse
2288 1111 2560 1169 humanus
2589 1119 2645 1168 et
2675 1110 2812 1169 liber
2833 1112 2949 1168 sine
2976 1111 3239 1184 interiori3
3264 1127 3400 1184 ergo
3428 1126 3522 1168 ne·

1931 1215 2087 1257 cesse
2120 1207 2227 1272 est,
2260 1209 2326 1259 ut
2350 1197 2536 1260 actum
2578 1202 2892 1260 interiorem
2934 1201 3126 1258 saltem
3167 1201 3430 1259 indirecte
3467 1208 3525 1260 et

1932 1299 2336 1365 consequenter
2364 1293 2680 1366 praecipiat.
2723 1292 3007 1362 Quomodo
3030 1293 3174 1348 enim
3201 1293 3288 1350 lex
3312 1294 3522 1365 praeci·-

1931 1383 2041 1454 piet
2068 1381 2299 1454 homini,
2325 1388 2388 1439 ut
2412 1382 2724 1452 saciat,'nisi
2746 1383 2919 1456 possit
2945 1382 3280 1456 praecipere,
3307 1389 3370 1439 ut
3392 1383 3525 1441 velit

1930 1472 2134 1545 facere,
2166 1489 2298 1531 cum
2326 1456 2608 1532 voluntate
2635 1474 2888 1531 tacturus
2915 1471 3012 1530 sit?
3033 1473 3104 1531 Et
3121 1473 3519 1546 proportionali

1928 1564 2165 1632 ratione,
2199 1564 2242 1620 si
2274 1563 2360 1622 lex
2379 1563 2620 1622 humana
2640 1564 2924 1638 prohibeat
2942 1563 3122 1621 tacere
3144 1562 3368 1643 aliquid,
3391 1580 3517 1636 pro-

1930 1651 2076 1710 hibet
2100 1654 2267 1712 etiam
2294 1655 2435 1713 velle
2463 1655 2764 1713 efficaciter
2782 1654 2963 1712 iacere
2983 1654 3150 1711 idem.
3168 1655 3282 1710 Imo
3304 1670 3413 1711 non
3435 1670 3525 1711 so-

1929 1742 2045 1801 lum
2074 1744 2159 1802 lex
2200 1746 2493 1818 prohibens
2532 1752 2719 1804 actum
2760 1753 3070 1816 externum,
3115 1751 3520 1818 consequenter

1927 1834 2180 1908 prohibet
2205 1836 2443 1910 aliquam
2463 1838 2804 1894 voluntatem
2827 1839 3116 1908 internam3
3136 1832 3231 1892 sed
3253 1834 3416 1891 etiam
3436 1834 3521 1892 lex

1929 1927 2261 1999 praecipiens
2275 1934 2462 1986 actum
2482 1934 2774 1986 externum
2796 1943 2894 2000 pro
2916 1926 3102 2000 aliquo
3115 1933 3378 1998 tempore,
3394 1940 3522 1982 con-

1929 2022 2219 2091 sequenter
2249 2019 2503 2092 prohibet
2524 2019 2724 2078 habere
2747 2034 2846 2090 pro
2872 2018 2964 2077 illo
2994 2024 3243 2089 tempore
3277 2016 3526 2074 volunta-

1928 2113 2035 2166 tem
2065 2125 2176 2165 non
2206 2108 2464 2182 faciendi,
2497 2127 2594 2168 seu
2622 2110 2938 2168 nolitionem
2967 2105 3217 2179 faciendi,
3247 2105 3335 2164 vel
3361 2109 3526 2163 etiam

1928 2198 2266 2256 voluntatem
2301 2198 2528 2257 faciendi
2568 2199 2735 2258 alium
2777 2205 2966 2258 actum
3008 2196 3522 2269 incompossibilem,

1929 2289 2059 2363 quia
2079 2300 2310 2349 necesse
2334 2299 2440 2365 est,
2463 2299 2528 2350 ut
2547 2291 2858 2365 prohibeat,
2881 2287 3148 2366 quidquid
3171 2289 3526 2361 incompossi-

1930 2377 2034 2436 bile
2056 2386 2140 2437 est
2168 2380 2536 2439 observationi
2565 2381 2721 2457 legis,
2746 2380 2971 2456 quilibet
2989 2386 3170 2437 autem
3190 2394 3258 2435 ex
3279 2377 3365 2434 his
3387 2381 3525 2436 acti·-

1930 2468 2035 2525 bus
2074 2469 2378 2528 voluntatis
2407 2480 2494 2528 est
2519 2470 2977 2545 incompossibilia
3015 2469 3376 2527 observationi
3403 2469 3526 2526 talis

1928 2559 2083 2633 legis,
2100 2567 2165 2618 ut
2185 2568 2426 2620 constat.
2442 2566 2620 2636 Atque
2637 2562 2762 2620 hinc
2775 2563 2935 2619 etiam
2951 2561 3033 2632 fit,
3055 2569 3119 2618 ut
3137 2576 3203 2618 eo
3223 2562 3363 2635 ipso,
3377 2559 3524 2634 quod

1928 2649 2016 2707 lex
2059 2651 2313 2724 probibet
2345 2654 2545 2727 aliquid
2583 2655 2796 2726 facere,
2828 2653 3114 2726 prohibeat
3137 2652 3294 2734 etiarn
3326 2652 3524 2710 habere

1927 2743 2276 2813 propositum
2293 2743 2605 2803 absolutum
2623 2743 2875 2818 faciendi3
2891 2751 2948 2800 et
2963 2760 2996 2800 e
3017 2758 3282 2800 converso
3307 2742 3350 2798 si
3372 2758 3525 2815 prae·

1928 2832 2066 2903 cipit
2089 2830 2295 2906 aliquid
2323 2833 2526 2908 facere,
2560 2842 2966 2910 consequenter
2993 2833 3245 2908 prohibet
3282 2833 3527 2906 proposi·

1929 2928 2047 2978 tum
2087 2938 2196 2979 non
2220 2922 2446 2981 faciendi
2486 2924 2666 2984 debito
2705 2932 2969 2999 tempore,
3016 2925 3138 2982 licet
3176 2924 3516 2996 propositum

1930 3019 2092 3069 actus
2117 3015 2346 3070 interior
2373 3015 2463 3087 sit,
2497 3017 2625 3089 quia
2651 3031 2716 3074 eo
2744 3019 2863 3089 ipso
2892 3014 3043 3090 quod
3084 3020 3243 3071 actus
3282 3017 3520 3072 exterior

1929 3109 2017 3160 est
2040 3102 2372 3177 prohibitus,
2403 3111 2488 3162 est
2513 3106 2718 3164 malum
2745 3106 3020 3164 obiectum
3047 3111 3304 3178 respectu
3325 3104 3520 3162 volun-

1931 3193 2085 3266 tatis,
2118 3202 2177 3251 et
2203 3193 2323 3252 ideo
2353 3205 2753 3271 consequenter
2779 3199 2863 3266 tit,
2893 3203 2959 3255 ut
2977 3197 3100 3255 talis
3123 3197 3375 3255 voluntas
3402 3198 3519 3254 eius

1932 3283 2003 3340 sit
2031 3285 2197 3356 mala,
2229 3301 2293 3342 ac
2323 3285 2553 3345 subinde
2581 3287 2846 3360 prohibita
2866 3285 3131 3345 mediante
3152 3286 3362 3344 obiecto
3392 3303 3514 3343 suo.

2010 3378 2065 3433 9.
2089 3375 2268 3434 Dices:
2300 3392 2434 3452 ergo
2463 3377 2652 3435 eadem
2676 3379 2890 3438 ratione
2908 3380 3013 3437 erit
3037 3377 3376 3450 prohibitum
3403 3392 3521 3432 om·

1930 3479 1999 3523 ne
2027 3463 2355 3524 desiderium
2385 3469 2546 3526 etiam
2569 3468 2842 3543 inefficax,
2870 3471 3156 3542 omnisque
3177 3467 3521 3539 complacen-

1931 3557 2007 3612 tia
2026 3557 2180 3614 circa
2208 3557 2310 3614 tale
2332 3557 2632 3631 obiectum,
2658 3561 2788 3633 quia
2807 3561 2970 3618 etiam
2992 3559 3046 3617 hi
3071 3564 3230 3616 actus
3257 3558 3410 3614 circa
3427 3556 3522 3615 ob·

1932 3646 2137 3707 iectum
2167 3648 2369 3705 malum
2397 3649 2522 3706 mali
2548 3655 2706 3706 sunt:
2739 3665 3079 3722 consequens
3108 3655 3292 3707 autem
3315 3654 3403 3706 est
3426 3647 3522 3705 sal-

1934 3752 2077 3811 sum3
2094 3737 2220 3809 quia
2235 3736 2314 3794 illi
2330 3745 2492 3795 actus
2513 3755 2621 3796 non
2647 3746 2776 3798 sunt
2795 3756 2890 3810 per
2913 3756 2972 3796 se
2993 3739 3222 3796 connexi
3241 3754 3370 3796 cum
3391 3744 3522 3795 actu
3571 3809 3582 3820 θ

1932 3827 2209 3897 exteriori,
2239 3843 2341 3884 nec
2369 3827 2663 3902 impediunt
2685 3845 2783 3902 per
2811 3845 2868 3886 se
2895 3831 3275 3887 executionem
3298 3843 3522 3901 praece·

1934 3917 2033 3989 pti.
2057 3917 2404 3991 Respondeo,
2430 3919 2579 3993 quod
2607 3920 2798 3978 attinet
2818 3918 2885 3976 ad
2906 3919 3232 3976 desiderium
3247 3919 3517 3992 inefficax,

1933 4006 2067 4065 illud
2094 4024 2161 4066 ex
2204 4014 2358 4083 parte
2397 4011 2593 4068 obiecti
2635 4027 2850 4084 semper
2887 4011 3123 4068 includit
3155 4008 3521 4067 conditionem

1932 4096 2192 4172 aliquam,
2222 4114 2364 4174 quae
2392 4100 2719 4158 attendenda
2745 4107 2832 4158 est
2859 4100 2925 4158 ad
2948 4099 3300 4158 iudicandum
3327 4098 3394 4156 de
3423 4098 3522 4156 bo·
3599 4089 3608 4102 ⁸

1933 4197 2141 4248 nestate
2169 4190 2253 4248 vel
2283 4190 2622 4264 turpitudine
2651 4191 2771 4249 talis
2791 4191 3055 4250 desiderii.
3082 4192 3138 4249 Si
3159 4206 3292 4264 ergo
3315 4189 3523 4246 deside-

1934 4283 2077 4338 rium
2107 4280 2271 4339 cadat
2294 4282 2347 4337 in
2378 4282 2486 4339 tale
2515 4281 2787 4339 obiectum
2825 4298 2932 4338 non
2973 4283 3220 4340 obstante
3261 4280 3520 4352 probitio-

1931 4387 2024 4443 ne,
2055 4379 2111 4429 et
2139 4371 2379 4430 conditio
2409 4373 2588 4431 solum
2617 4374 2717 4446 sit,
2748 4375 2793 4429 si
2822 4388 3041 4446 possem
3069 4371 3288 4430 occulte
3314 4370 3517 4443 iacere,

1932 4461 2016 4519 vel
2058 4463 2175 4518 sine
2215 4461 2531 4520 discrimine
2556 4478 2781 4535 poenae,
2811 4469 2907 4520 aut
2932 4461 3034 4519 alia
3076 4461 3286 4536 similis,
3318 4459 3436 4517 talis
3463 4475 3522 4516 a-

1931 4559 2060 4611 ctus
2088 4552 2394 4627 prohibitus
2421 4560 2506 4611 est
2533 4569 2598 4612 ex
2628 4556 2682 4611 vi
2709 4553 2866 4628 legiS,
2898 4559 3122 4626 propter
3150 4551 3414 4610 rationem
3441 4550 3521 4608 sa-

1932 4653 2100 4716 etam,
2130 4645 2262 4719 quia
2288 4651 2542 4702 versatur
2567 4645 2716 4702 circa
2745 4645 3022 4702 obiectum
3062 4641 3393 4716 prohibitum
3432 4655 3518 4696 re-

1932 4743 2080 4794 tenta
2101 4735 2550 4809 prohibitione,et
2565 4734 2862 4792 formaliter
2880 4741 2966 4791 est
2984 4732 3319 4792 desiderium
3339 4730 3517 4806 quod-

1931 4825 2063 4902 dam⁴
2088 4825 2515 4900 transgrediendi
2542 4826 2743 4898 legem,
2774 4825 2923 4900 quod
2952 4825 3157 4882 malum
3182 4831 3268 4882 est
3292 4831 3349 4882 et
3385 4841 3512 4898 pro-

1932 4916 2184 4974 hibitum.
2217 4919 2292 4974 At
2315 4931 2446 4974 vero
2476 4917 2520 4972 si
2561 4913 2801 4972 conditio
2841 4915 2910 4971 sit
2949 4914 3091 4988 talis,
3133 4921 3201 4972 ut
3237 4923 3518 4974 removeat

1932 5007 2366 5081 prohibitionem,
2391 5021 2496 5063 non
2517 5007 2621 5062 erit
2639 5004 2990 5078 prohibitum,
3013 5009 3115 5062 nec
3137 5003 3366 5074 malum,
3389 5005 3515 5079 quia

1932 5099 2035 5155 iam
2064 5114 2170 5155 non
2199 5103 2455 5155 versatur
2483 5096 2631 5154 circa
2659 5094 2936 5154 obiectum
2964 5095 3192 5165 malum,
3222 5102 3289 5153 ut
3307 5111 3361 5152 v.
3387 5111 3443 5169 g.
3471 5095 3514 5152 si

1930 5191 2055 5264 quis
2082 5187 2280 5246 babeat
2305 5186 2602 5260 simplicem
2631 5185 2885 5244 affectum
2911 5184 3144 5244 faciendi
3172 5185 3297 5258 boc,
3328 5185 3373 5241 si
3401 5202 3515 5243 non

1932 5285 2077 5339 esset
2102 5279 2456 5355 prohibitum,
2474 5294 2570 5352 per
2589 5276 2730 5340 banc
2753 5276 3115 5338 conditionem
3135 5283 3380 5334 removet
3401 5291 3514 5336 ma-
