4325 6267
747 220 872 284 240
2121 236 2324 288 mmm
2350 236 2457 285 111.

669 365 1039 436 conscientia,
1071 370 1137 423 ut
1170 365 1535 423 communiter
1561 365 1816 422 doctores
1847 364 2044 422 sentire
2073 363 2259 421 viden·

669 454 838 513 turin
866 445 1042 527 cispite
1065 456 1244 529 primo
1265 497 1280 528 ,
1300 454 1368 512 de
1398 455 1684 513 constitut.
1711 455 1990 529 Secundo,
2021 455 2105 514 lex
2131 471 2259 528 poe·

669 544 808 604 nalis
836 552 921 603 est
948 560 1074 602 vera
1103 545 1220 617 lex,
1251 557 1315 602 ut
1352 552 1603 617 constat,
1631 553 1689 604 et
1718 553 1897 604 tamen
1941 553 2126 619 potest
2151 561 2259 602 non

671 634 916 708 obligare
959 635 1008 692 in
1051 636 1418 710 conscientia3
1447 652 1580 712 ergo
1608 653 1716 695 non
1742 645 1827 694 est
1853 637 1921 694 de
1950 640 2158 696 ratione
2188 637 2262 693 le·

669 727 783 800 gis,
810 731 873 782 ut
899 724 1103 799 obliget
1127 726 1178 782 in
1201 728 1553 785 conscientia.
1586 729 1759 786 Minor
1780 734 1962 802 patet,
1991 735 2108 786 tum
2133 729 2263 801 quia

671 823 736 873 ut
754 816 824 873 sit
844 815 928 873 lex
949 858 964 888 ,
991 816 1120 872 satis
1141 823 1247 889 est,
1273 822 1336 873 ut
1357 817 1540 890 aliquo
1561 817 1722 874 modo
1745 824 1928 893 cogat3
1956 824 2076 874 tum
2097 817 2261 874 etiam

670 906 796 980 quia
826 907 899 963 ita
927 906 1236 964 videbimus
1257 906 1531 964 observari
1557 907 1611 964 in
1636 909 1821 966 multis
1845 907 2181 981 regionibus,
2207 906 2261 963 in

669 997 868 1071 quibus
909 1011 1071 1054 verae
1112 995 1274 1069 leges·
1298 1012 1399 1054 seu
1441 1003 1645 1055 statuta
1685 997 1969 1070 seruntur,
2011 1007 2070 1054 et
2105 998 2158 1052 in
2185 995 2261 1052 eis

669 1085 984 1145 declaratur
1010 1099 1120 1143 non
1147 1086 1385 1160 obligare
1413 1087 1482 1145 ad
1505 1088 1761 1161 culpam,
1785 1088 1879 1145 sed
1908 1086 1976 1145 ad
2002 1102 2257 1160 poenam.

669 1178 846 1235 Tertio
875 1177 1004 1235 licet
1030 1175 1290 1250 obligatio
1320 1177 1502 1252 aliqua
1530 1179 1602 1256 sit
1627 1177 1694 1234 de
1722 1178 1928 1235 ratione
1951 1177 2112 1252 legis,
2143 1193 2263 1234 mo-

667 1266 775 1324 dus
811 1273 991 1324 tamen
1033 1266 1376 1340 obligationis
1404 1267 1606 1339 pendet
1631 1283 1697 1324 ex
1726 1267 2019 1324 intentione
2049 1267 2265 1339 praeci-

669 1358 884 1432 pientis.
926 1355 1079 1416 Unde
1118 1356 1210 1430 fit,
1254 1363 1318 1414 ut
1355 1356 1487 1415 licet
1524 1358 1753 1416 materia
1789 1356 1924 1431 legis
1949 1359 2134 1431 gravis
2165 1358 2260 1428 sit,

670 1449 849 1522 possit
901 1446 1174 1520 legislator
1223 1446 1364 1504 nolle
1405 1446 1642 1521 obligare
1683 1446 1786 1504 sub
1832 1447 2080 1520 mortali3
2131 1462 2262 1520 ergo

671 1537 861 1596 eadem
901 1537 1110 1595 ratione
1149 1543 1334 1611 potest
1371 1537 1517 1594 nolle
1557 1536 1797 1612 obligare
1824 1539 1878 1595 in
1908 1536 2261 1610 conscientia,

671 1628 768 1686 sed
790 1633 1002 1685 tantum
1025 1627 1129 1684 sub
1149 1626 1252 1684 alio
1274 1625 1437 1684 modo
1459 1627 1795 1685 necessitatis
1817 1643 1917 1686 seu
1939 1627 2260 1685 coactionis.

747 1720 979 1791 Propter
1014 1717 1250 1774 rationes
1295 1717 1460 1790 priori
1499 1716 1621 1775 loco
1649 1717 1857 1791 positas
1885 1716 2049 1790 aliqui
2078 1717 2265 1774 existi-

671 1815 854 1878 mant,
883 1822 992 1865 non
1018 1822 1181 1880 posse
1207 1807 1323 1864 dari
1351 1822 1538 1864 veram
1570 1808 1746 1880 legem
1775 1807 2072 1864 humanam
2094 1849 2107 1876 ,
2131 1806 2263 1879 quin

669 1897 898 1957 inducat
939 1896 1327 1970 obligationem
1368 1898 1424 1954 in
1465 1898 1806 1956 conscientia
1845 1900 2106 1955 materiae
2137 1913 2266 1970 pro-

670 1988 1056 2062 portionatam.
1097 1987 1181 2046 lta
1217 1988 1475 2046 videntur
1516 1991 1712 2046 sentire
1753 2006 1942 2046 omnes
1980 1995 2261 2062 auctores,

673 2079 768 2154 qui
784 2085 1018 2153 negant,
1042 2095 1203 2152 posse
1224 2078 1342 2136 dari
1370 2080 1543 2154 legem
1566 2080 1895 2154 obligantem
1918 2080 1985 2138 ad
2008 2096 2261 2155 poenam,

671 2177 728 2228 et
752 2186 862 2227 non
889 2169 959 2227 ad
981 2169 1222 2242 culpam,
1249 2169 1396 2244 quod
1419 2171 1584 2228 sentit
1611 2171 1842 2247 Sylvest.
1877 2173 2043 2230 verbo
2071 2171 2264 2229 inobe-

671 2259 918 2328 dientia,
954 2262 1010 2317 in
1037 2261 1160 2333 fine,
1192 2266 1251 2318 et
1271 2261 1403 2318 Soto
1431 2261 1526 2319 lib.
1567 2267 1615 2321 1.
1641 2260 1713 2318 de
1738 2265 1880 2320 iust.
1906 2277 1962 2336 q.
1990 2266 2043 2334 6,
2070 2269 2174 2320 art.
2205 2267 2259 2321 3.

670 2351 820 2410 Idem
862 2353 1027 2408 sentit
1062 2352 1208 2408 loan.
1253 2350 1467 2408 Eselius
1511 2351 1565 2407 in
1605 2353 1944 2424 expositione
1981 2352 2262 2426 Decalogi,

672 2457 927 2517 praecep·
958 2447 1016 2514 4,
1048 2457 1171 2514 cap.
1202 2445 1294 2500 36.
1320 2442 1422 2511 Qui
1450 2449 1847 2516 consequenter
1873 2443 2088 2500 videtur
2115 2459 2265 2501 asse-

671 2549 818 2608 rere,
844 2532 1064 2608 regulas
1097 2532 1416 2606 religionum
1450 2549 1556 2590 non
1581 2549 1743 2607 posse
1774 2534 2012 2607 obligare
2039 2533 2108 2591 ad
2136 2550 2266 2606 poe-

673 2640 831 2698 nam,
864 2623 998 2697 quin
1025 2623 1266 2696 obligent
1293 2622 1360 2680 ad
1385 2623 1605 2695 culpam
1623 2665 1637 2694 ,
1667 2624 1796 2697 quia
1824 2640 1997 2696 poena
2023 2623 2159 2682 dicit
2188 2625 2266 2680 in·-

603 2791 610 2796 ·
671 2717 966 2773 trinsecam
1009 2714 1325 2771 relationem
1365 2713 1432 2772 ad
1474 2714 1726 2787 culpam,
1769 2729 1870 2771 uec
1913 2721 2096 2787 potest
2139 2703 2263 2772 esse

669 2807 847 2886 iusta,
891 2805 991 2861 nisi
1029 2804 1098 2861 sit
1137 2805 1549 2876 proportionata
1588 2805 1818 2876 culpae,
1861 2807 1936 2862 ita
1976 2813 2042 2864 ut
2081 2809 2267 2863 iuxta

671 2911 1020 2954 mensuram
1046 2892 1246 2952 delicti
1275 2897 1353 2951 sit
1389 2900 1446 2951 et
1464 2893 1795 2969 plaqarum
1823 2893 2057 2965 modus,
2099 2903 2161 2953 ut
2188 2896 2267 2953 di-

672 2988 822 3045 citur
850 2985 999 3044 Ruth
1026 2990 1131 3056 25,
1161 2991 1216 3041 et
1243 2989 1516 3041 consonat
1543 2984 1678 3042 illud
1708 2988 1879 3058 Apoc.
1922 2991 2020 3046 18:
2060 2989 2268 3063 Quan-

671 3079 798 3134 tam
819 3073 949 3150 suit
986 3079 1049 3132 in
1075 3072 1304 3132 deliciis
1319 3117 1336 3142 ‚
1371 3079 1608 3132 tantum
1635 3073 1776 3133 date
1802 3081 1856 3132 ei
1881 3082 2261 3134 tormentum.

671 3167 823 3225 Unde
861 3173 947 3224 est
985 3165 1119 3224 illud
1143 3167 1287 3238 Aug.
1330 3164 1422 3222 lib.
1456 3170 1512 3223 2.
1543 3164 1615 3222 de
1649 3171 1827 3242 Bapt.
1860 3183 1983 3238 cap.
2019 3171 2073 3225 6:
2117 3171 2267 3244 Quis

675 3255 1034 3316 dubitaverit
1055 3257 1164 3313 hoc
1181 3271 1302 3312 esse
1322 3253 1668 3314 sceleratius
1690 3261 2089 3318 commissum.
2115 3256 2269 3331 quod

672 3353 762 3406 est
785 3351 1032 3422 qravius
1052 3338 1454 3407 vindicatum?
1473 3346 1604 3418 Cap.
1629 3363 1750 3403 non
1769 3344 2130 3419 afferamus,
2169 3351 2264 3407 24.

672 3455 729 3513 q.
771 3446 821 3511 1,
853 3453 917 3496 ac
943 3436 1184 3512 denique
1205 3439 1262 3494 in
1289 3452 1412 3510 cap.
1446 3441 1502 3496 2.
1527 3435 1594 3494 de
1623 3441 1801 3494 const.
1827 3435 2068 3494 dicitur:
2095 3440 2259 3504 Rem,

672 3545 826 3603 quae
853 3526 1032 3603 culpa
1057 3531 1223 3585 caret
1239 3571 1253 3593 ,
1280 3529 1348 3584 in
1372 3524 1663 3584 damnum
1691 3529 1897 3584 vocari
1921 3543 2039 3584 non
2065 3541 2267 3584 conve-

673 3623 780 3678 nit.
826 3618 1084 3692 Idemque
1121 3619 1382 3690 sentiunt,
1413 3619 1509 3690 qui
1550 3616 1896 3691 existimant,
1925 3633 2033 3673 non
2062 3632 2185 3674 esse
2212 3618 2270 3672 in

675 3714 949 3782 potestate
975 3706 1298 3780 legislatoris
1327 3704 1431 3765 hoc
1459 3705 1546 3762 vel
1571 3706 1664 3763 illo
1692 3705 1855 3764 modo
1883 3707 2144 3781 obligare,
2172 3706 2270 3764 sed

675 3806 887 3857 tantum
907 3796 1242 3871 praecipere,
1261 3803 1357 3854 aut
1377 3811 1484 3854 non
1505 3797 1852 3869 praecipere,
1879 3811 2006 3853 nam
2028 3813 2096 3853 ex
2116 3811 2271 3868 prae-

677 3895 838 3963 cepto
887 3887 1209 3945 naturaliter
1255 3888 1504 3961 sequitur
1550 3885 1802 3959 obligatio
1843 3886 1894 3943 in
1934 3886 2273 3945 conscientia

677 3981 1088 4054 proportionata
1115 3978 1407 4051 materiae,
1439 3975 1704 4050 quidquid
1727 3975 1856 4034 velit
1882 3977 2176 4051 legislator.
2200 3977 2273 4035 Et

679 4071 900 4129 additur
927 4071 1275 4142 coniectura,
1301 4069 1429 4142 quia
1447 4066 1585 4124 alias
1608 4065 1834 4125 daretur
1857 4067 2074 4125 occasio
2101 4067 2272 4145 hypo-

677 4162 867 4235 crisis,
898 4162 1026 4237 quia
1061 4167 1342 4218 servarent
1368 4158 1615 4217 homines
1644 4158 1921 4231 regulam,
1953 4157 2040 4214 vel
2068 4157 2267 4233 legem,

679 4252 898 4329 quando
937 4251 1110 4310 videri
1153 4257 1377 4324 possent
1417 4249 1483 4307 ab
1519 4249 1670 4307 aliis:
1701 4265 1811 4308 non
1839 4255 2023 4308 autem
2049 4247 2146 4306 ubi
2175 4264 2271 4307 oc·

678 4346 823 4404 culte
852 4349 1078 4418 possent
1100 4342 1246 4400 illam
1277 4339 1603 4414 transgredi.

757 4443 810 4496 3.
843 4437 900 4493 In
931 4436 1036 4493 hoc
1063 4450 1193 4492 vero
1229 4439 1438 4507 puncto
1466 4431 1670 4506 aliquid
1698 4431 1969 4505 pertinere
1995 4437 2173 4504 potest
2200 4430 2270 4490 ad

679 4530 1052 4602 quaestionem
1094 4515 1159 4582 de
1199 4541 1289 4600 re,
1321 4529 1378 4582 et
1405 4522 1607 4596 aliquid
1633 4521 1702 4580 ad
1730 4523 1957 4581 modum
1988 4521 2264 4596 loquendi.

679 4619 756 4674 De
775 4633 836 4674 re
856 4618 1102 4691 quaestio
1125 4623 1240 4686 est,
1266 4631 1331 4672 an
1355 4612 1622 4672 ordinatio
1647 4614 1973 4687 superioris,
1997 4628 2270 4686 quocum-

681 4722 789 4781 que
817 4708 1029 4764 nomine
1070 4705 1372 4778 appelletur
1392 4747 1407 4774 ,
1438 4704 1609 4777 possit
1635 4704 1820 4777 aliquo
1849 4702 2012 4761 modo
2042 4701 2269 4782 induce-

681 4814 775 4872 re,
805 4797 891 4856 vel
918 4797 1154 4871 obligare
1181 4795 1248 4854 ad
1277 4802 1467 4853 actum
1495 4794 1600 4851 sub
1630 4793 1811 4866 aliqua
1837 4793 1939 4850 alia
1971 4793 2267 4851 necessita-

681 4895 736 4946 te
755 4931 770 4960 ,
800 4904 908 4944 non
937 4885 1220 4962 obligando
1246 4885 1300 4942 in
1326 4884 1692 4954 conscientia,
1718 4884 1794 4941 ita
1819 4891 1884 4941 ut
1905 4879 2265 4958 transgressio

682 4977 826 5037 illius
853 4976 1200 5035 ordinationis
1227 4991 1326 5049 per
1353 4991 1411 5032 se
1437 4981 1494 5031 et
1519 4975 1574 5030 in
1603 4974 1784 5048 rigore
1815 4979 2032 5046 sumpta
2062 4990 2169 5030 non
2200 4974 2270 5032 sit

682 5075 971 5144 peccatum
999 5082 1186 5126 coram
1215 5069 1344 5125 Deo.
1377 5068 1451 5123 De
1478 5063 1642 5122 modo
1670 5069 1855 5122 autem
1883 5063 2136 5137 loquendi
2165 5064 2271 5122 erit

685 5158 1088 5234 controversia,
1118 5173 1186 5217 an
1225 5156 1350 5217 talis
1391 5153 1688 5228 ordinatio,
1721 5154 1768 5212 si
1795 5153 1989 5229 detur,
2021 5152 2268 5213 vocanda

2330 363 2401 419 sit
2425 362 2509 420 lex
2529 403 2544 433 ,
2576 377 2677 420 nec
2707 368 2813 420 ne‘?
2840 361 3027 431 Quoad
3058 362 3291 435 priorem
3320 377 3449 436 ergo
3480 368 3691 436 partem
3717 379 3925 437 negare

2330 468 2438 509 non
2480 468 2806 525 possumus,
2840 453 2971 524 quin
3002 455 3209 524 possint
3245 454 3357 510 fieri
3386 452 3521 510 tales
3554 452 3925 511 ordinationes

2329 543 2415 599 vel
2436 548 2661 614 statuta,
2682 557 2824 616 quae
2844 542 3153 599 immediate
3166 559 3272 600 non
3297 543 3537 617 obligent
3556 544 3607 600 in
3630 546 3922 602 conscien-

2330 635 2403 690 tia
2422 633 2491 689 ad
2513 641 2693 706 actus,
2718 648 2858 705 quos
2890 633 3245 706 praecipiunt,
3270 632 3356 690 vel
3386 632 3689 705 prohibent.
3714 635 3797 691 lta
3818 633 3923 692 do-

2331 723 2447 780 cuit
2474 738 2728 795 expresse
2757 722 2916 780 divus
2942 704 3175 780 Thomas
3201 727 3251 780 2.
3284 728 3339 793 2,
3366 739 3420 796 q.
3460 727 3595 796 186,
3626 733 3732 782 art.
3767 729 3822 783 9.
3854 722 3923 780 ad

2331 817 2387 870 2.
2415 813 2674 887 Sequitur
2701 814 2939 887 Angelus
2970 813 3133 870 verbo
3162 812 3571 882 inobedientia,
3608 832 3663 871 n.
3702 820 3752 886 1,
3783 817 3927 872 lien-

2331 904 2431 960 ric.
2465 901 2708 976 quodlib.
2741 890 2803 974 ’3,
2834 920 2890 979 q.
2924 909 2981 971 2,
3012 909 3077 972 2,
3106 904 3297 962 Castro
3328 904 3418 963 lib.
3456 909 3505 964 1.
3538 902 3608 962 de
3638 903 3762 979 leqe
3778 921 3924 980 poe-

2329 990 2490 1060 nali,
2530 1009 2655 1067 cap.
2689 999 2742 1065 5,
2772 999 2826 1067 8,
2855 1000 2912 1051 et
2938 998 2992 1052 9.
3025 993 3097 1050 Et
3122 995 3361 1051 sumitur
3388 1010 3455 1053 ex
3483 994 3747 1052 Clement.
3774 999 3925 1053 Εωίρ

2328 1087 2411 1141 vit
2438 1082 2510 1142 de
2527 1081 2822 1158 paradiso
2840 1129 2855 1152 ,
2893 1100 3055 1141 versu
3083 1099 3203 1140 non
3227 1088 3458 1152 tamen,
3485 1084 3552 1142 de
3579 1085 3733 1142 verb.
3760 1087 3927 1158 signi-

2330 1175 2475 1232 ticat.
2516 1175 2743 1232 Constat
2776 1176 2939 1231 etiam
2979 1190 3045 1232 ex
3076 1191 3184 1231 usu
3209 1175 3507 1232 multarum
3534 1175 3859 1249 religionum
3884 1191 3919 1232 a

2331 1267 2561 1322 summis
2598 1265 2948 1322 Pontificibus
2986 1264 3321 1338 approbato,
3354 1265 3406 1321 in
3435 1265 3638 1340 quibus
3667 1264 3927 1323 fundato·

2328 1371 2419 1412 res
2441 1353 2719 1412 tradentes
2742 1356 2985 1428 regulam
3008 1355 3206 1413 diserte
3226 1355 3521 1429 explicant,
3546 1371 3603 1412 se
3626 1355 3769 1415 nolle
3790 1355 3928 1414 obli-

2330 1462 2460 1520 gare
2488 1445 2553 1502 ad
2583 1445 2799 1520 culpam
2830 1447 3150 1519 mortalem,
3184 1447 3267 1503 vel
3298 1446 3555 1504 venialem
3576 1488 3590 1517 ,
3616 1445 3711 1504 sed
3742 1446 3925 1504 solum

2333 1536 2403 1594 ad
2424 1544 2773 1609 poenam3est
2792 1544 2975 1593 autem
3004 1542 3222 1594 certum
3253 1536 3342 1594 illa
3358 1543 3561 1594 statuta
3588 1545 3778 1594 sancta
3804 1551 3925 1594 esse

2330 1635 2389 1684 et
2416 1633 2782 1684 consentanea
2808 1626 3031 1700 rationi,
3058 1633 3116 1684 et
3141 1633 3574 1701 transgressores
3609 1642 3806 1686 eorum
3834 1629 3920 1684 iu·

2332 1723 2413 1775 ste
2440 1723 2497 1775 et
2522 1717 2911 1774 rationabiliter
2938 1719 3134 1790 puniri.

2407 1807 2565 1877 Quod
2592 1813 2775 1866 autem
2799 1807 2875 1865 illi
2900 1816 3336 1882 transgressores
3353 1849 3369 1882 ,
3400 1823 3499 1882 per
3524 1822 3583 1864 se
3621 1807 3923 1883 loquendo,

2330 1916 2443 1957 non
2469 1905 2719 1972 peccent,
2752 1899 3046 1972 probatur,
3076 1899 3203 1973 quia
3242 1898 3541 1970 prudenter
3571 1899 3922 1956 conformant

2331 1989 2607 2048 dictamen
2648 2005 2779 2046 suae
2819 1990 3187 2047 conscientiae
3228 1989 3507 2048 intentioni
3534 1990 3617 2047 sui
3645 1988 3935 2062 legislator

2332 2082 2440 2138 ris:
2473 2081 2560 2138 ille
2601 2087 2783 2138 autem
2810 2078 3105 2138 declaravit
3132 2081 3187 2136 in
3214 2079 3301 2138 illa
3330 2082 3786 2154 transgressione,
3817 2096 3927 2137 non

2332 2188 2455 2230 esse
2495 2171 2717 2245 culpam
2757 2187 2823 2228 ex
2866 2171 2915 2228 vi
2944 2171 3087 2229 illius
3114 2171 3276 2245 legis3
3304 2188 3439 2246 ergo
3465 2171 3765 2245 prudenter
3792 2171 3924 2229 sub-

2332 2261 2428 2319 diti
2455 2261 2694 2319 formant
2716 2260 2978 2318 iudicium
3006 2261 3403 2334 conscientiae,
3430 2260 3580 2336 quod
3601 2263 3817 2319 nullum
3844 2262 3919 2318 ibi

2332 2352 2652 2410 interveniat
2690 2360 3011 2424 peccatum3
3056 2369 3190 2426 ergo
3233 2369 3293 2410 re
3336 2368 3465 2410 vera
3510 2369 3619 2409 non
3666 2357 3921 2426 peccant,

2334 2446 2464 2520 quia
2484 2441 2634 2518 quod
2654 2451 2826 2500 estex
2849 2443 3089 2516 legitima
3108 2445 3447 2502 conscientia
3463 2484 3478 2515 ,
3502 2450 3797 2516 peccatum
3816 2459 3927 2501 non

2332 2542 2437 2593 est.
2472 2535 2605 2592 Dico
2646 2540 2972 2608 autemper
3006 2549 3094 2599 se,
3132 2535 3263 2606 quia
3288 2533 3502 2592 aliunde
3532 2535 3845 2607 saepissime
3871 2540 3928 2590 et

2331 2625 2561 2682 sortasse
2601 2623 2936 2697 frequentius
2978 2623 3175 2696 poterit
3213 2623 3284 2680 ibi
3314 2625 3527 2682 misceri
3562 2624 3765 2696 culpa,
3796 2625 3928 2698 quia

2334 2713 2551 2772 difficile
2578 2721 2695 2786 est,
2726 2731 2791 2771 ex
2823 2713 3025 2770 motivo
3048 2713 3280 2770 honesto
3309 2720 3515 2780 etcum
3539 2716 3796 2772 omnibus
3817 2715 3929 2772 cir-

2334 2805 2675 2865 cumstantiis
2702 2804 2979 2878 requisitis
3004 2803 3057 2861 id
3082 2807 3325 2878 operari,
3348 2804 3500 2878 quod
3518 2811 3603 2862 est
3624 2812 3817 2862 contra
3840 2821 3930 2862 re-

2335 2897 2542 2971 gulam.
2576 2896 2684 2953 Sed
2702 2895 2811 2952 hoc
2840 2901 2923 2952 est
2944 2894 3373 2953 accidentarium
3396 2901 3655 2968 respectu
3678 2895 3923 2970 regulae,

2337 2988 2497 3046 cuius
2530 2988 2705 3045 solam
2735 2987 2845 3042 vim
2876 3000 2976 3043 nos
3002 2984 3453 3058 consideramus,
3480 2992 3539 3043 et
3566 2985 3821 3044 absolute
3849 2986 3931 3043 lo-

2337 3077 2593 3152 quendo,
2633 3092 2743 3133 non
2786 3082 3090 3150 repugnat,
3133 3085 3323 3134 actum
3362 3077 3471 3134 fieri
3512 3093 3645 3134 cum
3671 3077 3933 3136 omnibus

2336 3167 2443 3226 illis
2474 3167 2901 3224 circumstantiis
2928 3209 2940 3238 ,
2965 3167 3177 3223 etiamsi
3204 3167 3335 3225 alias
3356 3167 3638 3226 discordet
3658 3184 3691 3225 a
3714 3167 3927 3241 regula.

2335 3256 2482 3316 Idem
2511 3258 2826 3331 contingere
2856 3263 3037 3328 potest
3064 3259 3178 3315 sine
3206 3257 3371 3316 dubio
3408 3259 3461 3315 in
3498 3257 3687 3316 multis
3715 3258 3931 3332 legibus

2337 3348 2622 3417 civilibus,
2666 3364 2765 3405 seu
2805 3347 3069 3422 politiciS,
3112 3362 3253 3421 quae
3292 3364 3399 3406 non
3440 3347 3689 3408 absolute
3729 3347 3935 3423 aliquid

2340 3439 2718 3514 praecipiunt,
2758 3437 2856 3496 sed
2893 3438 3051 3511 quasi
3089 3438 3192 3495 sub
3219 3438 3523 3496 conditione
3553 3445 3839 3514 statuunt,
3872 3444 3936 3496 ut

2340 3530 2435 3604 qui
2476 3529 2581 3586 hoc
2620 3529 2841 3601 fecerit,
2886 3529 3063 3586 solvat
3104 3528 3243 3586 hanc
3285 3529 3369 3588 vel
3398 3529 3545 3588 illam
3572 3545 3835 3604 poenam,
3864 3529 3934 3587 de

2339 3619 2543 3695 quibus
2571 3619 2733 3676 latius
2762 3619 2903 3676 insra
2924 3617 3254 3691 disputando
3284 3619 3349 3676 de
3374 3619 3490 3694 lege
3512 3621 3743 3694 poenali.
3772 3622 3934 3679 Prae-

2340 3718 2491 3767 terea
2518 3726 2627 3767 non
2656 3715 2928 3782 repugnat
2953 3708 3067 3767 fieri
3095 3715 3285 3767 votum
3312 3725 3463 3767 mere
3489 3711 3715 3784 poenale
3733 3752 3750 3781 ,
3781 3709 3934 3784 quod

2341 3799 2588 3858 absolute
2618 3815 2726 3856 non
2756 3799 2955 3873 obliget
2994 3799 3046 3855 in
3074 3801 3407 3858 conscientia
3435 3801 3503 3859 ad
3531 3807 3719 3859 actum
3746 3800 3935 3858 imme-

2339 3888 2480 3948 diate
2509 3889 2871 3963 promissum3
2896 3903 3028 3962 ergo
3053 3889 3197 3947 idem
3225 3889 3381 3948 facile
3410 3890 3628 3964 intelligi
3656 3890 3856 3963 poterit
3878 3890 3937 3946 in

2337 3979 2673 4038 ordinatione
2696 3981 3061 4050 superiorum.
3085 3981 3244 4036 Ratio
3261 3979 3493 4054 denique
3513 3987 3619 4050 est,
3638 3981 3769 4054 quia
3790 3980 3929 4037 haec

2340 4070 2595 4144 obligatio
2626 4065 2825 4140 pendet
2846 4083 2911 4124 ex
2938 4067 3229 4126 intentione
3252 4068 3591 4142 mandantis3
3615 4083 3748 4142 ergo
3774 4070 3821 4125 si
3842 4067 3935 4125 ille

2335 4159 2565 4218 intendit
2602 4175 2712 4215 non
2752 4157 2995 4230 obligare
3033 4159 3089 4214 in
3130 4158 3496 4234 conscientia,
3539 4173 3598 4215 re
3638 4172 3769 4215 vera
3816 4173 3929 4215 non

2340 4249 2562 4326 obligat.
2593 4247 2752 4318 Quod
2792 4253 2975 4306 autem
3016 4251 3191 4322 possit
3227 4249 3303 4307 ita
3338 4247 3645 4321 intendere,
3690 4253 3840 4322 patet
3864 4265 3935 4306 ex

2338 4357 2483 4416 usu,
2516 4345 2573 4398 et
2596 4341 2725 4414 quia
2752 4354 2864 4396 non
2890 4337 3116 4396 involvit
3149 4341 3595 4414 repugnantiam,
3628 4338 3930 4397 dummodo

2336 4448 2446 4488 non
2488 4430 2660 4488 omnis
2704 4429 2955 4503 obligatio
2994 4429 3158 4488 etiam
3198 4430 3265 4488 ad
3304 4447 3529 4506 poenam
3571 4429 3929 4490 excludatur.

2337 4520 2495 4590 Quod
2520 4520 2725 4595 patebit
2750 4521 2921 4592 magis
2948 4535 3011 4578 ex
3038 4528 3245 4594 puncto
3267 4508 3513 4598 sequenti
3534 4529 3677 4581 etex
3699 4538 3927 4597 respon-

2337 4611 2577 4670 sionibus
2605 4618 3081 4685 argumentorum.

2414 4706 2470 4760 4.
2503 4705 2615 4760 lam
2646 4717 2778 4774 ergo
2808 4700 3059 4760 succedit
3089 4702 3191 4760 alia
3218 4705 3500 4778 quaestio,
3530 4719 3597 4761 an
3628 4703 3750 4763 talis
3788 4702 3934 4762 ordi·

2335 4794 2483 4850 natio
2511 4793 2582 4849 sit
2610 4806 2739 4848 vera
2768 4791 2874 4848 lex.
2906 4793 3038 4849 Pars
3076 4794 3221 4850 enim
3260 4794 3508 4866 negativa
3545 4792 3759 4851 videtur
3789 4796 3934 4853 sumi

2336 4898 2403 4940 ex
2442 4881 2498 4940 d.
2529 4880 2737 4940 Thoma
2776 4882 2946 4938 citato
2988 4881 3145 4957 loco;
3190 4882 3323 4940 dicit
3360 4886 3529 4959 enim,
3570 4901 3679 4942 non
3702 4887 3929 4960 ⁸omnia,

2335 4986 2477 5045 quae
2502 4977 2786 5044 ponuntur
2812 4971 2866 5027 in
2896 4970 3044 5045 lege,
3072 4973 3194 5044 poni
3223 4988 3319 5046 per
3356 4973 3581 5032 modum
3619 4977 3927 5052 praecepti,

2336 5060 2434 5118 sed
2470 5062 2651 5134 aliqua
2690 5075 2812 5118 esse
2846 5077 2946 5133 per
2984 5061 3211 5120 modum
3250 5063 3511 5137 simplicis
3552 5065 3931 5142 ordinationis,

2336 5152 2424 5214 vel
2452 5152 2660 5228 statuti,
2682 5159 2739 5212 et
2762 5150 2883 5212 ideo
2907 5167 3015 5212 non
3034 5154 3212 5214 omnia
3232 5153 3477 5230 obligare
3496 5157 3554 5216 in
3574 5158 3935 5221 conscientia.
