4325 6267
1813 364 2022 413 CAPUT
2050 364 2126 411 lx
2135 393 2148 409 .

323 482 506 539 deviet
537 497 568 538 a
595 484 901 555 praeceptis
926 489 984 540 et
1007 485 1358 556 praescriptis
1385 484 1518 557 legis
1547 488 1797 553 naturam
1839 485 1934 542 de-

325 570 422 627 bet
443 570 587 626 enim
611 570 885 644 legislator
903 570 1182 629 humanus
1205 588 1263 630 se
1286 588 1478 645 gerere
1499 576 1554 631 in
1570 573 1800 632 serendis
1819 577 1936 632 suis

323 659 541 731 legibus
574 664 830 733 tanquam
858 662 1164 735 discipulus
1198 661 1212 733 (
1240 669 1301 719 ut
1328 665 1409 719 sic
1437 662 1648 736 dicam)
1679 664 1814 738 legis
1842 680 1937 721 na-

326 747 555 819 turalis,
603 756 662 805 et
699 768 764 807 ea
790 754 1138 825 praecipere,
1169 758 1313 823 quae
1339 750 1656 823 disciplinae
1687 753 1832 809 illius
1860 753 1936 809 le-

321 838 410 910 gis
453 848 782 911 congruant.
815 840 972 909 Quod
1007 848 1155 897 recte
1195 840 1420 913 quidem
1456 841 1669 899 dictum
1697 849 1803 899 est.
1835 844 1938 899 Ta-

323 942 452 983 men
499 926 542 982 si
584 927 726 985 hanc
763 931 1136 987 conditionem
1164 930 1529 1003 intelligamus
1560 930 1626 987 de
1656 929 1937 1002 disciplina

319 1025 586 1090 respectu
619 1016 984 1087 subditorum,
1003 1019 1200 1089 optime
1225 1018 1502 1090 dicemus,
1525 1034 1740 1075 omnem
1764 1020 1935 1091 legem

321 1108 544 1166 tradere
585 1107 816 1163 subditis
849 1108 1262 1163 convenientem
1289 1106 1600 1165 doctrinam
1620 1152 1635 1174 ,
1671 1114 1724 1163 et
1751 1108 1828 1163 sic
1859 1107 1939 1164 di-

324 1198 594 1268 sciplinae
633 1198 947 1253 convenire.
979 1198 1083 1252 Est
1118 1197 1258 1253 enim
1301 1197 1477 1253 omnis
1524 1198 1608 1253 lex
1636 1198 1934 1252 instructio

322 1284 599 1358 quaedam
633 1284 979 1342 subditorum
997 1327 1010 1354 ,
1041 1285 1194 1340 iuxta
1221 1284 1384 1341 illud:
1412 1289 1535 1341 Lex
1559 1288 1802 1341 Domini
1826 1288 1935 1340 im-

324 1373 674 1441 maculata,
717 1416 730 1429 .
752 1415 766 1429 .
787 1414 802 1429 .
847 1376 1209 1447 sapientiam
1261 1378 1584 1448 praestans
1637 1371 1937 1448 parvulis:

325 1463 462 1535 quia
483 1465 662 1519 omnis
704 1464 844 1527 iusta
868 1462 954 1519 lex
983 1464 1169 1535 aliquo
1195 1462 1356 1519 modo
1387 1464 1471 1520 lex
1491 1464 1699 1519 Domini
1722 1468 1826 1534 est,
1853 1478 1938 1518 sa-

323 1552 698 1624 pientiamque
739 1558 983 1625 praestat
1023 1554 1299 1626 parvulis3
1341 1567 1479 1625 ergo
1523 1558 1778 1623 respectu
1821 1550 1936 1607 illo-

327 1657 455 1697 rum
486 1640 736 1697 doctrina
764 1640 1030 1713 quaedam
1057 1646 1171 1712 εει,
1201 1657 1337 1713 ergo
1369 1648 1517 1697 recte
1546 1640 1614 1698 de
1643 1642 1790 1697 omni
1817 1639 1936 1712 lege

325 1728 566 1801 dicitur,
599 1728 752 1802 quod
782 1729 941 1785 debet
967 1744 1088 1786 esse
1116 1730 1451 1786 conveniens
1478 1728 1818 1800 disciplinae.
1844 1727 1938 1785 llla

327 1826 516 1876 autem
561 1818 852 1875 instructio
894 1834 1110 1875 morum
1153 1818 1256 1893 (de
1297 1818 1400 1874 hac
1442 1818 1584 1874 enim
1612 1824 1697 1873 est
1727 1812 1934 1887 sermo)

327 1906 664 1965 couveniens
708 1906 912 1964 dicitur
950 1907 1300 1980 disciplinae,
1349 1921 1490 1980 quae
1520 1909 1780 1963 virtutem
1811 1920 1941 1977 pro·

329 2003 549 2067 movet,
593 1996 678 2053 vel
719 1996 794 2053 ita
833 2002 917 2053 est
955 1996 1102 2053 utilis
1138 1996 1208 2053 ad
1235 1995 1368 2052 alios
1397 1997 1561 2065 fines,
1597 2001 1662 2051 ut
1691 1993 1938 2050 moribus

330 2086 573 2143 honestis
607 2100 714 2141 non
751 2091 974 2157 noceat,
1011 2085 1106 2141 sed
1136 2086 1317 2156 potius
1347 2086 1553 2157 prosit,
1585 2092 1854 2158 quantum
1886 2084 1937 2140 in

330 2190 392 2231 se
429 2182 538 2231 est.
579 2175 717 2231 Nam
755 2175 920 2231 etiam
961 2174 1096 2251 haec
1135 2174 1375 2232 conditio
1421 2179 1605 2246 potest
1629 2174 1855 2246 positive
1883 2180 1941 2231 et

327 2266 586 2337 negative
633 2263 886 2336 intelligi,
927 2272 984 2321 et
1033 2272 1265 2335 uterque
1315 2264 1514 2321 modus
1561 2262 1765 2319 sufficit
1807 2278 1936 2319 cum

325 2353 688 2425 proportione
731 2352 1109 2409 accommoda.
1155 2354 1306 2409 Licet
1343 2353 1433 2408 vix
1477 2352 1652 2424 possit
1691 2367 1814 2408 esse
1851 2350 1938 2408 lex

331 2457 444 2498 non
483 2456 802 2513 repugnans
841 2441 1088 2497 moribus
1125 2440 1399 2512 honestis,
1429 2456 1571 2513 quae
1603 2456 1709 2497 nou
1740 2441 1942 2497 habeat

330 2530 574 2602 aliquam
615 2530 1026 2601 congruentiam
1069 2530 1136 2585 ad
1172 2528 1460 2586 honestam
1487 2528 1828 2601 disciplinam
1848 2573 1863 2602 ,
1895 2530 1938 2585 si

333 2619 540 2691 alioqui
571 2625 657 2674 est
683 2618 829 2675 utilis
857 2618 1216 2689 reipublicae,
1239 2618 1390 2692 quod
1418 2619 1467 2674 in
1501 2618 1686 2675 ultima
1724 2618 1940 2674 illarum

334 2705 722 2764 conditionum
746 2707 1100 2779 significatur.
1135 2706 1298 2763 Addit
1316 2708 1457 2762 enim
1481 2706 1745 2763 Isidorus:
1771 2704 1944 2782 Quod

333 2796 526 2855 saluti
539 2796 840 2870 proficiat.
866 2796 1021 2863 Quod
1041 2796 1263 2868 exponit
1284 2796 1338 2853 d.
1365 2796 1622 2853 Thomas:
1651 2799 1725 2852 In
1746 2812 1941 2868 quan-

333 2892 468 2942 tum
497 2890 586 2942 est
606 2888 1066 2965 proportionata
1100 2882 1352 2942 utilitati
1377 2886 1714 2953 humanae,
1753 2885 1938 2941 subin-

333 2975 524 3031 dicans
567 2974 632 3031 ad
678 2973 820 3030 hanc
857 2972 1220 3030 conditionem
1250 2974 1550 3046 pertinere.
1585 2972 1732 3046 quod
1773 2988 1942 3045 supra

334 3063 552 3120 dictum
592 3068 708 3133 est,
751 3063 926 3135 legem
966 3077 1086 3119 esse
1127 3064 1314 3120 utilem
1355 3066 1636 3120 communi
1675 3063 1852 3135 bon03
1884 3065 1940 3118 in

335 3169 454 3226 quo
495 3167 662 3208 sensu
698 3154 858 3207 etiam
889 3157 1072 3222 potest
1097 3151 1164 3209 ad
1193 3168 1412 3209 omnem
1445 3153 1618 3225 legem
1648 3152 1782 3209 haec
1810 3169 1941 3209 con-

337 3242 476 3299 ditio
505 3240 944 3313 accommodati,
969 3247 1032 3298 ut
1063 3256 1228 3313 supra
1256 3242 1592 3299 declaratum
1613 3247 1718 3299 est.
1754 3244 1943 3299 Posset

339 3338 520 3387 tamen
563 3330 694 3386 haec
735 3329 1006 3401 particula
1047 3331 1378 3404 subintelligi
1421 3332 1594 3403 magis
1631 3330 1940 3403 theologice

335 3418 406 3475 de
433 3420 612 3474 salute
649 3420 862 3474 animae
883 3457 898 3485 ,
931 3434 1095 3490 quam
1127 3418 1356 3476 sortasse
1388 3435 1516 3491 prae
1546 3419 1722 3476 oculis
1749 3419 1943 3476 habuit

338 3508 608 3565 Isidorus.
645 3510 777 3564 Nam
811 3506 957 3562 illam
988 3507 1167 3564 solent
1193 3510 1369 3565 sancti
1400 3516 1581 3580 patres
1609 3510 1828 3565 nomine
1857 3524 1942 3565 sa-

337 3596 469 3652 lutis
509 3596 833 3668 significare.
878 3596 999 3652 Erit
1037 3603 1220 3653 autem
1261 3596 1344 3653 lex
1385 3598 1541 3670 talis,
1575 3598 1618 3652 si
1659 3599 1730 3654 sit
1769 3598 1938 3671 iusta,

335 3686 466 3759 quia
503 3685 852 3741 observantia
891 3681 1020 3755 legis
1063 3685 1271 3756 iustae,
1311 3692 1579 3757 quantum
1618 3692 1706 3742 est
1744 3685 1810 3742 de
1857 3702 1938 3757 se,

337 3776 559 3853 proficit
585 3772 653 3829 ad
682 3772 934 3829 salutem.
963 3774 1032 3829 Et
1061 3773 1132 3829 ita
1162 3788 1256 3844 per
1283 3773 1419 3830 haec
1452 3776 1630 3831 omnia
1659 3773 1826 3831 verba
1851 3792 1943 3832 ex-

337 3863 574 3935 plicatur
614 3862 868 3918 honestas
910 3862 1045 3934 legis
1067 3904 1092 3931 ,
1127 3868 1190 3918 ιιι
1227 3862 1599 3919 observandae
1642 3879 1674 3919 a
1702 3863 1937 3921 subdito.

337 3956 526 4025 Neque
558 3958 848 4023 propterea
879 3957 1008 4005 sunt
1033 3950 1205 4007 verba
1238 3952 1552 4022 superflua,
1583 3952 1712 4025 quia
1742 3969 1837 4024 per
1864 3952 1943 4009 di-

337 4056 531 4097 versos
565 4045 855 4110 respectus
886 4040 1055 4112 magis
1085 4039 1395 4110 explicatur
1424 4038 1684 4097 honestas
1723 4042 1857 4115 legis
1886 4034 1966 4097 et'

337 4129 638 4199 connexio,
668 4143 836 4199 quam
867 4127 1030 4184 habet
1073 4142 1204 4183 cum
1245 4128 1622 4199 superioribus
1650 4129 1802 4185 bonis
1832 4136 1942 4186 tam

337 4218 405 4275 ad
434 4219 640 4287 Deum,
671 4230 836 4289 quam
867 4213 932 4271 ad
965 4217 1198 4271 animam
1229 4217 1641 4288 pertinentibus.

420 4310 478 4363 6.
511 4304 764 4361 Secundo
803 4304 1038 4360 infertur
1077 4321 1144 4362 ex
1173 4304 1367 4377 dictis,
1401 4306 1574 4379 legem
1605 4322 1711 4389 non
1741 4307 1942 4363 haben-

340 4402 454 4451 tem
487 4394 630 4449 hanc
656 4391 917 4449 iustitiam
953 4407 1052 4448 seu
1083 4392 1424 4450 honestatem
1451 4410 1557 4450 non
1589 4410 1710 4452 esse
1747 4394 1941 4468 legem,

339 4494 524 4555 neque
554 4481 790 4554 obligare
807 4521 822 4549 ,
854 4496 1045 4537 verum
1072 4484 1236 4538 etiam
1262 4498 1362 4539 nec
1387 4484 1590 4539 servari
1620 4500 1801 4555 posse.
1827 4486 1942 4541 Hoc

341 4577 598 4641 constat,
623 4571 751 4642 quia
777 4572 984 4627 iustitia
1007 4586 1320 4644 repugnans
1350 4572 1478 4629 huic
1510 4573 1782 4630 honestati
1812 4574 1942 4646 legis

339 4670 428 4719 est
471 4660 572 4732 ipsi
597 4662 708 4716 Deo
737 4660 1047 4732 contraria,
1078 4662 1207 4732 quia
1234 4660 1469 4718 includit
1495 4662 1748 4734 culpam,
1779 4670 1835 4720 et
1863 4664 1945 4719 oi-

345 4750 650 4806 sensionem
688 4748 812 4816 Dei3
845 4764 979 4821 ergo
1013 4764 1121 4804 non
1153 4755 1336 4820 potest
1374 4750 1516 4807 licite
1547 4754 1783 4824 servari,
1815 4754 1946 4826 quia

343 4855 454 4895 non
478 4844 659 4911 potest
687 4839 830 4894 Deus
855 4838 997 4894 licite
1018 4838 1232 4894 offendi.
1259 4840 1392 4895 Item
1417 4839 1538 4896 talis
1562 4842 1816 4899 iniustitia
1839 4858 1946 4899 non

343 4931 526 4999 potest
570 4926 804 4982 inveniri
852 4926 952 4981 nisi
993 4926 1044 4981 in
1087 4926 1295 4999 legibus
1335 4929 1404 4985 ab
1449 4929 1754 4988 hominibus
1795 4932 1940 5001 latis,

347 5019 570 5087 oportet
594 5020 784 5071 autem
812 5014 1031 5071 obedire
1059 5019 1170 5072 Deo
1199 5018 1391 5089 magia,
1416 5034 1584 5091 quam
1614 5018 1939 5094 hominibus3

345 5120 483 5177 ergo
509 5118 622 5159 non
654 5109 888 5175 possunt
915 5102 1049 5159 tales
1072 5102 1225 5177 leges
1245 5107 1452 5163 servari
1477 5114 1666 5164 contra
1691 5108 1942 5166 obedien·

347 5194 472 5249 tiam
503 5194 632 5265 Dei3
664 5192 813 5248 sicut
839 5206 945 5248 non
975 5191 1223 5251 obeditur
1246 5197 1486 5266 praetori
1509 5203 1702 5255 contra
1724 5212 1946 5269 praece-

3436 346 3519 408 39

2004 492 2160 557 ptum
2204 488 2383 560 regis,
2427 488 2572 544 sicut
2610 502 2641 543 a
2668 487 2877 545 fortiori
2914 490 3333 559 argumentatur
3360 486 3598 558 August.

2006 574 2102 631 lib.
2145 577 2193 631 1.
2222 572 2293 631 de
2311 574 2468 632 verb.
2494 578 2757 643 Domini,
2787 592 2951 633 serm.
2980 580 3033 645 6,
3059 591 3184 647 cap.
3214 580 3268 634 8.
3298 574 3608 631 Advertunt

2006 669 2191 720 autem
2220 678 2410 719 omnes
2437 662 2697 722 doctores
2715 707 2730 735 ,
2761 666 3141 722 necessarium
3161 681 3283 721 esse
3300 708 3313 735 ,
3340 671 3404 721 ut
3429 663 3496 720 de
3524 666 3607 720 in·

2005 754 2213 808 iustitia
2241 752 2375 825 legis
2406 760 2563 811 certo
2592 754 2868 811 moraliter
2897 761 3146 827 constet,
3180 771 3303 811 nam
3334 756 3379 808 si
3410 769 3501 810 res
3530 754 3603 810 sit

2004 842 2200 913 dubia,
2236 841 2695 913 praesumendum
2724 850 2812 899 est
2842 858 2940 915 pro
2965 842 3307 916 legislatore,
3332 848 3450 899 tum
3474 842 3605 913 quia

2009 931 2178 988 habet
2218 930 2379 987 altius
2422 931 2504 986 ius
2527 972 2541 1001 ,
2572 937 2628 987 et
2664 930 2795 987 illud
2837 930 3109 1002 possidet3
3144 938 3259 987 tum
3287 930 3450 986 etiam
3478 929 3607 1001 quia

2007 1021 2218 1093 regitur
2241 1019 2417 1075 altiori
2439 1018 2666 1076 consilio
2686 1060 2700 1087 ,
2724 1025 2780 1075 et
2801 1026 2979 1091 potest
2997 1019 3199 1076 habere
3226 1015 3463 1075 r'ationes
3486 1019 3607 1074 uni·

2008 1108 2250 1165 versales
2300 1106 2533 1163 subditis
2580 1107 2860 1180 occultas3
2906 1114 3025 1165 tum
3071 1110 3266 1179 etiam,
3304 1110 3435 1179 quia
3471 1107 3603 1163 alias

2009 1197 2215 1255 subditi
2246 1204 2522 1253 sumerent
2550 1197 2771 1253 nimiam
2799 1196 3075 1253 licentiam
3104 1214 3211 1254 non
3237 1196 3459 1269 parendi
3481 1196 3610 1268 legi-

2005 1286 2146 1357 bus,
2180 1286 2308 1358 quia
2333 1288 2418 1342 vix
2450 1293 2685 1357 possunt
2711 1301 2835 1342 esse
2866 1293 2977 1343 tam
3006 1287 3179 1342 iustae
3200 1326 3215 1357 ,
3243 1288 3375 1359 quin
3397 1287 3609 1358 possint

2007 1375 2074 1431 ab
2102 1374 2375 1448 aliquibus
2416 1390 2512 1447 per
2550 1381 2879 1447 apparentes
2909 1377 3152 1432 rationes
3182 1376 3231 1431 in
3262 1374 3491 1431 dubium
3521 1389 3609 1430 re-

2009 1466 2216 1521 vocari.
2250 1468 2433 1537 Atque
2469 1466 2544 1521 ita
2590 1464 2782 1521 docuit
2810 1466 3046 1537 August.
3089 1469 3184 1523 22.
3216 1468 3425 1521 contra
3450 1467 3611 1521 Fau,-

2005 1558 2185 1620 stum,
2204 1569 2326 1626 cap.
2350 1556 2442 1623 75,
2460 1561 2516 1611 et
2533 1548 2772 1611 r'eiertur
2787 1554 2837 1609 in
2858 1568 2983 1625 cap.
3007 1552 3171 1629 Quid
3190 1551 3490 1625 culpatur,
3508 1557 3604 1623 23,

2005 1658 2062 1715 q.
2104 1646 2152 1700 1.
2185 1643 2399 1710 Quanta
2440 1658 2569 1699 vero
2611 1641 2887 1699 certitudo
2926 1640 2994 1698 de
3037 1641 3139 1697 hac
3180 1641 3447 1697 iniustitia
3474 1640 3611 1713 legis

2007 1732 2317 1788 necessaria
2360 1732 2432 1788 sit
2451 1771 2467 1803 ,
2497 1737 2563 1789 ut
2587 1731 2749 1788 homo
2778 1738 3029 1788 teneatur
3060 1730 3135 1785 illi
3163 1746 3268 1786 non
3300 1744 3492 1801 parere
3512 1772 3527 1799 ,
3561 1729 3611 1785 in

2008 1820 2044 1877 l.
2091 1826 2146 1878 2.
2192 1819 2481 1877 tractando
2522 1820 2590 1877 de
2629 1821 2967 1877 conscientia
3010 1817 3145 1875 tradi
3186 1817 3357 1889 solet,
3387 1826 3445 1874 et
3475 1818 3614 1873 inira

2007 1908 2295 1966 tractando
2322 1908 2391 1967 de
2420 1908 2746 1981 obligatione
2775 1908 2929 1981 legis,
2962 1910 3285 1981 praesertim
3313 1907 3609 1977 humanae,

2007 1996 2189 2071 aliqua
2216 1998 2492 2069 dicemus3
2519 2012 2645 2053 nam
2673 1996 2822 2053 circa
2855 1996 2971 2053 illas
3000 1997 3147 2069 leges
3177 1997 3355 2053 solent
3382 1996 3613 2052 maxime

2007 2100 2305 2143 occurrere
2337 2084 2648 2142 huiusmodi
2668 2082 2865 2154 dubia,
2892 2091 2949 2140 et
2968 2092 3203 2156 possunt
3232 2084 3609 2155 multipliciter

2011 2176 2241 2244 variari,
2284 2180 2340 2231 et
2373 2174 2496 2231 ideo
2525 2173 2594 2230 ibi
2622 2172 2971 2231 commodius
3000 2189 3064 2230 ac
3096 2172 3309 2244 plenius
3339 2171 3475 2229 haec
3500 2187 3613 2228 ma-

2008 2266 2143 2320 teria
2172 2264 2507 2336 expedietur.
2541 2262 2823 2332 Quomodo
2854 2270 3037 2319 autem
3068 2265 3120 2319 in
3145 2278 3282 2319 casu
3310 2260 3477 2317 dubio
3512 2276 3613 2332 pro

2010 2355 2260 2426 principe
2308 2359 2725 2425 praesumatur,
2770 2358 3019 2409 tractant
3064 2352 3170 2408 late
3217 2352 3507 2407 Panormit.
3549 2352 3605 2428 in

2007 2458 2132 2515 cap.
2174 2444 2327 2499 Cum
2366 2445 2431 2499 in
2472 2440 2891 2509 ecclesiarum,
2928 2458 2984 2497 n.
3024 2445 3112 2515 14,
3142 2447 3199 2497 et
3224 2441 3389 2511 Felin.
3420 2456 3482 2497 n.
3516 2445 3609 2497 60.

2008 2538 2067 2588 et
2104 2532 2461 2604 sequentibus
2491 2531 2557 2588 de
2595 2531 2989 2603 constitution,
3014 2531 3360 2587 Turrecrem.
3396 2531 3453 2584 in
3486 2544 3610 2600 cap.

2011 2622 2338 2688 Sententia,
2376 2623 2462 2691 ll,
2494 2625 2708 2692 quaes&
2744 2622 2799 2687 3,
2832 2617 3175 2675 conclusion.
3214 2622 3268 2687 6,
3300 2624 3354 2674 et
3379 2620 3433 2688 7,
3464 2633 3519 2673 n.
3557 2623 3611 2689 8,

2011 2714 2066 2765 et
2096 2713 2153 2779 9,
2184 2716 2243 2765 et
2272 2708 2323 2763 in
2352 2724 2477 2780 cap.
2512 2710 2581 2767 Si
2608 2706 2901 2774 dontinus,
2936 2706 3125 2763 eadem
3155 2722 3347 2779 causa,
3372 2711 3427 2763 et
3448 2720 3616 2780 quae-

2011 2798 2185 2855 stione
2216 2799 2269 2854 in
2298 2800 2418 2855 fine.

2093 2889 2144 2943 7.
2177 2889 2311 2944 Dico
2338 2887 2621 2943 secundo:
2656 2888 2722 2944 de
2751 2888 2965 2944 ratione
2996 2886 3123 2957 legis
3151 2892 3259 2956 est,
3286 2890 3349 2940 ut
3379 2883 3521 2939 iuste
3542 2881 3619 2939 se·

2010 2982 2200 3046 ratur,
2243 2983 2299 3031 et
2340 2976 2494 3033 aliter
2539 2976 2643 3031 lata
2684 2992 2791 3033 non
2834 2975 2936 3033 erit
2977 2988 3105 3029 vera
3147 2974 3252 3029 lex.
3299 2973 3454 3029 Prior
3488 2986 3617 3043 pars

2011 3064 2315 3121 communis
2358 3070 2459 3119 est.
2504 3065 2575 3119 Et
2613 3066 2871 3136 quoniam
2914 3062 2981 3117 de
3020 3060 3211 3117 divinis
3239 3061 3450 3133 legibus
3482 3058 3615 3115 satis

2011 3168 2108 3225 per
2136 3168 2193 3209 se
2221 3152 2441 3209 evidens
2468 3158 2556 3208 est
2582 3155 2727 3209 iuste
2760 3152 2917 3220 ferri,
2949 3151 3000 3206 in
3033 3150 3287 3206 humanis
3323 3148 3618 3220 explicabi-

2013 3249 2104 3298 tur
2133 3242 2393 3310 assertio,
2419 3256 2582 3313 quam
2605 3243 2791 3313 posuit
2816 3239 2865 3296 d.
2899 3239 3132 3295 Thomas
3164 3238 3219 3293 d.
3260 3243 3473 3310 quaest.
3518 3239 3612 3304 96,

2012 3337 2118 3387 art.
2153 3338 2217 3403 4,
2254 3330 2343 3386 ubi
2374 3330 2709 3401 expositores
2742 3343 2931 3385 omnes
2957 3336 3013 3383 et
3040 3326 3124 3383 alii
3152 3326 3341 3382 statim
3378 3323 3619 3380 reseren-

2012 3421 2087 3478 di.
2120 3421 2390 3477 Probatur
2431 3425 2613 3475 autem
2656 3418 2829 3490 primo
2870 3418 2921 3473 in
2961 3414 3234 3489 generali3
3274 3414 3403 3485 quia
3429 3410 3498 3468 de
3527 3428 3616 3467 ra-

2012 3504 2315 3581 tione'legis
2336 3513 2453 3579 est,
2480 3514 2545 3563 ut
2565 3506 2632 3562 sit
2654 3506 2846 3573 rationi
2871 3509 3264 3574 consentanea,
3288 3507 3351 3557 ut
3379 3500 3617 3573 probant

2012 3598 2191 3654 omnia
2218 3595 2455 3652 adducta
2493 3595 2542 3650 in
2574 3594 2847 3666 superiori
2875 3600 3116 3666 puncto,
3148 3598 3203 3647 et
3230 3606 3420 3647 omnes
3456 3589 3616 3645 etiam

2012 3684 2321 3758 philosophi
2351 3664 2519 3756 supra
2546 3685 2701 3741 citati
2728 3689 3095 3755 agnoverunt:
3126 3688 3191 3737 ut
3220 3686 3403 3737 autem
3434 3681 3504 3734 sit
3530 3694 3618 3735 ra-

2013 3776 2143 3832 tioni
2173 3780 2563 3844 consentanea,
2588 3788 2695 3828 non
2726 3772 2854 3829 satis
2881 3778 2986 3843 est,
3016 3778 3077 3827 ut
3103 3768 3300 3826 habeat
3332 3768 3615 3853 materiam

2013 3864 2295 3920 honestam
2314 3902 2329 3933 ,
2363 3861 2458 3920 sed
2495 3863 2659 3919 etiam
2678 3903 2693 3931 ,
2724 3868 2786 3918 ut
2812 3862 3038 3919 formam
3065 3861 3266 3916 iustam
3296 3864 3352 3915 et
3382 3858 3619 3914 rationa-

2011 3954 2175 4009 bilem
2205 3959 2422 4026 servet,
2450 3959 2507 4008 et
2535 3952 2637 4007 hoc
2667 3958 2753 4008 est
2780 3951 2917 4007 iuste
2945 3950 3109 4010 serriz
3136 3964 3269 4021 ergo
3304 3947 3410 4005 hoc
3437 3956 3525 4003 est
3550 3944 3618 4001 de

2015 4044 2226 4099 ratione
2255 4042 2410 4116 legis.
2444 4040 2644 4099 Deinde
2680 4040 2990 4098 declaratur
3019 4040 3069 4095 in
3099 4038 3454 4111 particulari,
3485 4052 3618 4108 sup·

2015 4130 2262 4203 ponendo
2282 4174 2296 4202 ,
2328 4147 2458 4187 cum
2486 4128 2719 4186 dicimus
2746 4114 2866 4185 esse
2894 4128 2962 4183 de
2992 4128 3201 4184 ratione
3226 4128 3400 4199 legis,
3432 4132 3496 4183 ut
3532 4128 3620 4183 iu-

2014 4226 2097 4275 ste
2126 4220 2234 4275 lata
2264 4221 2365 4288 sit,
2398 4234 2503 4274 non
2533 4233 2655 4274 esse
2684 4232 2993 4274 sermonem
3021 4216 3088 4273 de
3116 4215 3279 4272 modo
3318 4218 3461 4271 iuste
3488 4229 3619 4287 ope·

2012 4308 2167 4365 randi
2206 4324 2273 4366 ex
2317 4314 2468 4381 parte
2498 4307 2801 4381 operantis,
2834 4306 2929 4363 sed
2958 4322 3024 4363 ex
3052 4313 3205 4377 parte
3234 4305 3440 4376 operis,
3481 4304 3617 4359 Nam

2013 4397 2213 4455 modus
2243 4413 2308 4454 ex
2337 4403 2488 4469 parte
2517 4397 2789 4469 operantis
2820 4394 3077 4468 requirit,
3113 4399 3176 4450 ut
3200 4409 3306 4449 non
3338 4391 3516 4449 solum
3548 4406 3616 4447 ex

2013 4494 2167 4561 parte
2195 4488 2329 4559 legis
2356 4486 2487 4543 nihil
2516 4485 2759 4557 deficiat,
2791 4484 2887 4540 sed
2914 4485 3099 4555 etiam,
3131 4487 3192 4539 ut
3213 4496 3447 4553 operans
3470 4480 3616 4535 bono

2015 4578 2244 4657 affectu,
2275 4582 2332 4633 et
2356 4591 2463 4632 non
2494 4591 2559 4631 ex
2591 4574 2748 4647 odio,
2780 4572 2863 4629 vel
2896 4571 3192 4645 cupiditate
3224 4576 3531 4639 moveatur,
3562 4575 3619 4625 et

2013 4667 2162 4741 quod
2203 4667 2255 4722 in
2296 4663 2458 4721 modo
2498 4669 2555 4720 et
2589 4660 3017 4720 circumstantiis
3058 4657 3318 4732 operandi
3358 4673 3423 4714 ex
3463 4663 3617 4727 parte

2014 4773 2114 4813 sua
2145 4754 2443 4827 prudenter
2468 4768 2528 4810 se
2549 4757 2738 4825 gerat3
2765 4750 2853 4807 hic
2878 4756 3058 4807 autem
3085 4747 3281 4804 modus
3308 4745 3616 4815 studiosus,

2016 4861 2116 4902 seu
2144 4844 2357 4902 virtutis
2386 4858 2454 4899 ex
2483 4848 2639 4912 parte
2668 4839 2995 4913 legislatoris
3016 4838 3241 4894 serentis
3265 4836 3441 4908 legem
3465 4875 3481 4907 ,
3506 4850 3617 4891 non

2014 4941 2100 4990 est
2138 4932 2485 4991 necessarius
2528 4928 2595 4986 ad
2638 4928 2878 4985 valorem
2907 4927 3062 4999 legis.
3096 4928 3231 4982 Nam
3261 4929 3445 4997 potest
3471 4924 3618 4996 prin-

2017 5037 2148 5094 ceps
2178 5023 2233 5077 in
2264 5020 2378 5093 lege
2409 5017 2630 5075 serenda
2654 5018 2798 5074 male
2824 5022 2880 5074 et
2907 5016 3088 5088 inique
3119 5031 3179 5071 se
3206 5029 3419 5087 gerere,
3452 5018 3509 5069 et
3539 5013 3619 5068 ni·

2017 5110 2311 5167 hilominus
2352 5111 2549 5166 iustam
2577 5113 2632 5164 ει
2657 5107 2853 5164 bonam
2882 5122 2947 5162 ac
2979 5104 3208 5162 validam
3253 5104 3427 5178 legem
3453 5102 3615 5159 ferre.

2017 5198 2207 5258 Modus
2249 5206 2433 5255 autem
2476 5196 2775 5269 requisitus
2815 5211 2882 5253 ex
2922 5202 3075 5268 parte
3114 5194 3247 5266 legis
3274 5200 3387 5263 est,
3422 5197 3617 5248 utnon
