4325 6267
1795 313 2006 364 CAPUT
2033 313 2114 363 11.

211 449 220 460 “
326 450 490 502 turae
516 458 654 500 suos
681 448 870 500 motus
897 439 1170 498 efficiunt.
1199 442 1359 498 Ratio
1383 438 1664 499 dubitandi
1691 454 1812 496 esse
1834 453 1932 510 po-

321 539 456 604 test,
487 532 617 606 quia
643 532 701 590 d.
729 531 967 588 Thomas
996 536 1104 587 art.
1140 535 1175 590 4
1195 571 1208 584 .
1239 537 1297 589 et
1329 534 1381 586 5.
1412 529 1558 586 illius
1585 527 1926 602 quaestionis

321 627 420 682 93.
436 624 598 680 etiam
621 620 956 679 necessarias
972 619 1217 676 actiones
1235 625 1618 677 creaturarum
1635 617 1756 674 vult
1775 632 1930 674 com-

321 711 587 785 prehendi
617 712 724 768 sub
752 711 854 768 hac
883 709 1034 783 lege,
1058 717 1116 766 et
1137 699 1388 767 sumitur
1407 724 1474 766 ex
1501 710 1738 782 August.
1777 710 1826 766 1.
1859 704 1933 762 de

325 801 497 859 liber.
537 800 752 858 arbitr.
784 815 909 872 cap.
945 805 1008 870 5,
1033 805 1091 856 et
1113 803 1178 869 ὃς
1210 798 1348 855 dicit
1368 796 1736 870 enim,legem
1759 800 1929 853 aeter-

325 907 457 950 nam
471 906 608 956 ,esse
633 891 900 948 rationem
930 888 983 945 in
1010 895 1194 946 mente
1217 888 1309 946 Dei
1331 889 1685 959 existentem,
1711 901 1821 959 qua
1840 900 1932 940 res

325 997 522 1040 omnes
560 995 662 1054 per
690 984 1056 1037 consentanea
1082 977 1264 1034 media
1291 977 1345 1032 in
1374 992 1508 1033 suos
1537 977 1668 1033 fines
1689 975 1934 1048 dirigun-

327 1077 460 1144 tur,
490 1076 546 1128 et
577 1070 670 1127 lib.
700 1069 796 1128 85.
829 1071 1159 1142 quaestion.
1197 1082 1255 1141 q.
1286 1069 1381 1125 27.
1417 1067 1469 1122 in
1499 1067 1632 1124 tine:
1661 1071 1816 1132 Lex,
1851 1067 1934 1121 in-

325 1162 489 1236 quit,
516 1157 1030 1218 incommutabilis
1069 1159 1278 1215 omnia
1315 1155 1640 1214 mutabilia
1657 1154 1936 1231 pulcher·

325 1255 496 1309 rima
533 1247 882 1306 moderatur
917 1247 1359 1322 gubernatione.
1391 1245 1546 1304 Ratio
1590 1251 1774 1303 autem
1811 1260 1934 1301 esse

329 1345 549 1414 potest,
582 1341 712 1414 quia
736 1340 886 1396 sicut
914 1343 1103 1395 nostra
1130 1336 1386 1394 voluntas
1413 1338 1648 1409 imperat
1677 1332 1935 1390 membris

331 1428 622 1502 corporis,
650 1433 707 1485 et
745 1443 848 1484 suo
887 1429 1115 1499 imperio
1154 1425 1258 1482 illis
1295 1425 1524 1499 imponit
1551 1424 1936 1481 necessitatem

333 1517 631 1592 operandi3
665 1519 742 1574 ita
767 1516 944 1574 divina
971 1516 1226 1586 voluntas
1248 1517 1482 1590 imperat
1502 1516 1668 1573 rebus
1684 1513 1936 1572 omnibus

331 1607 570 1676 creatis,
627 1605 840 1679 illisque
893 1608 1276 1664 necessitatem
1331 1605 1564 1679 imponit
1616 1621 1718 1677 pro
1767 1610 1935 1676 captu

335 1696 776 1768 uniuscuiusque
796 1737 813 1767 ,
848 1697 1002 1753 iuxta
1029 1695 1197 1754 illud:
1224 1697 1622 1769 Praeceptum
1639 1697 1856 1770 posuit,
1882 1697 1939 1750 et

335 1804 458 1845 non
479 1785 854 1862 praeteribit,
875 1785 1015 1858 psal.
1050 1789 1244 1857 148,et
1259 1784 1388 1842 illud
1409 1787 1571 1842 Prov.
1590 1789 1642 1842 8:
1664 1788 1740 1842 Et
1757 1782 1942 1856 leyem

333 1876 602 1952 ponebat
625 1878 828 1949 aquis,
863 1890 938 1932 ne
963 1877 1290 1931 transirent
1301 1873 1464 1946 fines
1490 1889 1646 1930 suos.
1671 1871 1825 1940 Quod
1846 1888 1940 1929 ex-

333 1967 581 2041 plicatur
602 1966 717 2023 lob.
733 1981 858 2037 cap.
876 1969 967 2024 38:
983 1967 1152 2022 Diaet:
1169 1978 1356 2037 usque
1375 1963 1493 2020 huc
1515 1966 1727 2030 venies,
1747 1966 1803 2019 et
1822 1977 1940 2019 non

324 2054 616 2132 procedes
643 2053 904 2129 amplius
919 2097 936 2120 ,
966 2057 1021 2110 et
1039 2054 1136 2111 hic
1157 2051 1486 2127 consrinyes
1508 2055 1794 2108 tumentes
1807 2048 1936 2124 flu-

333 2149 466 2203 ctus
492 2150 648 2202 tuos.
673 2145 784 2201 Hae
811 2157 1050 2217 namque
1072 2143 1252 2217 leges,
1279 2141 1413 2200 licet
1430 2143 1486 2198 in
1510 2146 1753 2213 tempore
1776 2140 1934 2198 datae

338 2235 486 2306 sint,
516 2250 552 2290 a
577 2233 697 2307 lege
725 2239 949 2291 aeterna
978 2236 1397 2306 processerunt.

417 2331 476 2384 9.
507 2327 572 2382 In
598 2324 940 2382 contrarium
963 2328 1148 2380 autem
1176 2331 1290 2393 est,
1316 2323 1442 2395 quia
1464 2319 1614 2376 nulla
1635 2322 1834 2376 natura
1861 2317 1936 2374 ir-

341 2415 623 2474 rationalis
643 2428 813 2487 capax
833 2418 918 2470 est
936 2412 1070 2486 legis
1089 2411 1306 2485 proprie
1329 2416 1608 2482 sumptae,
1631 2413 1694 2465 ut
1712 2422 1936 2481 expres-

343 2523 404 2564 se
429 2505 621 2564 docuit
645 2507 881 2578 August.
907 2519 964 2576 q.
1001 2505 1068 2561 74
1085 2544 1099 2558 .
1119 2504 1175 2558 in
1201 2501 1370 2559 Levit.
1401 2506 1459 2557 et
1480 2499 1710 2557 habetur
1729 2500 1786 2554 in
1811 2513 1936 2570 cap.

341 2595 592 2657 Mulier.
633 2597 792 2668 15‚q.
815 2595 998 2653 1.1mo
1027 2592 1266 2651 sumitur
1284 2607 1352 2649 ex
1374 2590 1543 2648 Paulo
1575 2605 1662 2662 ep.
1688 2587 1818 2649 t.ad
1839 2589 1944 2645 Co·

341 2688 471 2744 rint.
503 2701 630 2758 cap.
647 2689 706 2756 9,
730 2685 1085 2742 ubireterens
1106 2681 1251 2740 illam
1272 2679 1849 2756 legem21vonltqabis
1876 2695 1941 2736 os

345 2776 475 2834 bovi
502 2777 852 2842 trituranti,
891 2773 1102 2830 subdit:
1133 2770 1440 2845 Numquid
1474 2769 1547 2828 de
1580 2769 1760 2827 bobus
1787 2785 1940 2827 cura

342 2871 430 2925 est
451 2869 578 2924 Deo
594 2865 628 2922 i*
646 2866 824 2938 Cura,
854 2863 1065 2920 scilicet
1090 2860 1422 2935 legislativa3
1447 2876 1573 2917 nam
1604 2856 1941 2931 providentia

343 2957 525 3015 divina
578 2953 880 3028 generatim
927 2959 1150 3024 sumpta
1194 2951 1356 3009 etiam
1406 2953 1562 3007 circa
1613 2946 1944 3006 irrationalia

342 3053 631 3115 versatur,
662 3049 728 3101 ut
755 3049 843 3101 est
870 3043 1274 3115 certissimum3
1298 3047 1480 3099 tamen
1503 3039 1593 3098 illa
1614 3054 1774 3113 cura,
1799 3055 1942 3113 quae

345 3134 657 3210 specialiter
688 3132 976 3190 adhibetur
996 3147 1093 3204 per
1118 3132 1268 3206 leges
1288 3174 1302 3202 ,
1335 3133 1550 3204 proprie
1578 3130 1836 3204 dirigitur
1863 3127 1944 3188 ad

341 3221 766 3295 intellectualia,
796 3229 852 3280 et
892 3222 1012 3279 ideo
1041 3220 1227 3278 subdit
1253 3221 1485 3294 Paulus,
1520 3227 1742 3294 propter
1769 3221 1944 3278 homi·

343 3330 444 3372 nes
471 3313 740 3384 scriptam
767 3326 888 3368 esse
916 3311 1064 3367 illam
1093 3309 1301 3383 legem,
1327 3311 1455 3383 quia
1484 3325 1590 3370 non
1619 3314 1706 3366 est
1731 3312 1945 3382 privan-

341 3403 450 3461 dus
490 3401 866 3463 mercenarius
908 3400 1160 3457 mercede
1190 3415 1310 3456 sua.
1345 3399 1501 3457 Ratio
1532 3399 1693 3457 etiam
1723 3400 1944 3474 adiungi

341 3497 553 3566 potest,
598 3492 726 3563 quia
765 3489 900 3565 legis
942 3490 1229 3561 proprium
1263 3493 1349 3545 est
1375 3487 1637 3548 inducere
1661 3489 1943 3546 vinculum

341 3588 399 3639 et
437 3580 832 3653 obligationem
882 3578 1147 3635 moralem
1172 3618 1188 3650 ,
1232 3575 1398 3634 huius
1440 3583 1622 3633 autem
1665 3593 1775 3634 non
1815 3583 1948 3635 sunt

343 3687 601 3745 capaces,
630 3670 734 3727 nisi
762 3685 852 3726 res
878 3668 1300 3738 intellectuales,
1323 3673 1381 3725 et
1406 3665 1532 3724 illae
1560 3681 1666 3722 non
1693 3666 1746 3723 in
1775 3667 1946 3723 omni-

341 3763 449 3820 hus
481 3759 698 3820 actibus
727 3761 873 3830 suis,
899 3757 994 3814 sed
1027 3759 1078 3814 in
1107 3757 1192 3814 his
1214 3800 1228 3828 ,
1258 3773 1402 3831 quos
1430 3755 1596 3813 libere
1627 3762 1943 3832 operantur,

343 3853 474 3926 quia
509 3865 668 3909 omne
697 3863 818 3906 esse
846 3846 1055 3904 morale
1083 3847 1283 3918 pendet
1308 3862 1377 3903 ex
1404 3845 1676 3904 libertate.

431 3945 518 4000 10.
551 3937 878 4011 Respondeo
909 3936 1166 4006 breviter,
1191 3935 1569 4008 quaestionem
1588 3949 1712 3991 esse
1736 3936 1802 3993 de
1823 3951 1942 3992 mo-

347 4029 419 4087 do
456 4027 748 4103 loquendi,
793 4033 975 4084 tamen
1015 4025 1062 4081 si
1103 4023 1452 4102 inspiciamus
1481 4022 1724 4095 phrasim
1752 4026 1940 4097 Augu-

345 4118 472 4176 stini
487 4163 502 4190 ,
527 4117 622 4191 qui
645 4116 981 4189 praecipuus
1001 4119 1201 4170 auctor
1220 4119 1341 4180 est,
1365 4112 1462 4186 qui
1489 4111 1556 4168 de
1581 4112 1699 4186 lege
1722 4118 1947 4170 aeterna

345 4221 657 4265 sermonem
685 4204 902 4276 habuit,
927 4218 988 4259 re
1015 4219 1144 4259 vera
1167 4202 1271 4259 sub
1294 4201 1398 4258 hac
1426 4216 1561 4258 voce
1585 4201 1950 4272 comprehen-

345 4298 429 4356 dit
449 4296 634 4354 omnia
661 4301 774 4352 tam
802 4292 1108 4365 naturalia,
1131 4307 1300 4366 quam
1326 4290 1580 4362 moralia,
1607 4291 1784 4348 voluit
1802 4293 1948 4348 enim

344 4402 443 4460 per
481 4384 626 4442 illam
661 4397 856 4440 vocem
893 4381 1168 4454 explicare
1200 4380 1504 4437 efficaciam
1536 4378 1744 4436 divinae
1773 4381 1949 4452 provi-

345 4475 558 4532 dentiae
597 4487 708 4531 non
737 4471 916 4529 solum
960 4473 1110 4528 circa
1139 4471 1381 4527 actiones
1414 4469 1640 4542 liberas,
1672 4469 1768 4527 sed
1787 4473 1950 4528 etiam

344 4563 498 4621 circa
543 4563 788 4620 actiones
831 4559 1146 4632 naturales,
1188 4564 1247 4616 et
1284 4560 1440 4616 circa
1479 4563 1656 4617 totum
1705 4558 1948 4616 ordinem

343 4653 626 4724 universi,
670 4650 930 4708 nimirum
971 4648 1300 4722 explicando
1328 4649 1607 4722 quomodo
1634 4651 1812 4706 omnia
1841 4651 1950 4707 sint

348 4742 601 4800 subiecta
642 4739 856 4797 divinae
886 4738 1298 4812 gubernationi,
1327 4744 1385 4796 et
1413 4737 1486 4795 illi
1513 4737 1768 4796 obediant
1795 4741 1948 4797 iuxta

343 4831 731 4890 efficacitatem
759 4827 900 4884 eine.
927 4827 1046 4884 Hoc
1068 4828 1418 4885 manifestum
1440 4833 1612 4884 estex
1635 4829 1801 4885 citato
1821 4827 1948 4887 loco

342 4920 420 4978 de
461 4918 650 4976 libero
676 4916 947 4982 arbitrio,
981 4923 1126 4972 etex
1160 4916 1250 4973 lib.
1287 4923 1342 4975 5.
1373 4915 1447 4972 de
1478 4918 1658 4975 Civit.
1692 4932 1817 4990 cap.
1857 4921 1944 4991 11,

344 5011 444 5069 ubi
485 5010 599 5082 ait,
641 5007 771 5064 nihil
814 5021 934 5064 esse
976 5005 1030 5063 in
1059 5005 1342 5078 universo,
1375 5004 1526 5080 quod
1553 5006 1624 5063 sit
1650 5007 1884 5064 alienum
1914 5023 1947 5064 a

345 5101 560 5174 legibus
588 5096 963 5171 providentiae
989 5094 1228 5166 divinae3
1263 5103 1321 5153 et
1350 5095 1439 5152 lib.
1469 5100 1500 5154 9
1523 5135 1540 5168 ,
1568 5110 1690 5167 cap.
1726 5101 1820 5156 22.
1844 5098 1940 5169 ait,

347 5191 571 5249 sanctos
605 5186 828 5263 angelos
859 5187 912 5244 in
937 5187 1174 5245 aeternis
1215 5193 1272 5242 et
1297 5185 1726 5243 immutabilibus
1751 5189 1845 5244 Dei
1873 5189 1946 5246 le-

3432 302 3517 367 85

2000 437 2160 510 gibus
2179 479 2194 510 ,
2220 438 2435 513 quaein
2458 443 2551 498 Dei
2572 441 2837 514 sapientia
2858 443 3079 516 vivunt,
3106 443 3441 502 mutationes
3460 450 3604 502 tem·

1999 535 2199 600 porum
2229 530 2546 599 praevidere
2567 571 2582 602 ,
2606 537 2663 589 et
2690 531 2784 588 lib.
2825 537 2921 604 19,
2953 548 3077 605 cap.
3119 539 3206 592 12.
3240 533 3340 590 ait:
3370 534 3540 592 Nihil
3560 549 3605 594 a

2001 615 2225 690 leqibus
2254 623 2474 676 sum-mi
2502 622 2795 678 creatoris
2810 663 2826 683 ,
2860 620 3344 697 ordinatorisque
3362 623 3603 682 subtra-

1997 708 2195 777 hitur,
2232 723 2275 766 a
2300 725 2415 781 quo
2434 725 2571 784 pax
2598 714 3013 771 universitatis
3040 711 3531 772 administratur.

2073 797 2431 855 Nihilominus
2474 807 2654 857 tamen
2699 817 2935 875 censeo,
2979 803 3082 860 sub
3110 803 3213 861 hac
3243 804 3481 877 generali
3510 820 3604 862 ac-

2003 889 2257 960 ceptione
2297 888 2434 960 legis
2475 894 2729 946 aeternae
2776 888 2915 947 duas
2956 895 3115 964 quasi
3142 891 3422 968 analogias
3452 909 3605 952 com-

2002 977 2283 1049 prehendi.
2318 979 2437 1035 Una
2467 984 2551 1035 est
2579 994 2646 1037 ex
2667 986 2822 1052 parte
2845 981 2979 1054 legis
2998 1024 3014 1056 ,
3038 982 3166 1056 quia
3185 983 3301 1052 lex,
3329 999 3439 1058 qua
3456 988 3603 1045 Deus

2002 1066 2215 1123 dicitur
2241 1068 2551 1140 gubernare
2581 1084 2669 1126 res
2699 1070 2976 1127 naturales
2996 1114 3010 1142 ,
3040 1087 3141 1129 seu
3171 1075 3382 1132 ratione
3414 1092 3608 1134 caren-

2005 1161 2124 1226 tes,
2170 1157 2545 1228 metaphorice
2585 1157 2672 1215 lex
2714 1174 2815 1215 seu
2867 1167 3225 1232 praeceptum
3271 1164 3597 1238 appellatur.

2004 1244 2190 1302 Altera
2214 1261 2281 1303 ex
2303 1254 2464 1318 parte
2488 1253 2877 1306 creaturarum
2895 1291 2909 1320 ,
2934 1266 3077 1322 quae
3098 1251 3264 1323 priori
3288 1254 3602 1326 respondet,

2005 1350 2131 1392 nam
2173 1334 2557 1393 subordinatio
2597 1343 2656 1395 et
2696 1339 2962 1396 subiectio
3002 1341 3391 1400 irrationalium
3420 1360 3604 1403 rerum

2005 1422 2073 1483 ad
2122 1427 2298 1483 Deum
2349 1426 2455 1483 late
2501 1432 2560 1484 et
2607 1427 2983 1500 metaphorice
3028 1429 3229 1488 dicitur
3276 1432 3601 1505 obedientia,

2005 1515 2134 1589 quia
2174 1515 2361 1587 potius
2400 1521 2485 1573 est
2522 1517 2827 1574 necessitas
2867 1519 3137 1592 quaedam
3178 1522 3480 1594 naturalis3
3519 1522 3608 1582 lex

2007 1611 2195 1662 autem
2237 1612 2491 1680 aeterna,
2522 1613 2795 1680 quatenus
2825 1624 2922 1680 per
2949 1609 3095 1667 illam
3123 1612 3401 1670 moraliter
3426 1619 3484 1669 et
3508 1629 3608 1686 po-

2006 1693 2153 1750 litice
2181 1695 2468 1751 rationalia
2502 1696 2915 1770 gubernantur,
2947 1698 3111 1757 habet
3136 1701 3411 1772 propriam
3445 1702 3609 1758 ratio-

2006 1798 2132 1841 nem
2175 1783 2341 1857 legis,
2384 1791 2441 1842 et
2477 1784 2556 1842 illi
2593 1785 2892 1858 respondet
2930 1789 3148 1860 propria
3184 1789 3505 1848 obedientia.
3536 1793 3609 1851 Ut

2013 1880 2199 1931 autem
2224 1889 2391 1946 supra
2414 1874 2556 1946 dixi,
2584 1876 2686 1933 sub
2710 1875 2813 1933 hac
2836 1877 3179 1948 potissimum
3200 1881 3408 1938 ratione
3431 1882 3481 1938 in
3503 1881 3609 1940 hac

2008 1963 2242 2019 materia
2286 1963 2691 2021 consideranda
2726 1972 2844 2038 est3
2875 1973 2931 2023 et
2968 1966 3089 2024 ideo
3127 1969 3230 2025 sub
3259 1971 3477 2043 propria
3516 1988 3611 2044 ap·

2008 2050 2303 2124 pellatione
2333 2051 2403 2109 ad
2429 2051 2762 2110 irrationalia
2786 2070 2898 2111 non
2924 2056 3260 2114 extenditur.

2093 2146 2182 2200 11.
2213 2140 2461 2199 Ulterius
2482 2158 2612 2199 vero
2634 2143 2834 2217 inquiri
2850 2151 3133 2220 potest,an
3157 2163 3344 2205 omnes
3365 2150 3613 2208 actiones

2009 2229 2248 2287 morales
2275 2247 2376 2288 seu
2404 2231 2675 2290 humanae
2700 2233 2808 2290 sint
2837 2225 3068 2292 materia
3090 2234 3253 2293 huius
3281 2236 3412 2310 legis
3434 2245 3611 2296 aeter-

2009 2335 2134 2376 nae.
2168 2321 2234 2377 Et
2274 2318 2341 2378 de
2381 2321 2536 2378 malis
2575 2320 2795 2394 quidem
2836 2322 2985 2380 nulla
3024 2331 3110 2381 est
3137 2324 3418 2384 dubitandi
3447 2328 3605 2402 ratio,

2010 2409 2138 2481 quia
2168 2425 2359 2468 omnes
2388 2408 2509 2466 illae
2535 2410 2893 2483 prohibentur
2924 2413 3025 2470 hac
3056 2413 3201 2486 lege,
3225 2422 3289 2472 ut
3316 2432 3485 2488 supra
3512 2415 3609 2474 de-

2011 2498 2287 2556 claratum
2314 2506 2423 2555 est.
2453 2501 2529 2556 De
2560 2499 2663 2557 indi
2675 2498 2989 2560 ss'erentibus
3024 2517 3155 2558 vero
3183 2510 3269 2561 est
3287 2505 3614 2564 nonnullum

2011 2587 2272 2660 dubium,
2296 2590 2430 2662 quia
2456 2588 2578 2646 illae
2606 2604 2707 2646 nec
2736 2597 3025 2665 vetantur,
3052 2607 3151 2650 nec
3178 2591 3608 2667 praecipiuntur,

2012 2684 2070 2735 et
2108 2678 2187 2736 ita
2225 2679 2429 2736 nullius
2472 2679 2605 2752 legis
2645 2679 2903 2738 videntur
2942 2695 3063 2738 esse
3098 2684 3329 2740 materia
3353 2685 3408 2740 in
3436 2691 3615 2742 mente

2011 2768 2124 2824 Dei.
2156 2765 2307 2825 ldem
2328 2808 2345 2840 ,
2370 2768 2455 2825 vel
2484 2771 2659 2826 maius
2690 2769 2919 2827 dubium
2948 2778 3035 2828 est
3061 2772 3129 2829 de
3150 2772 3309 2829 bonis
3331 2774 3610 2847 operibus,

2013 2872 2157 2931 quae
2199 2857 2267 2914 ad
2296 2857 2455 2914 tinem
2479 2873 2586 2915 non
2617 2866 2751 2917 sunt
2778 2862 3090 2922 necessaria
3111 2903 3126 2934 ,
3158 2862 3257 2921 sed
3278 2870 3409 2921 sunt
3434 2866 3616 2923 excel-

2013 2946 2267 3003 lentiora.
2295 2948 2526 3018 Propter
2566 2947 2672 3004 hoc
2715 2949 2908 3007 dicunt
2948 2951 3143 3025 aliqui,
3184 2953 3229 3009 si
3259 2952 3346 3010 lex
3372 2953 3461 3011 illa
3486 2970 3614 3026 pro-

2010 3038 2126 3109 prie
2170 3042 2453 3107 sumatur,
2487 3043 2547 3092 ut
2586 3039 2841 3096 consistit
2874 3041 2930 3095 in
2967 3041 3192 3113 imperio
3219 3083 3236 3115 ,
3268 3058 3373 3099 non
3401 3043 3615 3102 extendi

2012 3123 2082 3181 ad
2108 3122 2419 3182 huiusmodi
2444 3127 2760 3200 materiam3
2785 3129 3096 3200 generalius
3128 3136 3311 3188 autem
3334 3139 3613 3205 sumptam

2013 3214 2481 3288 comprehendere
2522 3215 2698 3287 illam,
2737 3223 3012 3290 quatenus
3041 3219 3391 3292 amplectitur
3423 3229 3625 3295 quami

2012 3320 2254 3379 cumque
2280 3304 2697 3376 dispositionem
2725 3306 3149 3380 gubernatoris,
3181 3308 3285 3366 sub
3313 3325 3423 3383 qua
3448 3313 3612 3370 etiam

2013 3395 2301 3466 permissio
2328 3405 2388 3452 et
2418 3393 2711 3452 consilium
2747 3395 3319 3470 comprehenduntur,
3342 3415 3468 3457 nam
3491 3417 3615 3473 per-

2013 3483 2197 3540 missio
2226 3483 2378 3541 cadit
2408 3484 2461 3539 in
2490 3488 2653 3540 actus
2683 3483 3073 3561 indifferentes,
3098 3488 3382 3548 consilium
3411 3491 3616 3548 veroin

2013 3573 2450 3632 excellentiores.

2089 3663 2483 3720 Verumtamen
2538 3661 2791 3722 absolute
2844 3663 3110 3723 affirmari
3161 3670 3376 3739 potest,
3428 3683 3620 3726 omnes

2015 3753 2261 3810 actiones
2288 3751 2528 3809 morales
2551 3752 2750 3810 cadere
2771 3750 2958 3826 aliquo
2982 3753 3145 3812 modo
3168 3754 3412 3830 sublege
3432 3765 3610 3815 aeter·

2014 3857 2116 3913 na,
2160 3842 2324 3900 etiam
2367 3847 2429 3900 ut
2469 3845 2689 3915 proprie
2728 3845 3075 3917 praeceptiva
3112 3850 3216 3902 est.
3244 3846 3403 3913 Quod
3430 3854 3615 3918 potest
3644 3887 3665 3894 -

2017 3930 2310 4006 declarari,
2334 3932 2655 4006 applicando
2686 3934 2978 4008 quamdam
3017 3934 3419 3995 distinctionem
3435 3936 3621 3996 datam

2015 4023 2071 4077 in
2100 4023 2475 4094 superioribus
2506 4022 2575 4081 de
2606 4023 2721 4097 lege
2750 4023 3115 4097 praecipiente
3136 4067 3152 4098 ,
3180 4026 3266 4083 vel
3296 4029 3618 4084 exercitium

2018 4117 2211 4183 actus,
2235 4111 2321 4168 vel
2346 4112 2522 4172 solam
2550 4113 3012 4185 specificationem
3039 4119 3095 4170 et
3116 4113 3339 4172 modum
3360 4116 3499 4173 eius.
3526 4118 3614 4174 Di-

2015 4202 2196 4257 cimus
2236 4216 2403 4276 ergo,
2447 4200 2762 4274 praedictos
2803 4208 2965 4259 actus
3006 4218 3127 4259 esse
3168 4205 3449 4261 materiam
3479 4202 3618 4279 legis

2016 4297 2305 4365 aeternae,
2350 4291 2433 4348 vel
2476 4291 2791 4362 imperantis
2830 4293 3185 4366 exercitium,
3217 4293 3304 4350 vel
3345 4294 3618 4365 praescri-

2015 4379 2193 4437 bentis
2233 4379 2459 4437 modum
2500 4379 2738 4454 aliquem
2779 4379 3040 4452 operandi
3065 4421 3082 4453 ,
3133 4388 3233 4439 aut
3282 4381 3617 4454 prohibentis

2017 4468 2205 4526 alium.
2238 4467 2597 4542 Declaratur,
2642 4482 2769 4524 nam
2812 4468 2864 4525 in
2895 4470 3087 4542 primis
3113 4470 3297 4544 quoad
3326 4477 3489 4530 actus
3517 4472 3615 4528 bo-

2017 4573 2119 4613 nos
2159 4572 2263 4614 seu
2310 4556 2579 4629 optimos,
2610 4556 2757 4613 iuxta
2799 4556 3107 4614 doctrinam
3146 4559 3465 4633 Augustini,
3507 4560 3621 4618 sere

2020 4645 2235 4704 nullum
2262 4651 2348 4703 est
2376 4660 2516 4716 opus
2543 4644 2787 4718 consilii,
2812 4644 2961 4718 quod
2990 4646 3043 4702 in
3068 4649 3478 4720 praeparatione
3504 4648 3619 4706 ani·

2017 4736 2092 4794 mi
2115 4753 2225 4793 non
2245 4735 2422 4808 possit
2447 4733 2513 4791 ad
2535 4741 2895 4808 praeceptum
2916 4735 3205 4809 pertinere,
3224 4738 3270 4794 si
3291 4736 3357 4794 ad
3378 4737 3616 4796 divinam

2021 4825 2252 4901 gloriam
2287 4824 2395 4881 tale
2416 4838 2557 4896 opus
2580 4826 2950 4883 necessarium
2972 4827 3065 4883 sit.
3089 4825 3248 4896 Quod
3270 4827 3501 4885 maxime
3523 4846 3617 4887 ve-

2018 4932 2144 4974 rum
2168 4922 2256 4973 est
2279 4916 2331 4971 in
2354 4915 2541 4972 ordine
2562 4913 2630 4971 ad
2652 4913 2825 4987 legem
2846 4925 3145 4989 aeternam,
3162 4933 3259 4992 per
3280 4935 3445 4995 quam
3468 4923 3615 4980 Deus

2021 5007 2227 5081 obligat
2250 5005 2522 5064 hominem
2537 5043 2554 5076 ,
2578 5010 2644 5062 ut
2674 5006 2743 5062 sit
2762 5012 2983 5078 paratus
3004 5006 3071 5063 ad
3093 5007 3228 5066 haec
3250 5013 3429 5068 omnia
3450 5027 3618 5085 opera

2017 5094 2346 5168 praestanda
2362 5137 2377 5167 ,
2410 5097 2457 5151 si
2482 5096 2599 5167 ipse
2628 5094 2888 5169 voluerit,
2913 5095 2998 5153 vel
3026 5097 3072 5152 si
3097 5112 3169 5154 ex
3192 5096 3297 5155 alia
3322 5101 3607 5161 occasione

2015 5185 2330 5246 necessaria
2378 5184 2600 5243 suerint.
2652 5185 2811 5244 Sicut
2858 5187 3271 5245 matrimonium
3295 5228 3312 5262 ,
3360 5193 3610 5264 quamvis
