4325 6267
1807 313 2018 365 CAPUT
2043 316 2142 364 lx.

311 458 426 515 que
453 442 822 499 conveniens.
855 440 990 497 Nam
1021 438 1154 495 haec
1183 440 1362 497 omnia
1389 436 1646 496 videntur
1675 453 1800 495 esse
1827 436 1920 495 de-

315 528 730 588 terminationes
763 528 908 585 illius
935 528 1306 600 possibilitatis
1329 572 1344 599 ,
1379 534 1440 585 ut
1463 527 1887 585 declarabimus.

404 621 494 676 11.
527 618 661 675 Dico
690 633 824 691 ergo
850 619 1046 685 tertio,
1075 617 1142 675 de
1171 618 1381 674 ratione
1409 617 1542 689 legis
1571 632 1693 673 esse
1711 656 1727 688 ,
1760 623 1824 673 ut
1853 615 1923 672 sit

314 708 607 781 possibilis.
653 710 796 763 Haec
837 708 1074 764 assertio
1111 706 1410 779 generatim
1440 712 1660 776 sumpta
1688 705 1741 761 in
1773 704 1920 761 omni

317 799 435 871 lege
465 798 654 853 locum
680 796 862 853 habet.
889 797 960 853 Ut
983 801 1168 852 autem
1190 796 1485 867 probetur,
1511 801 1570 850 et
1589 794 1916 865 explicetur,

315 885 722 944 advertendum
759 891 875 957 est,
920 900 1112 941 vocem
1154 884 1296 940 illam
1322 882 1601 957 possibile
1627 882 1921 954 dupliciter

315 975 496 1047 accipi
535 990 712 1046 posse.
756 975 976 1045 Primo,
1017 980 1080 1032 ut
1116 972 1414 1045 opponitur
1443 970 1762 1043 impossibili
1791 972 1920 1027 sim·

315 1064 576 1135 pliciter:
607 1063 712 1120 alio
740 1061 905 1119 modo
924 1102 940 1133 ,
973 1068 1038 1119 ut
1063 1060 1362 1133 opponitur
1389 1058 1628 1129 difficili,
1659 1059 1834 1131 gravi,
1865 1063 1921 1115 et

314 1169 576 1209 oneroso.
609 1152 781 1210 Priori
823 1150 989 1207 modo
1016 1149 1296 1207 intellecta
1325 1148 1460 1205 haec
1488 1150 1794 1220 proprietas
1824 1163 1920 1220 per

315 1258 376 1297 se
419 1257 528 1299 non
568 1246 656 1296 est
679 1240 900 1297 evidens
921 1280 936 1311 ,
967 1238 1236 1311 quidquid
1263 1237 1524 1294 haeretici
1555 1238 1918 1308 tergiversan-

315 1336 449 1399 tur,
479 1329 608 1401 quia
647 1326 917 1401 quidquid
959 1342 1068 1383 non
1111 1325 1258 1383 cadit
1297 1326 1402 1381 sub
1445 1324 1780 1396 libertatem,
1811 1341 1918 1381 non

315 1415 468 1474 cadit
499 1418 605 1473 sub
633 1416 839 1490 legem3
865 1416 1014 1489 quod
1038 1421 1222 1472 autem
1244 1414 1561 1486 simpliciter
1582 1412 1916 1484 impossibile

311 1511 438 1576 est,
466 1520 578 1561 non
613 1504 760 1562 cadit
795 1506 898 1560 sub
939 1504 1282 1573 libertatem,
1315 1518 1447 1559 cum
1476 1502 1696 1557 libertas
1725 1503 1920 1559 intrin-

317 1610 448 1651 sece
474 1595 722 1667 requirat
743 1599 1068 1666 potestatem
1091 1592 1158 1648 ad
1183 1599 1513 1664 utrumque:
1538 1606 1673 1663 ergo
1696 1606 1796 1648 nec
1824 1608 1919 1663 po-

314 1690 426 1740 test
463 1700 588 1740 esse
629 1685 852 1739 materia
893 1682 1048 1754 legis.
1093 1683 1232 1737 ltem
1274 1682 1366 1738 ubi
1415 1681 1776 1751 transgressio
1821 1697 1918 1736 seu

313 1773 544 1828 omissio
573 1788 683 1829 non
708 1777 892 1845 potest
915 1771 1176 1843 imputari
1203 1770 1270 1827 ad
1299 1771 1524 1842 cuipam
1551 1769 1634 1826 vel
1657 1785 1915 1841 poenam,

315 1880 422 1919 non
455 1868 634 1933 potest
665 1862 736 1917 ibi
767 1862 851 1918 lex
879 1861 1236 1930 intervenire,
1263 1860 1391 1933 quia
1421 1860 1488 1917 de
1509 1858 1811 1915 intrinseca
1833 1873 1918 1914 ra-

315 1953 461 2007 tione
489 1951 752 2017 eius'est,
786 1956 848 2006 ut
875 1948 1113 2021 aliquam
1141 1949 1498 2005 intrinsecam
1528 1946 1916 2019 obligationem

313 2038 537 2107 induat3
571 2036 666 2093 sed
697 2040 980 2107 omittere,
1013 2036 1162 2109 quod
1190 2035 1518 2107 impossibile
1541 2040 1628 2091 est
1643 2074 1666 2111 2
1691 2050 1796 2090 non
1822 2050 1917 2106 po·

316 2134 424 2183 test
464 2126 728 2197 imputari
768 2124 835 2182 ad
875 2126 1130 2197 culpam,
1173 2124 1318 2181 sicut
1357 2139 1458 2181 nec
1501 2124 1811 2195 imputatur
1849 2121 1916 2179 ad

317 2216 623 2288 praemium
648 2216 832 2271 facere
851 2254 866 2285 ,
890 2211 1038 2286 quod
1063 2212 1389 2283 simpliciter
1411 2212 1784 2271 necessarium
1807 2216 1911 2281 est3

315 2318 450 2375 ergo
479 2319 590 2360 non
619 2308 855 2375 possunt
880 2302 1029 2375 leges
1059 2304 1114 2357 in
1143 2300 1458 2358 huiusmodi
1487 2300 1657 2357 rebus
1686 2301 1910 2355 versari.

396 2397 485 2450 12.
518 2395 698 2463 Atque
725 2392 776 2448 in
807 2390 911 2446 boc
934 2391 1130 2447 saitem
1153 2406 1320 2447 sensu
1341 2389 1529 2447 definit
1552 2390 1914 2446 assertionem

312 2481 475 2537 etiam
505 2482 560 2535 in
589 2479 783 2535 divinis
819 2478 1030 2550 legibus
1061 2478 1274 2535 Triden.
1307 2494 1444 2535 sess.
1481 2481 1548 2551 6,
1574 2492 1699 2549 cap.
1739 2481 1827 2544 11,
1858 2486 1918 2535 et

309 2585 514 2626 canon.
557 2573 662 2641 183
691 2572 750 2624 et
789 2574 984 2624 contra
1023 2566 1334 2625 haereticos
1361 2567 1528 2623 huius
1553 2568 1818 2638 temporis
1847 2582 1913 2625 ex

312 2660 617 2729 scripturis
649 2657 900 2729 patribus
925 2663 984 2714 et
1011 2658 1218 2713 ratione
1246 2671 1368 2713 eam
1398 2655 1506 2713 late
1535 2656 1775 2727 probant
1800 2657 1915 2713 Bel·

317 2749 536 2806 larmin.
572 2747 661 2803 lib.
694 2752 764 2818 4,
795 2762 826 2802 a
852 2760 980 2816 cap.
1022 2747 1078 2803 ll
1105 2788 1120 2815 ,
1151 2745 1298 2819 vega
1327 2744 1420 2801 lib.
1468 2748 1555 2802 112
1599 2744 1652 2800 in
1690 2746 1914 2803 Triden-

310 2840 408 2893 tin.
442 2852 476 2892 a
504 2852 632 2906 cap.
665 2840 720 2894 9.
753 2834 908 2893 Unde
939 2850 970 2889 a
998 2834 1204 2890 fortiori
1232 2840 1487 2906 constat,
1528 2834 1704 2891 multo
1743 2836 1912 2908 magis

309 2927 460 2999 leges
504 2925 772 2981 humanas
807 2923 1008 2982 debere
1033 2938 1152 2981 esse
1181 2923 1500 2995 possibiles:
1536 2940 1660 2981 nam
1689 2932 1822 2982 sunt
1845 2940 1914 2982 ex

307 3015 511 3070 minori
553 3018 820 3085 potestate
838 3054 853 3083 ,
882 3020 941 3069 et
966 3012 1122 3085 quasi
1150 3012 1590 3083 participationes
1619 3012 1755 3087 legis
1779 3012 1913 3070 divi·

307 3116 440 3173 nae,
471 3107 530 3158 et
562 3101 692 3173 quia
726 3102 962 3157 rationes
991 3100 1168 3156 factae
1194 3101 1250 3155 in
1279 3098 1385 3155 illis
1415 3115 1446 3155 a
1473 3100 1690 3157 fortiori
1720 3116 1914 3173 proce-

305 3189 463 3247 dunt.
491 3190 676 3262 Adde,
710 3193 947 3262 August.
978 3188 1068 3246 hb.
1101 3187 1174 3247 de
1199 3194 1430 3247 natm-a
1448 3194 1505 3246 et
1528 3192 1750 3262 qratia,
1785 3208 1908 3265 cap.

307 3282 414 3349 98,
449 3294 558 3335 non
595 3279 772 3336 solum
802 3277 985 3334 dicere
1004 3321 1020 3349 ,
1050 3281 1223 3335 Deum
1251 3294 1358 3334 non
1387 3278 1574 3335 iubere
1602 3268 1914 3351 impossibi-

309 3366 410 3437 lia,
445 3366 544 3423 sed
569 3370 732 3424 etiam
759 3365 964 3423 dicere:
999 3369 1374 3424 Firmissime
1401 3366 1684 3436 creditur,
1721 3372 1913 3427 Deum

305 3457 537 3513 iustum
567 3458 624 3511 et
648 3455 870 3511 bonum
892 3453 1296 3524 impossibilia
1320 3472 1436 3512 non
1459 3460 1722 3529 potuisse
1733 3474 1914 3531 prae-

307 3546 527 3616 cipere.
577 3542 866 3610 Quomodo
917 3559 1054 3616 ergo
1103 3544 1304 3615 poterit
1349 3544 1511 3602 bomo
1563 3546 1911 3617 impossibilia

305 3631 666 3702 praecipere?
696 3631 852 3688 Unde
889 3632 941 3687 in
971 3632 1076 3688 hoc
1107 3637 1194 3688 est
1220 3647 1412 3704 magna
1443 3632 1744 3690 differentia
1773 3634 1911 3691 inter

303 3723 480 3777 Deum
509 3726 570 3777 et
597 3721 904 3792 hominem,
929 3721 1078 3793 quod
1110 3724 1252 3777 Deus
1279 3722 1459 3794 aliqua
1491 3729 1674 3794 potest
1703 3724 1910 3794 praeci-

305 3826 436 3881 pere
459 3809 814 3881 impossibilia
835 3817 1086 3883 naturae,
1111 3810 1238 3882 quia
1263 3816 1444 3882 potest
1465 3810 1558 3867 illa
1579 3812 1758 3867 iacere
1784 3828 1910 3883 pos·

303 3899 480 3955 sibilia
506 3914 604 3969 par
630 3898 860 3970 gratiam
878 3939 893 3969 ,
919 3913 1084 3970 quam
1115 3913 1222 3953 non
1253 3904 1446 3971 negat,
1473 3907 1744 3971 quantum
1773 3903 1826 3957 in
1849 3916 1907 3957 se

303 3994 421 4060 est,
449 3993 726 4060 quatenus
767 3986 834 4043 ad
875 3993 1297 4059 praeceptorum
1339 3987 1778 4045 observationem
1809 4005 1904 4047 ne·

303 4076 544 4132 cessaria
582 4083 698 4145 est,
735 4082 793 4132 et
827 4076 948 4132 ideo
977 4091 1192 4147 semper
1219 4082 1305 4132 est
1337 4082 1693 4147 praeceptum
1723 4078 1814 4134 Dei
1841 4077 1908 4134 de

303 4180 366 4222 re
394 4165 673 4238 possibili,
703 4164 829 4237 quia
863 4164 1014 4237 quod
1044 4180 1143 4235 per
1175 4165 1386 4221 amicos
1414 4179 1710 4236 possumus
1732 4208 1745 4233 ,
1778 4168 1910 4222 sim-

304 4254 522 4325 pliciter
562 4268 895 4325 possumus,
941 4254 984 4307 si
1027 4252 1188 4308 amici
1229 4250 1566 4309 adiutorium
1609 4260 1828 4310 certum
1855 4260 1909 4310 et

303 4349 564 4414 paratum
591 4348 698 4399 est.
722 4342 982 4399 Homines
1011 4350 1196 4397 autem
1229 4355 1331 4396 non
1358 4348 1592 4411 possunt
1614 4342 1744 4398 dare
1768 4342 1908 4397 viras

301 4432 376 4490 ad
418 4438 715 4503 praecepta
754 4428 1055 4501 implenda.
1087 4435 1142 4486 et
1179 4429 1304 4486 ideo
1335 4429 1452 4486 illas
1481 4444 1789 4500 supponere
1818 4446 1910 4486 ne-

303 4520 552 4579 cessario
594 4517 792 4575 debent
827 4517 915 4573 vel
955 4533 1024 4573 ex
1053 4524 1280 4589 natura,
1313 4518 1490 4574 velex
1516 4519 1726 4589 gratia,
1761 4518 1910 4575 iuxta

304 4606 590 4681 praecepti
628 4605 1013 4663 conditionem.
1047 4606 1146 4661 Hic
1189 4620 1322 4661 vero
1364 4606 1734 4663 occurrebant
1765 4606 1909 4663 diffi-

303 4698 546 4754 cultates
587 4694 654 4751 de
696 4692 1053 4765 possibilitate
1103 4692 1356 4765 diligendi
1395 4696 1600 4765 Deum,
1658 4695 1910 4751 vincendi

305 4782 848 4855 concupiscentiam,
883 4780 1248 4853 servandique
1281 4781 1566 4851 mandata:
1603 4784 1700 4839 sed
1727 4783 1796 4840 de
1827 4784 1909 4839 his

306 4875 562 4932 dicemus
591 4874 644 4928 in
673 4876 916 4928 tractatu
945 4868 1017 4926 de
1043 4873 1284 4929 Gratia.

387 4965 544 5020 iuxta
569 4960 714 5017 hanc
740 4974 874 5031 ergo
902 4958 1150 5015 ultimam
1174 4966 1384 5031 partem
1415 4960 1795 5033 intelligendus
1823 4972 1911 5021 est

308 5051 588 5121 Isidorus,
631 5064 766 5106 cum
805 5049 1040 5120 requirit
1079 5048 1130 5103 in
1159 5046 1308 5121 lege,
1338 5048 1488 5122 quod
1519 5050 1787 5121 possibilis
1815 5056 1905 5109 sit.

311 5144 448 5199 Nam
473 5137 844 5213 principaliter
861 5136 1190 5209 loquebatur
1209 5136 1276 5193 de
1300 5137 1415 5213 lege
1439 5138 1696 5213 bumana,
1713 5146 1770 5197 et
1791 5140 1911 5199 ideo

474 5250 651 5293 Suana
671 5279 682 5299 ,
704 5246 764 5291 De
780 5245 957 5300 Lentim
970 5264 1028 5277 —
1043 5245 1146 5289 Pars
1167 5244 1200 5288 1.

3414 298 3489 361 41

1995 436 2064 495 ad
2091 436 2489 495 declarandum
2517 439 2743 496 modum
2770 438 3137 511 possibilitatis
3166 436 3340 496 addit:
3366 440 3586 497 Secun-

1999 524 2144 582 dum
2170 532 2487 593 naturam,
2520 525 2572 583 id
2597 534 2683 583 est
2708 527 3051 584 considerata
3073 527 3359 600 fragilitate
3381 534 3436 584 et
3454 543 3585 584 con-

1992 615 2195 672 ditione
2221 622 2471 671 naturae.
2498 616 2653 682 Quod
2681 619 2841 672 etiam
2863 619 3006 676 Deus
3029 617 3142 688 ipse
3170 633 3273 673 suo
3296 616 3459 673 modo
3488 619 3583 675 ob·

1991 710 2196 759 servat.
2228 705 2365 761 Nam
2405 703 2528 761 ideo
2564 720 2671 761 non
2714 705 2978 777 praecipit
3016 704 3270 761 omnibus
3314 705 3594 778 virginita-

1991 800 2102 849 tem
2129 808 2378 863 servare,
2410 792 2536 865 quia
2573 808 2679 850 non
2716 800 2835 849 erat
2860 792 2967 849 hoc
2999 794 3251 864 possibile
3279 792 3587 851 secundum

1993 886 2278 952 naturam:
2304 882 2383 937 sic
2411 882 2575 937 etiam
2598 881 2683 937 lex
2712 883 2979 937 canonica
3003 898 3110 938 non
3132 883 3397 954 praecipit
3419 884 3593 940 omni·

1990 969 2096 1027 bus
2124 968 2277 1025 iestis
2304 971 2752 1042 communicare,
2775 972 2903 1042 quia
2932 986 3041 1026 non
3071 977 3259 1042 posset
3284 970 3445 1043 digne
3476 972 3590 1028 fieri

1993 1056 2299 1113 secundum
2324 1058 2695 1115 conditionem
2718 1064 3043 1123 naturae,et
3063 1061 3142 1115 sic
3167 1059 3234 1115 de
3256 1060 3392 1116 aliis.
3412 1064 3587 1134 Atque

1993 1145 2103 1202 huc
2147 1146 2312 1202 etiam
2342 1152 2588 1218 spectat,
2624 1154 2685 1203 ut
2712 1145 2769 1202 d.
2799 1147 3035 1203 Thomas
3064 1147 3269 1217 voluit,
3302 1154 3362 1205 ut
3387 1148 3470 1206 lex
3500 1166 3592 1207 ac-

1990 1234 2326 1291 commodari
2366 1234 2561 1291 debeat
2599 1236 2829 1292 subditis
2875 1235 3185 1293 secundum
3230 1240 3587 1309 capacitatem

1989 1338 2215 1395 eorum,
2247 1330 2305 1379 et
2341 1321 2462 1380 ideo
2489 1339 2598 1379 non
2626 1324 2983 1394 imponuntur
3010 1324 3201 1383 eadem
3229 1326 3427 1383 ieiunia
3457 1343 3587 1398 pue-

1991 1413 2103 1481 ris,
2149 1425 2290 1483 quae
2334 1411 2735 1485 grandioribus.
2783 1412 2947 1469 Addit
2985 1415 3146 1473 etiam
3187 1414 3456 1471 Isidorus:
3491 1420 3593 1474 Se-

1991 1498 2258 1557 cundum
2283 1498 2763 1557 consuetudinem
2781 1505 3031 1574 patriae
3048 1547 3062 1570 ,
3090 1503 3219 1575 quia
3246 1506 3591 1561 consuetudo

1993 1596 2082 1647 est
2123 1589 2300 1646 altera
2327 1596 2560 1661 natura:
2591 1596 2648 1646 et
2672 1589 2795 1647 ideo
2821 1591 2970 1664 quod
2999 1598 3270 1664 repugnat
3294 1602 3593 1650 consuetu·

1992 1675 2124 1745 dini,
2160 1677 2315 1735 valde
2346 1685 2606 1734 censetur
2639 1694 2949 1751 repugnans
2977 1687 3237 1751 naturae,
3264 1698 3328 1737 ac
3358 1684 3588 1740 subinde

1989 1766 2106 1823 l'ere
2137 1767 2425 1823 moraliter
2452 1767 2799 1840 impossibile.
2820 1770 2937 1825 Hoc
2967 1776 3152 1827 autem
3177 1771 3586 1844 intelligendum

1989 1862 2077 1911 est
2117 1856 2184 1913 de
2225 1856 2625 1912 consuetudine
2666 1856 2921 1927 honesta,
2964 1865 3022 1915 et
3062 1860 3181 1915 utili
3223 1861 3582 1934 reipublicae3

1992 1959 2117 1999 nam
2147 1943 2495 2001 consuetudo
2527 1959 2692 2015 prava
2720 1960 2818 2016 per
2848 1946 3021 2019 legem
3049 1949 3373 2019 corrigenda
3400 1957 3503 2021 est,
3534 1959 3590 2008 et

1987 2032 2119 2089 licet
2147 2031 2441 2105 aliquando
2472 2032 2637 2089 suerit
2666 2034 2844 2107 utilis,
2877 2036 2920 2090 si
2953 2041 3102 2093 tanta
3130 2039 3203 2094 sit
3235 2038 3378 2095 iacta
3400 2055 3587 2097 rerum

1988 2122 2251 2192 mutatio,
2282 2127 2346 2177 ut
2372 2123 2479 2177 iam
2510 2122 2583 2178 sit
2608 2122 2837 2193 inutiliS,
2862 2130 2919 2181 et
2946 2126 3217 2181 contraria
3245 2128 3499 2199 expediat
3518 2128 3586 2185 ad

1987 2223 2285 2283 commune
2328 2209 2565 2283 bonum,
2596 2213 2760 2267 etiam
2788 2212 2989 2283 poterit
3014 2214 3097 2270 lex
3128 2218 3585 2274 consuetudinem

1988 2300 2239 2368 vincere,
2286 2304 2349 2355 ut
2386 2298 2526 2355 infra
2566 2316 2669 2357 suo
2713 2300 2837 2358 loco
2866 2300 3136 2359 dicemus.
3169 2307 3408 2377 Denique
3437 2307 3585 2364 addit

1983 2388 2258 2446 Isidorus:
2308 2391 2583 2463 Temperi
2624 2388 2860 2463 locoque
2899 2396 3269 2460 conveniens,
3318 2396 3445 2467 quia
3486 2396 3585 2453 hae
3616 2388 3619 2391 ⁴

1985 2477 2433 2534 circumstantiae
2476 2478 2528 2533 in
2568 2480 2713 2535 omni
2756 2486 2889 2536 actu
2934 2480 3187 2551 prudenti
3214 2482 3582 2542 observandae

1985 2572 2130 2622 sunt.
2180 2567 2278 2624 Hic
2322 2573 2505 2622 autem
2549 2582 2655 2623 non
2698 2567 3121 2625 considerantur
3146 2585 3214 2627 ex
3241 2578 3393 2642 parte
3422 2580 3581 2631 actus

1986 2655 2385 2728 praecipiendi,
2420 2653 2515 2711 sed
2542 2670 2610 2711 ex
2636 2661 2791 2727 parte
2816 2660 3107 2731 materiae,
3136 2674 3237 2715 seu
3262 2667 3420 2717 actus
3437 2702 3452 2729 ,
3484 2665 3580 2736 qui

1984 2746 2354 2815 praecipitur,
2398 2743 2525 2815 quia
2569 2759 2676 2800 non
2719 2745 2776 2799 in
2816 2748 2962 2802 omni
3004 2746 3157 2815 loco,
3200 2763 3301 2805 nec
3343 2748 3393 2805 in
3435 2752 3582 2809 omni

1985 2839 2230 2904 tempore
2256 2832 2479 2890 eaedem
2507 2833 2751 2890 actiones
2779 2837 3155 2907 conveniunt,
3186 2844 3243 2893 et
3269 2838 3391 2896 ideo
3409 2840 3472 2895 'in
3502 2840 3579 2898 l'e·

1984 2921 2162 2978 rendis
2192 2921 2405 2995 legibus
2432 2924 2667 2978 maxime
2697 2929 2825 2979 sunt
2848 2923 2951 2981 hae
2974 2925 3423 2985 circumstantiae
3446 2946 3581 2986 con·

1982 3009 2325 3082 siderandae,
2352 3017 2411 3066 ut
2436 3016 2590 3067 recte
2615 3010 2837 3067 tradidit
2855 3014 3016 3069 etiam
3041 3017 3381 3087 Augustinus
3403 3017 3492 3073 lib.
3523 3024 3575 3076 3.

1987 3097 2360 3171 confession.
2404 3114 2530 3169 cap.
2578 3101 2670 3156 37.
2704 3100 2757 3155 Si
2783 3101 2908 3172 quis
2937 3108 3121 3159 autem
3149 3111 3302 3162 recte
3329 3104 3580 3163 conside-

1981 3193 2099 3259 ret,
2133 3187 2235 3243 hae
2274 3187 2721 3243 circumstantiae
2748 3189 2913 3245 etiam
2942 3197 3073 3247 sunt
3100 3190 3580 3251 determinationes

1982 3274 2384 3347 possibilitatis:
2408 3276 2536 3349 quia
2566 3275 2619 3331 in
2642 3291 2751 3333 uno
2774 3284 3020 3349 tempore
3042 3282 3357 3339 censebitur
3376 3282 3577 3356 aliquid

1983 3365 2265 3421 moraliter
2292 3364 2655 3437 impossibile,
2684 3365 2835 3438 quod
2860 3366 2915 3423 in
2952 3367 3056 3425 alio
3082 3375 3168 3425 est
3194 3370 3380 3443 l'acile,
3412 3371 3581 3429 idem-

1979 3469 2087 3527 que
2115 3460 2203 3509 est
2230 3468 2359 3509 cum
2390 3454 2739 3525 proportione
2769 3455 2837 3511 de
2866 3455 3018 3527 loco:
3052 3465 3283 3528 possunt
3308 3460 3470 3516 etiam
3500 3462 3579 3517 in-

1978 3540 2199 3599 terdum
2243 3543 2513 3614 pertinere
2554 3540 2622 3598 ad
2665 3542 3009 3601 honestatem
3049 3552 3270 3619 propter
3312 3548 3577 3607 rationem

1979 3631 2228 3689 similem.
2642 3668 2650 3677 ·
2696 3626 2699 3630 ’

2065 3726 2151 3779 13.
2184 3720 2422 3777 Tandem
2471 3720 2841 3778 declaratione
2870 3722 3063 3780 harum
3092 3724 3470 3791 conditionum
3495 3729 3581 3784 in-

1980 3807 2274 3883 telligitur,
2306 3811 2359 3864 in
2404 3816 2620 3866 tantum
2667 3826 2829 3881 posse
2874 3810 2997 3869 illas
3039 3816 3307 3886 pertinere
3346 3816 3412 3873 ad
3453 3819 3582 3875 sub-

1977 3899 2237 3954 stantiam
2277 3904 2335 3953 et
2362 3898 2603 3955 valorem
2636 3898 2770 3971 legis
2792 3942 2806 3970 ,
2836 3900 2888 3957 in
2917 3909 3184 3974 quantum
3217 3905 3299 3963 vel
3328 3905 3396 3962 ad
3427 3908 3582 3963 iusti-

1977 3987 2140 4055 tiam,
2174 3985 2257 4041 vel
2298 3985 2366 4041 ad
2406 3984 2643 4042 debitam
2682 3988 3097 4059 possibilitatem
3139 3992 3272 4066 legis
3308 3995 3582 4052 humanae

1981 4075 2325 4130 necessariae
2348 4073 2577 4143 suerint,
2602 4077 2731 4147 quia
2761 4082 3005 4147 potestas
3028 4079 3211 4152 legum
3234 4080 3580 4141 serendarum

1977 4178 2108 4221 cum
2138 4162 2243 4219 hac
2270 4165 2419 4219 iusta
2445 4162 2819 4220 moderatione
2849 4173 2934 4223 est
2963 4168 3273 4225 hominibus
3300 4170 3449 4228 data.
3478 4175 3581 4230 De-

1979 4251 2131 4307 finire
2173 4256 2389 4321 autem,
2432 4250 2655 4323 quando
2695 4254 2748 4307 in
2790 4254 2873 4309 his
2900 4257 3299 4314 conditionibus
3327 4258 3579 4318 deiectus

1979 4339 2054 4395 sit
2081 4338 2490 4409 substantialis,
2520 4356 2585 4397 ex
2627 4340 2883 4412 prudenti
2924 4344 3124 4415 pendet
3148 4347 3351 4405 iudicio
3380 4388 3393 4420 ,
3426 4351 3576 4423 quod

1977 4434 2199 4499 oportet
2226 4443 2349 4485 esse
2376 4428 2533 4485 valde
2562 4437 2810 4502 certum,
2838 4438 2900 4488 ut
2926 4433 3122 4491 exhoc
3144 4439 3325 4509 capite
3345 4437 3432 4494 lex
3455 4457 3580 4510 pos-

1979 4519 2046 4573 sit
2087 4518 2302 4574 censeri
2344 4516 2514 4573 nulla.
2547 4519 2647 4573 Hic
2689 4520 2833 4575 enim
2861 4521 3037 4580 multo
3066 4525 3239 4597 magis
3269 4526 3457 4583 locum
3489 4528 3581 4585 ha-

1977 4608 2070 4665 bet
2089 4648 2104 4679 ,
2137 4604 2289 4680 quod
2316 4622 2487 4677 supra
2516 4604 2657 4678 dixi,
2693 4616 2950 4679 oportere
2979 4612 3289 4670 iniustitiam
3314 4630 3437 4671 esse
3466 4618 3581 4673 cla-

1977 4713 2129 4767 ram,
2157 4701 2213 4752 et
2253 4712 2362 4752 non
2402 4694 2653 4763 dubiam,
2702 4703 2820 4755 tum
2862 4710 3089 4773 propter
3127 4703 3369 4762 rationes
3412 4723 3581 4779 supra

1980 4787 2181 4857 iactas,
2214 4800 2357 4859 quae
2397 4784 2448 4839 in
2478 4788 2752 4857 praesenti
2779 4789 2947 4845 etiam
2978 4790 3165 4846 locum
3196 4792 3424 4868 habent:
3462 4801 3580 4853 tum

1869 4892 1880 4903 ·
1913 4872 1924 4879 ’
1979 4877 2167 4946 etiam,
2201 4876 2334 4948 quia
2361 4873 2447 4929 hic
2478 4876 2659 4931 minus
2685 4882 2772 4932 est
2800 4878 3050 4950 periculi,
3073 4895 3207 4936 cum
3234 4880 3461 4939 dubium
3495 4900 3583 4940 so-

1983 4966 2098 5022 lum
2148 4969 2403 5021 versetur
2449 4964 2601 5020 circa
2650 4965 3062 5024 incommodum
3112 4971 3431 5042 temporale.
3486 4974 3585 5028 Est

1979 5053 2122 5110 enim
2146 5052 2383 5109 notanda
2409 5049 2706 5109 differentia
2736 5055 2881 5111 inter
2906 5055 3229 5115 iniustitiam
3255 5060 3307 5115 in
3332 5062 3579 5133 materia,

1979 5142 2067 5201 vel
2104 5142 2165 5214 in⁴
2198 5140 2361 5199 modo
2403 5139 2575 5213 legis:
2608 5142 2760 5213 quod
2806 5144 2857 5201 in
2900 5146 3103 5218 priori,
3145 5149 3189 5203 si
3229 5148 3293 5204 de
3322 5150 3582 5205 iniustitia

3075 5250 3103 5291 s
