4325 6267
1733 369 1946 422 CAPUT
1973 371 2076 420 lx.

253 485 506 576 ¹egimus,
538 503 710 560 fuisse
737 518 770 559 a
797 499 1014 560 cbristo
1044 498 1273 556 Domino
1310 497 1538 567 directe,
1565 503 1623 554 et
1662 511 1759 569 per
1799 510 1858 552 se

254 595 624 664 immutatum,
656 592 787 651 licet
813 590 1100 661 indirecte,
1130 597 1189 646 et
1217 604 1316 660 per
1343 587 1636 662 quamdam
1664 601 1860 644 conse·

255 685 530 740 cntionem
558 681 762 756 aliquid
790 679 1026 754 speciale
1065 678 1342 736 interdum
1385 679 1436 736 in
1465 676 1718 735 Ecclesia
1745 675 1862 732 fieri

251 773 438 848 possit,
465 779 530 830 ut
549 789 617 831 ex
638 773 802 832 dictis
825 771 878 828 in
895 770 1118 828 duobus
1138 768 1410 842 capitibus
1435 768 1680 840 proxime
1703 781 1863 840 prae-

251 862 567 920 cedentibus
595 861 750 918 facile
771 859 998 934 intelligi
1027 865 1230 932 potest.

271 989 276 992 -
319 953 504 1010 Primo
534 967 666 1025 ergo
687 955 905 1008 constat
928 965 996 1006 ex
1019 947 1202 1022 dictis,
1233 946 1374 1006 banc
1394 951 1718 1020 potestatem
1740 959 1863 1002 esse

253 1043 300 1100 in
325 1041 584 1100 omnibus
611 1041 832 1114 regibus
861 1039 1136 1112 supremis
1163 1053 1294 1095 cum
1327 1037 1620 1110 partitione
1641 1051 1863 1093 accom-

251 1131 429 1205 moda,
457 1129 518 1188 id
545 1132 706 1203 estin
727 1143 1064 1202 unoquoque
1087 1143 1188 1202 pro
1213 1144 1314 1186 suo
1343 1141 1533 1200 regno.
1549 1128 1628 1184 ita
1650 1126 1705 1184 d.
1721 1124 1862 1182 Tho-

252 1239 363 1280 mas
397 1227 446 1282 1.
481 1225 542 1295 2,
573 1237 634 1294 q.
665 1225 761 1291 90,
791 1225 896 1277 art.
933 1222 989 1290 3,
1017 1223 1077 1276 2.
1109 1223 1168 1292 2,
1197 1233 1254 1291 q.
1291 1221 1385 1289 51,
1408 1223 1514 1274 art.
1542 1221 1610 1287 2,
1638 1215 1862 1276 canoni-

253 1305 362 1369 stae
385 1313 440 1368 in
468 1326 594 1384 cap.
628 1308 921 1376 Ecclesia,
955 1307 1022 1365 de
1061 1308 1348 1367 constitut.
1387 1309 1536 1377 Bart.
1576 1312 1633 1365 et
1668 1305 1754 1365 alii
1798 1306 1854 1362 in

253 1403 288 1460 l.
317 1401 420 1458 nit.
449 1401 512 1459 C.
545 1400 616 1458 de
642 1400 806 1473 legib.
835 1398 991 1456 Bald.
1021 1398 1074 1455 in
1101 1409 1227 1471 cap.
1273 1402 1323 1457 1.
1364 1397 1434 1456 de
1471 1398 1698 1455 constit.
1739 1397 1857 1454 Na-

256 1507 400 1549 varr.
431 1492 484 1548 in
511 1506 637 1564 cap.
669 1493 868 1557 Novit,
901 1495 1017 1547 not.
1049 1494 1108 1561 2,
1152 1505 1208 1545 n.
1267 1491 1386 1547 110.
1427 1487 1584 1546 Unde
1619 1486 1678 1544 d.
1720 1486 1864 1544 Tho·

257 1597 367 1640 mas
395 1585 450 1640 2.
484 1585 546 1654 2,
577 1597 635 1654 q.
672 1585 762 1638 5⁰.
795 1579 950 1652 dixit,
978 1577 1333 1652 principalem
1362 1583 1550 1636 actum
1572 1578 1715 1650 regis
1742 1590 1864 1633 esse

257 1670 398 1744 leges
427 1670 690 1739 condere,
719 1675 776 1727 et
801 1668 922 1726 ideo
951 1667 1042 1733 lut
1070 1667 1314 1726 advertit
1343 1667 1397 1724 in
1425 1667 1687 1725 discursu
1713 1665 1864 1723 illius

259 1760 492 1835 articuli)
520 1759 768 1818 eamdem
796 1758 1168 1832 prudentiam,
1205 1749 1374 1831 quam
1394 1759 1564 1815 Arist.
1583 1760 1637 1816 6.
1665 1756 1861 1814 Ethic.

260 1866 372 1922 cap.
394 1848 826 1926 &legislativam
845 1848 1164 1922 appellavit,
1181 1862 1413 1905 vocasse
1434 1847 1712 1932 propriam
1733 1861 1866 1919 pru·

257 1941 484 2000 dentiam
521 1941 808 2014 principis,
838 1939 892 1997 id
918 1945 1004 1996 est
1027 1940 1368 2012 regnativam
1386 1978 1403 2012 ,
1449 1937 1542 1996 lib.
1594 1942 1650 1996 3.
1679 1934 1861 1996 Polit.

258 2048 372 2104 cap.
405 2037 460 2090 3.
500 2033 796 2089 Praeterea
820 2028 926 2086 boc
955 2031 1125 2087 sensit
1151 2030 1496 2104 Augustinus
1530 2035 1696 2086 tract.
1733 2031 1788 2087 6.
1810 2029 1866 2084 in

257 2123 398 2180 ioan.
425 2137 562 2180 cum
596 2120 764 2179 dixitz·
784 2122 1070 2178 Divinum
1093 2123 1284 2179 insin
1311 2118 1650 2195 Scriptus-is
1689 2117 1868 2177 habe-

259 2228 398 2278 mus,
419 2212 788 2268 ,humanum
825 2213 924 2268 ins
959 2213 1028 2267 in
1062 2208 1302 2284 leyibus·
1323 2225 1554 2283 reqwm.
1595 2210 1667 2267 Et
1707 2207 1863 2265 inira:

272 2303 424 2378 Quia
447 2303 596 2376 ipsa
619 2303 764 2358 iura
788 2299 1064 2358 hunuano.
1079 2315 1194 2376 per
1218 2303 1610 2374 imperatores
1628 2303 1684 2356 et
1702 2311 1869 2372 reyes

263 2389 480 2448 saeculi
510 2395 673 2449 Deus
713 2387 1014 2446 distribuit
1037 2393 1238 2462 qeneri
1263 2390 1552 2447 humano.
1594 2389 1664 2446 Et
1701 2387 1871 2444 rel'er·

261 2480 418 2537 turin
447 2495 578 2554 cap.
613 2485 665 2551 1,
689 2478 818 2536 dist.
850 2483 905 2537 8.
935 2481 1177 2552 Denique
1203 2478 1486 2553 colligitur
1511 2477 1647 2536 baec
1668 2478 1870 2535 veritas

265 2572 418 2626 etiam
437 2584 506 2628 ex
529 2568 702 2627 modo
726 2567 980 2642 loquendi
1003 2569 1345 2642 scripturae,
1361 2569 1414 2626 in
1431 2583 1540 2644 qua
1557 2583 1716 2641 saepe
1737 2581 1870 2626 aum

263 2661 398 2734 regia
423 2659 690 2734 dignitate
711 2664 956 2732 potestas
991 2657 1292 2732 legislativa
1328 2659 1705 2732 coniungitur.
1737 2659 1870 2715 Pro·-

262 2752 406 2809 verb.
437 2758 490 2822 8,
520 2752 650 2808 lsai.
686 2755 781 2823 33,
812 2755 871 2808 et
907 2751 1147 2808 sumitur
1173 2765 1240 2808 ex
1268 2764 1358 2822 ep.
1397 2752 1447 2808 1.
1479 2748 1626 2807 Petri
1646 2753 1702 2808 2:
1731 2749 1872 2806 Sive

263 2844 380 2913 rem·
406 2847 706 2914 tanquam
729 2838 1143 2915 praecellenti.
1173 2839 1333 2906 Ratio
1353 2855 1386 2896 a
1411 2840 1582 2913 priori
1601 2843 1716 2910 est,
1742 2839 1872 2910 quia

266 2937 494 3002 potestas
519 2929 680 3004 regia
715 2937 773 2987 et
799 2944 1058 3002 suprema
1083 2929 1350 2987 translata
1388 2934 1475 2986 est
1499 2945 1532 2986 a
1569 2934 1682 2987 tota
1718 2943 1870 2986 com-

265 3023 516 3079 munitate
541 3021 796 3092 perfecta
842 3020 892 3076 in
922 3035 1215 3093 personam
1239 3021 1409 3093 regis,
1440 3019 1516 3080 ita
1541 3025 1608 3077 ut
1630 3023 1749 3076 tota
1777 3032 1874 3091 po·

268 3115 424 3166 testas
447 3109 674 3184 regendi
721 3109 1194 3182 communitatem,
1224 3123 1366 3183 quae
1401 3109 1458 3164 in
1494 3107 1613 3182 ipsa
1645 3113 1786 3180 erat,
1819 3107 1872 3163 in

267 3215 440 3273 regem
469 3200 797 3258 transmissa
831 3197 1018 3271 suerit3
1047 3197 1146 3256 sed
1175 3203 1420 3270 potestas
1447 3197 1745 3272 legislativa
1772 3211 1872 3270 per

269 3304 321 3344 se
347 3291 516 3360 primo
543 3295 605 3347 et
639 3303 708 3346 ex
747 3295 949 3346 natura
975 3290 1055 3346 rei
1081 3295 1205 3346 erat
1239 3289 1296 3344 in
1333 3287 1764 3360 communitate,
1807 3292 1874 3344 ut

270 3394 426 3451 supra
451 3385 741 3437 ostensum
782 3385 889 3451 est,
918 3393 1053 3451 ergo
1097 3383 1340 3452 potestas
1381 3380 1537 3453 regia
1570 3377 1874 3452 legislativa

270 3477 364 3527 cst.
393 3470 463 3528 Et
488 3470 878 3541 confirmatur,
909 3469 1040 3543 quia
1066 3469 1120 3526 in
1147 3468 1452 3542 republica,
1482 3484 1624 3543 quae
1653 3461 1874 3526 mona‘r·

269 3559 414 3618 cbice
439 3561 674 3634 regitur,
705 3561 1018 3616 necessaria
1041 3566 1130 3616 est
1148 3559 1286 3617 haec
1309 3566 1576 3632 potestas;
1603 3553 1737 3633 ergo
1757 3573 1876 3616 ma·

268 3649 399 3707 xime
426 3664 550 3707 esse
579 3648 748 3707 debet
769 3649 829 3705 in
859 3663 1120 3723 supremo
1150 3649 1394 3722 principe
1413 3656 1470 3707 et
1487 3649 1688 3721 capite,
1705 3655 1768 3704 ut
1785 3663 1874 3705 ar·

272 3745 624 3812 gumentatur
653 3739 990 3798 iustinianus
1015 3740 1072 3796 in
1097 3737 1154 3795 d.
1187 3738 1226 3796 Ι.
1257 3738 1359 3797 ult.
1391 3739 1455 3796 C.
1486 3737 1553 3797 de
1585 3737 1824 3812 legibus.

337 3829 487 3889 Unde
514 3831 600 3903 lit,
636 3829 776 3888 banc
798 3829 1216 3887 conclusionem
1235 3844 1344 3886 non
1367 3828 1548 3886 solum
1571 3817 1770 3886 babere
1791 3826 1873 3885 lo·

270 3933 390 3978 cum
415 3921 468 3976 in
506 3919 618 3976 illis
655 3917 992 3992 principibus
1034 3918 1328 3991 supremis,
1369 3919 1468 3992 qui
1504 3932 1662 3991 reges
1702 3920 1873 3976 nomi-

268 4016 477 4084 nantur,
507 4008 608 4068 sed
648 4009 810 4067 etiam
839 4010 894 4066 in
915 4008 1191 4080 omnibus,
1215 4011 1311 4083 qni
1333 4025 1443 4068 non
1463 4015 1876 4084 recognoscunt

267 4101 636 4174 superiorem,
672 4097 861 4174 quoad
897 4098 1402 4157 subordinationem
1438 4099 1756 4172 temporalis
1789 4101 1874 4158 iu·

265 4188 618 4262 risdictionis,
660 4191 776 4247 sive
803 4188 1004 4262 duces,
1043 4191 1161 4248 sive
1200 4190 1454 4264 comites,
1493 4197 1592 4248 aut
1626 4189 1875 4263 quolibet

267 4278 362 4336 alio
386 4281 609 4338 nominc
642 4285 934 4352 vocentur3
967 4279 1096 4353 quia
1125 4275 1262 4338 baec
1303 4285 1549 4353 potestas
1575 4281 1628 4336 in
1657 4279 1875 4337 iurisdi-

267 4369 435 4428 ctione
464 4369 748 4443 consistit,
777 4374 836 4427 et
858 4367 1011 4426 nulla
1037 4367 1214 4428 maior
1243 4369 1450 4443 requiri
1477 4374 1682 4444 potest,
1705 4383 1875 4443 quam

269 4475 537 4534 suprema.
571 4463 652 4519 De
687 4459 1024 4534 principibus
1063 4466 1248 4519 autem
1286 4460 1603 4533 imperatori
1641 4458 1874 4518 subditis

269 4548 368 4609 iam
390 4550 632 4610 diximus
669 4553 850 4623 capite
879 4549 1255 4624 praecedenti,
1285 4549 1487 4608 babere
1523 4566 1690 4624 posse
1728 4549 1872 4607 hanc

271 4646 610 4716 potestatem,
641 4641 688 4698 si
715 4639 1025 4699 iurisdictio
1053 4641 1106 4698 in
1133 4657 1200 4699 eo
1228 4639 1404 4714 gradu
1433 4641 1784 4714 perfectionis
1812 4639 1874 4698 il·

271 4729 330 4787 lis
357 4731 483 4789 data
504 4732 600 4806 sit,
623 4737 681 4788 et
700 4730 1122 4806 consuetudine,
1147 4738 1246 4789 aut
1265 4732 1371 4789 allo
1394 4730 1688 4790 sufficienti
1708 4730 1871 4790 modo

271 4819 316 4877 id
336 4828 574 4880 constet.
595 4820 860 4897 Idemque
881 4837 1012 4879 eum
1032 4823 1388 4895 proportione
1408 4822 1673 4900 applicari
1693 4828 1878 4895 potest

273 4907 338 4966 ad
361 4911 674 4985 principes,
707 4912 754 4968 si
783 4911 878 4985 qui
909 4918 1044 4970 sunt
1067 4909 1328 4969 babentes
1357 4911 1538 4987 aliquo
1577 4910 1740 4970 modo
1781 4927 1876 4970 su·

273 5015 508 5072 premam
537 5006 866 5074 potestatem
893 5003 948 5059 in
976 5001 1256 5077 aliquibus
1284 5003 1476 5075 rebus,
1507 5007 1572 5060 ut
1607 5008 1756 5076 sunt,
1789 5001 1874 5060 iu-

275 5088 404 5148 dicia
430 5092 600 5163 serre,
633 5105 700 5150 ac
743 5093 1035 5150 terminare
1076 5093 1192 5150 sine
1232 5091 1348 5150 ulla
1387 5091 1749 5166 appellatione
1786 5090 1873 5150 vel

277 5180 670 5253 supplicatione
699 5179 766 5239 ad
795 5181 1050 5254 superins
1077 5181 1318 5240 tribunal
1340 5182 1662 5257 temporale,
1687 5197 1873 5241 mone-

277 5275 383 5328 tam
407 5271 640 5346 cudere,
667 5280 779 5331 etc.
812 5272 1024 5330 etiamsi
1045 5272 1096 5330 in
1117 5272 1232 5330 aliis
1254 5287 1441 5348 regem
1461 5271 1696 5347 aliquem
1719 5289 1876 5334 reco-

425 5379 630 5432 Suantz,
651 5381 708 5428 De
727 5381 912 5437 Levibus
925 5381 1096 5430 -Pars
1114 5380 1168 5425 1.-

3334 356 3461 422 185

1931 501 2211 567 gnoscunt
2238 503 2302 556 ut
2328 498 2673 571 superiorem
2709 513 2773 554 ac
2812 495 3129 572 dominum,
3174 499 3305 571 quia
3342 498 3409 556 ab
3446 497 3541 555 illo

1930 585 2162 644 tortasse
2192 587 2298 646 sub
2332 603 2399 645 ea
2438 587 2755 645 conditione
2791 587 3159 661 principatum
3198 589 3537 646 babuerunt.

1929 676 2066 732 Nam
2095 675 2148 732 bi
2174 679 2337 734 etiam
2360 678 2511 735 iuxta
2531 676 2760 735 modum
2782 683 2837 734 et
2856 677 3229 736 conditionem
3252 680 3539 752 potestatis

1927 770 2187 838 acceptae
2216 767 2300 824 vel
2328 773 2590 840 poterunt
2619 768 2765 842 leges
2794 767 2959 844 l'erre,
2984 770 3069 828 vel
3093 771 3147 828 in
3170 770 3274 830 boc
3298 772 3537 846 pendere

1929 871 1963 911 a
1989 855 2258 928 superiori
2287 871 2437 930 rege.

2007 951 2064 1004 2.
2097 948 2277 1020 Atque
2306 946 2431 1004 binc
2462 947 2714 1022 sequitur
2743 946 3010 1022 secundo,
3039 949 3199 1007 etiam
3223 951 3275 1008 in
3296 949 3544 1024 principe

1931 1050 2196 1108 supremo
2221 1051 2343 1094 esse
2372 1035 2515 1094 hanc
2547 1044 2878 1110 potestatem
2905 1053 2972 1095 eo
3000 1039 3164 1097 modo
3184 1080 3200 1112 ,
3239 1046 3296 1096 et
3332 1038 3437 1097 sub
3477 1054 3545 1097 ea

1929 1123 2269 1200 conditione,
2300 1125 2405 1184 sub
2435 1141 2545 1200 qua
2572 1125 2702 1185 data
2725 1135 2833 1200 est,
2864 1135 2923 1186 et
2950 1129 3216 1187 translata
3251 1143 3349 1203 per
3388 1145 3544 1187 com-

1931 1217 2277 1275 munitatem.
2309 1218 2465 1276 Ratio
2495 1224 2584 1276 est
2610 1217 2763 1276 clara
2788 1233 2856 1276 ex
2882 1220 3144 1291 superius
3181 1219 3365 1293 dictis,
3409 1221 3544 1293 quia

1927 1304 2068 1365 baec
2098 1313 2185 1364 est
2211 1307 2381 1366 veluti
2404 1311 2697 1366 conventio
2719 1309 2992 1383 quaedam
3013 1310 3156 1369 inter
3178 1311 3545 1368 communita-

1931 1403 2042 1455 tem
2067 1403 2127 1455 et
2152 1397 2479 1470 principem,
2508 1405 2565 1456 et
2591 1398 2713 1456 ideo
2742 1406 2985 1473 potestas
3006 1407 3229 1474 recepta
3250 1415 3359 1458 non
3380 1414 3545 1458 exce·

1931 1486 2014 1544 dit
2041 1486 2267 1544 modum
2294 1487 2599 1546 donationis
2643 1488 2726 1546 vel
2768 1489 3167 1547 conventionis.
3192 1491 3325 1558 Quis
3356 1497 3543 1548 autem

1932 1575 2020 1633 ille
2051 1576 2251 1634 modus
2278 1577 2467 1651 suerit,
2497 1579 2541 1635 si
2569 1580 2843 1652 scriptum
2870 1595 2983 1637 non
3009 1582 3111 1653 sit,
3142 1595 3207 1638 ex
3237 1585 3539 1638 consuetu·

1931 1664 2056 1723 dine
2085 1667 2320 1724 maxime
2346 1666 2721 1740 colligendum
2748 1675 2852 1740 est,
2884 1671 3272 1743 nam-ipsamet
3300 1685 3539 1728 consue-

1934 1755 2070 1814 tudo
2099 1757 2241 1814 solet
2266 1771 2389 1814 esse
2417 1757 2701 1815 sufficiens
2720 1757 2788 1815 ad
2819 1757 3055 1816 dandam
3077 1759 3540 1832 iurisdictionem

1932 1862 2066 1921 ergo
2097 1845 2273 1905 multo
2296 1849 2473 1921 magis
2496 1847 2732 1905 sufficiet
2753 1847 2821 1906 ad
2844 1848 3070 1907 modum
3088 1849 3238 1908 illius
3259 1850 3547 1908 declaran-

1934 1935 2090 1994 dum.
2123 1937 2195 1994 Et
2220 1937 2374 1994 iuxta
2402 1937 2508 1996 boc
2536 1938 2701 1995 etiam
2728 1937 3092 1998 definiendum
3120 1946 3227 2014 est,
3260 1956 3327 1999 an
3360 1941 3545 2015 requi-

1936 2032 2096 2083 ratur
2117 2041 2429 2084 consensus
2452 2027 2641 2101 populi
2662 2026 2731 2086 ad
2751 2027 3004 2087 serendas
3029 2029 3341 2088 huiusmodi
3368 2031 3543 2103 leges,

1935 2116 2156 2190 quando
2188 2117 2401 2175 scilieet
2426 2119 2667 2202 populus
2696 2133 2797 2191 per
2823 2135 2983 2194 reges
3009 2121 3373 2195 gubernatur.
3406 2124 3545 2179 Nam

1934 2221 2034 2280 per
2061 2207 2423 2281 se-loquendo
2450 2216 2507 2266 et
2526 2211 2644 2268 iure
2664 2213 2948 2268 communi
2970 2217 3214 2283 potestas
3241 2212 3551 2286 legislativa

1936 2300 2159 2371 proprie
2186 2305 2272 2356 est
2300 2299 2353 2356 in
2382 2299 2501 2357 solo
2528 2316 2787 2373 supremo
2816 2303 3095 2375 principe,
3131 2309 3194 2360 ut
3228 2308 3452 2360 constat
3478 2317 3549 2359 ex

1936 2387 2148 2446 iuribus
2174 2397 2233 2447 et
2256 2390 2563 2448 rationibus
2592 2390 2869 2464 adductis,
2900 2392 3052 2450 iuxta
3078 2391 3542 2449 consuetudinem

1937 2487 2120 2536 autem
2150 2481 2357 2552 requiri
2386 2483 2587 2554 poterit
2607 2476 2915 2539 consensus
2940 2481 3126 2554 populi
3148 2481 3341 2539 saltem
3362 2479 3549 2555 quoad

1939 2571 2403 2643 acceptationem,
2433 2570 2501 2629 de
2530 2587 2641 2644 quo
2670 2572 2810 2630 inl'ra
2834 2572 3164 2640 videbimus.

2016 2663 2068 2719 3.
2099 2661 2284 2718 Tertio
2308 2676 2377 2719 ex
2404 2659 2486 2718 bis
2516 2662 2743 2736 intelligi
2772 2669 2974 2737 potest,
2999 2663 3135 2738 quid
3154 2663 3448 2722 dicendum
3472 2664 3544 2721 sit

1937 2748 2004 2809 de
2041 2751 2382 2823 principibus
2422 2767 2532 2810 non
2575 2753 2845 2826 supremis
2884 2760 2942 2812 e‘t
2978 2749 3411 2828 magistratibus,
3443 2768 3545 2812 seu

1937 2839 2423 2914 gubernatoribus,
2454 2842 2549 2916 qui
2578 2856 2609 2899 a
2635 2843 2859 2916 regibus
2887 2846 3322 2902 constituuntur.
3346 2845 3547 2912 Quam-

1937 2931 2020 2986 vis
2057 2929 2199 2988 enim
2234 2945 2303 2987 ex
2324 2931 2460 2988 ·iure
2497 2930 2643 2988 civili
2678 2932 2860 3005 colligi
2900 2933 3180 3007 videatur,
3212 2949 3421 3008 omnes,
3451 2933 3550 3008 qui

1940 3028 2073 3079 sunt
2097 3021 2429 3094 principales
2458 3023 2815 3094 magistratus
2844 3023 3104 3081 babentes
3142 3025 3386 3096 regimen
3423 3037 3549 3097 pro-

1939 3111 2269 3182 vinciarum,
2301 3126 2465 3183 posse
2495 3113 2664 3169 etiam
2702 3112 2941 3170 condere
2976 3113 3126 3185 leges
3167 3114 3376 3188 civiles,
3407 3128 3551 3188 quae

1939 3193 2240 3274 praetoriae
2264 3215 2365 3258 seu
2384 3202 2474 3258 ius
2498 3203 2832 3275 praetorium
2854 3203 3113 3276 appellari
3134 3203 3411 3277 solent,de
3434 3219 3549 3278 quo

1939 3298 2128 3350 extant
2155 3291 2342 3365 plures
2370 3291 2514 3350 tituli
2548 3292 2603 3348 in
2629 3293 2750 3349 iure
2780 3292 2955 3366 civili3
2986 3284 3334 3351 nibilo‘minus
3371 3292 3439 3351 de
3466 3294 3548 3350 sa-

1941 3389 2031 3440 cto
2054 3397 2158 3439 non
2183 3396 2485 3454 possumus
2508 3382 2673 3438 aliam
2693 3382 2945 3455 regulam
2969 3385 3268 3458 assignare,
3296 3383 3395 3439 nisi
3415 3397 3552 3440 con·

1941 3472 2267 3544 cessionem,
2298 3471 2383 3530 vel
2409 3471 2823 3545 permissionem
2848 3472 3107 3546 principis
3136 3475 3549 3547 supremi.‘1'an-

1943 3560 2227 3620 tamenim
2254 3567 2581 3636 potestatem
2613 3562 2682 3620 ad
2710 3563 2859 3622 bunc
2890 3572 3076 3623 actum
3107 3564 3310 3623 babent
3337 3563 3556 3622 inferio-

1940 3635 2054 3724 res‘,
2085 3660 2350 3727 quantam
2378 3654 2457 3710 eis
2486 3652 2742 3711 concedit
2776 3670 3073 3728 supremus
3100 3657 3390 3730 princeps,
3420 3654 3550 3730 quia

1939 3743 1994 3798 in
2019 3741 2112 3800 illo
2138 3748 2224 3799 est
2248 3741 2695 3818 independenter,
2721 3744 2775 3800 in
2795 3744 2911 3802 aliis
2933 3761 3064 3803 vero
3087 3761 3217 3803 cum
3239 3745 3550 3819 dependen-

1941 3832 2014 3890 tia
2040 3833 2276 3906 abipso.
2308 3833 2447 3891 Cum
2476 3840 2660 3891 autem
2687 3834 2823 3892 baec
2852 3842 3094 3909 potestas
3121 3836 3425 3894 iurisdictio
3452 3837 3543 3910 sit,

1940 3922 2091 3980 sicut
2109 3922 2414 3980 iurisdictio
2444 3922 2627 3980 baberi
2667 3931 2849 3997 potest
2877 3925 2960 3982 vel
2979 3926 3259 3984 ordinaria
3285 3927 3372 3986 vel
3399 3926 3548 3984 dele·

1941 4017 2088 4086 gata,
2119 4013 2194 4070 ita
2221 4013 2386 4071 etiam
2414 4012 2551 4071 baec
2580 4019 2854 4087 potestas,
2893 4031 3019 4073 nam
3046 4016 3240 4074 eadem
3265 4023 3351 4075 est
3376 4017 3543 4086 rati03

1941 4100 2070 4159 nibil
2096 4103 2242 4159 enim
2272 4102 2477 4176 obstat,
2507 4105 2807 4176 quominus
2836 4103 2971 4162 baec
3000 4113 3247 4179 potestas
3274 4105 3547 4180 delegabi-

1939 4194 2006 4252 lis
2033 4194 2122 4252 sit.
2149 4193 2378 4262 Quando
2404 4200 2586 4252 autem
2614 4211 2725 4252 uno
2754 4195 2835 4253 vel
2862 4196 2972 4254 alio
3001 4196 3163 4254 modo
3185 4195 3545 4270 concedatur,

1940 4300 2008 4342 ex
2035 4283 2374 4342 institutione
2401 4283 2573 4342 officii
2601 4284 2686 4342 vel
2715 4286 2959 4344 muneris
2988 4287 3139 4344 iuxta
3164 4286 3311 4360 leges
3357 4285 3550 4343 unius-

1941 4375 2214 4449 cuiusque
2246 4374 2422 4448 regni,
2453 4374 2539 4432 vel
2565 4391 2632 4432 ex
2662 4376 3085 4448 consuetudine,
3112 4383 3173 4435 ut
3198 4376 3331 4451 dixi,
3363 4376 3449 4434 vel
3476 4391 3546 4434 ex

1941 4464 2243 4539 privilegio,
2274 4470 2372 4523 aut
2396 4465 2613 4537 speciali
2637 4465 2917 4524 voluntate
2936 4473 2994 4524 et
3013 4467 3368 4524 concessione
3395 4465 3545 4539 prin-

1941 4555 2076 4629 cipis
2105 4553 2486 4627 accipiendum
2514 4561 2619 4613 est.
2636 4555 2791 4614 Unde
2820 4563 3058 4630 constat,
3084 4559 3139 4615 in
3159 4557 3412 4630 Hispania
3437 4572 3551 4614 non

1939 4661 2104 4720 posse
2130 4644 2329 4718 duces,
2361 4645 2735 4720 marchiones,
2766 4647 3033 4720 comites,
3064 4654 3123 4705 et
3151 4648 3353 4705 similes
3380 4647 3552 4724 dyna-

1941 4743 2058 4794 stas
2095 4735 2244 4810 leges
2269 4733 2455 4812 Uerre,
2495 4738 2625 4810 quia
2652 4737 2754 4794 soli
2790 4740 2907 4812 regi
2942 4739 3078 4797 baec
3100 4745 3343 4812 potestas
3372 4754 3552 4797 reser-

1942 4832 2069 4884 vata
2089 4834 2196 4884 est.
2221 4827 2359 4884 Nam
2386 4826 2439 4882 in
2468 4825 2507 4883 l.
2549 4831 2639 4899 12,
2672 4829 2755 4886 tit.
2796 4833 2847 4902 1,
2880 4831 3071 4902 partit.
3104 4835 3161 4904 2,
3184 4845 3442 4905 expresse
3470 4830 3555 4888 di-

1941 4918 2119 4991 citur,
2151 4916 2425 4990 principes
2455 4918 2611 4989 regni
2642 4918 2890 4977 subditos
2919 4922 3035 4996 regi
3065 4938 3171 4979 non
3201 4938 3364 4997 posse
3404 4923 3555 4996 leges

1943 5006 2106 5066 ferre.
2136 5008 2348 5081 Estque
2376 5012 2805 5068 consentaneum
2831 5007 2939 5084 legi
2960 5012 3195 5070 naturali
3216 5019 3270 5071 et
3293 5013 3396 5071 iuri
3417 5028 3550 5088 gen-

1943 5097 2102 5169 tium,
2133 5104 2198 5154 ut
2230 5106 2383 5157 recte
2421 5099 2645 5158 deducit
2687 5098 2743 5157 d.
2773 5101 3012 5160 Thomas
3049 5118 3104 5176 q.
3140 5107 3233 5176 90,
3266 5110 3375 5162 art.
3409 5109 3464 5176 3,
3497 5109 3555 5161 et

1943 5186 2014 5244 ibi
2040 5190 2242 5245 caeteri
2274 5189 2525 5263 theologi.
2550 5191 2619 5247 Et
2640 5201 2776 5248 usus
2804 5192 2965 5251 etiam
2988 5191 3150 5249 huius
3174 5195 3324 5266 regni
3352 5192 3405 5250 id
3434 5209 3551 5250 ser-

1941 5283 2054 5335 vat.
2076 5279 2151 5336 De
2168 5293 2279 5353 quo
2306 5278 2477 5338 videri
2504 5284 2693 5352 potest
2720 5280 2886 5338 Azeb.
2917 5282 2968 5340 in
3000 5282 3149 5354 leges
3178 5283 3398 5357 Hispan.
3428 5283 3469 5343 l.
3486 5289 3550 5358 2,
