4325 6267
812 312 939 377 326

732 456 971 515 lominus
1011 461 1255 513 statuere
1296 453 1503 530 aliquid
1530 468 1626 528 per
1666 455 1889 514 modum
1929 459 2331 524 conventionis,

732 553 789 603 et
815 546 965 619 pacti
984 560 1082 603 seu
1112 545 1509 617 promissionis,
1536 552 1601 603 ut
1629 547 1761 603 satis
1788 545 2115 619 explicatum
2142 548 2335 609 est.Et

733 644 867 694 tunc
896 652 1004 694 non
1034 635 1191 695 video
1212 679 1229 708 ,
1258 652 1379 693 esse
1406 638 1773 695 necessariam
1801 637 2153 697 differentiam
2181 640 2330 698 illam

734 728 802 784 de
830 727 949 799 lege
991 726 1232 798 poenali,
1262 726 1347 783 vel
1384 742 1491 783 non
1518 728 1761 801 poenali,
1791 739 1917 787 nam
1953 747 2083 787 cum
2112 730 2335 789 iurisdi-

733 818 917 874 ctione
946 824 1179 891 utraque
1199 816 1315 875 fieri
1341 822 1542 890 potest,
1564 824 1621 875 et
1648 818 1762 875 sine
1788 819 2166 878 iurisdictione
2195 836 2334 877 neu-

736 914 819 965 tra
847 908 977 965 ferri
1018 914 1201 980 potest
1228 913 1489 981 tanquam
1515 924 1645 965 vera
1674 908 1789 982 lex,
1819 912 1874 965 in
1912 912 1967 967 vi
1994 916 2176 968 autem
2205 927 2335 985 pro·

736 996 1009 1056 missionis
1031 1003 1271 1073 utroque
1290 1000 1455 1056 etiam
1476 999 1639 1056 modo
1662 999 1775 1056 fieri
1797 1007 1995 1074 potest3
2022 1002 2168 1060 sicut
2187 1017 2328 1075 quo-

735 1088 861 1147 tidie
882 1090 1020 1146 tiunt
1042 1094 1207 1161 pacta
1227 1088 1497 1159 poenalia,
1522 1088 1604 1147 vel
1632 1090 1780 1147 sicut
1798 1107 1896 1164 per
1918 1091 2334 1149 inobedientiam

732 1185 917 1253 potest
948 1178 1073 1252 quis
1102 1194 1161 1235 se
1182 1179 1453 1237 subiicere
1472 1195 1583 1237 non
1606 1188 1815 1238 tantum
1832 1183 2063 1254 imperio
2084 1182 2334 1253 alterius,

735 1269 831 1327 sed
860 1269 1021 1327 etiam
1048 1270 1611 1328 correctioni.Verum
1643 1277 1825 1329 tamen
1852 1280 1959 1344 est,
1984 1274 2124 1330 hanc
2154 1275 2339 1346 priva-

734 1367 845 1419 tam
866 1359 1272 1417 correctionem
1292 1375 1400 1417 non
1424 1376 1588 1433 posse
1608 1360 1825 1420 extendi
1851 1362 1920 1420 ad
1943 1380 2166 1438 poenas,
2192 1379 2338 1439 quae

616 1518 629 1539 ⁰
740 1468 805 1510 ex
832 1447 1211 1507 iurisdictione
1239 1449 1499 1523 pendent,
1528 1460 1594 1509 ut
1618 1459 1753 1509 sunt
1778 1468 2072 1512 censurae.

814 1543 898 1597 ‘An
923 1553 1053 1596 vero
1074 1538 1207 1596 baec
1236 1546 1441 1597 statuta
1461 1540 1574 1599 fieri
1603 1544 1818 1615 possint
1836 1543 1904 1600 ab
1930 1544 2012 1601 his
2034 1547 2338 1603 communi·

736 1630 940 1689 tatibus
970 1631 1085 1686 sine
1115 1645 1392 1688 consensu
1416 1632 1696 1706 episcopi,
1724 1633 1807 1690 vel
1840 1633 1991 1691 illum
2029 1638 2332 1709 requirant.

735 1718 1039 1778 Dicendum
1064 1726 1184 1792 est,
1216 1719 1362 1793 quod
1393 1721 1438 1777 si
1475 1728 1603 1780 sunt
1631 1724 1887 1796 propriae
1915 1724 2064 1799 leges
2082 1770 2097 1798 ,
2127 1725 2179 1783 id
2207 1742 2339 1798 pen·

736 1812 829 1871 det
852 1826 920 1869 ex
948 1809 1109 1867 modo
1138 1810 1534 1869 iurisdictionis
1556 1855 1571 1883 ,
1600 1819 1658 1871 et
1698 1820 1853 1871 certe
1880 1814 2202 1887 regulariter
2229 1831 2337 1873 non

736 1906 991 1975 possunt,
1014 1900 1117 1958 nisi
1141 1900 1231 1958 ubi
1252 1901 1530 1974 praelatus
1553 1904 1843 1976 proximus
1856 1920 1923 1963 ex
1943 1906 2220 1980 privilegio
2242 1906 2338 1963 ha-

736 1991 829 2049 bet
851 1990 1284 2048 iurisdictionem
1309 1992 1712 2068 episcopalem,
1733 2001 1867 2053 tunc
1897 2003 2079 2054 autem
2102 2013 2337 2055 consen-

738 2098 835 2138 sus
858 2082 979 2138 eius
1000 2080 1257 2153 sufficiet,
1283 2089 1340 2140 et
1361 2086 1709 2143 necessarius
1728 2086 1851 2159 erit,
1878 2086 2008 2160 quia
2028 2086 2081 2142 in
2102 2087 2195 2144 illo
2217 2103 2339 2146 esse

736 2170 878 2229 solet
907 2171 1273 2244 principaliter
1292 2172 1611 2232 iurisdictio.
1636 2173 1824 2243 Quoad
1850 2176 1953 2233 alia
1973 2192 2102 2234 vero
2132 2184 2339 2237 statuta

734 2261 1057 2335 impropria,
1073 2277 1180 2318 non
1202 2263 1402 2335 poterit
1420 2263 1541 2320 talis
1561 2266 1926 2324 communitas
1950 2266 2064 2323 sine
2086 2283 2190 2324 suo
2215 2284 2341 2340 pro·

736 2353 880 2410 ximo
906 2352 1083 2425 capite
1115 2353 1299 2423 facere
1327 2361 1595 2413 statutum
1614 2396 1631 2427 ,
1660 2356 1789 2430 quia
1815 2358 1927 2413 sine
1958 2356 2047 2414 illo
2074 2373 2178 2416 nec
2208 2358 2340 2433 legi-

739 2445 869 2500 time
893 2445 1222 2518 congregari
1240 2451 1440 2518 potest,
1465 2461 1568 2503 nec
1590 2445 1770 2504 facere
1792 2462 1965 2503 unum
1988 2464 2194 2521 corpus
2217 2465 2340 2521 per-

736 2534 965 2593 fectum.
1008 2533 1363 2592 Nihilominus
1390 2540 1573 2592 tamen
1606 2538 1972 2596 communitas
1998 2554 2129 2595 cum
2166 2540 2342 2612 capite

739 2624 1073 2700 congregata
1123 2625 1325 2698 poterit
1363 2625 1545 2683 facere
1594 2632 1862 2685 statutum
1904 2630 2016 2685 sine
2064 2645 2340 2689 consensu

740 2715 961 2787 speciali
988 2716 1073 2772 sui
1102 2714 1302 2787 proprii
1331 2714 1575 2787 praeisti,
1600 2717 1729 2791 quia
1755 2719 1955 2790 poterit
1980 2721 2198 2778 vincere
2227 2736 2340 2777 ma·

742 2807 822 2865 ior
842 2822 971 2879 pars
1000 2806 1227 2877 capituli
1248 2812 1445 2864 contra
1470 2807 1789 2883 suffragium
1812 2808 2061 2881 praelati,
2076 2790 2181 2884 ⁸qui
2207 2817 2341 2868 tunc

742 2914 853 2955 non
884 2903 1145 2970 operatur
1174 2912 1271 2971 per
1298 2912 1378 2969 se,
1410 2903 1465 2955 et
1492 2914 1595 2955 sua
1622 2898 1882 2973 singulari
1910 2906 2180 2972 potestate
2200 2944 2215 2974 ,
2245 2900 2342 2959 sed

742 2993 806 3045 ut
824 3004 955 3059 pars
978 2989 1385 3045 communitatis
1405 2988 1725 3061 praecipua,
1746 2990 1891 3047 sicut
1908 2991 1963 3046 in
1986 2990 2230 3062 capitulo
2250 3006 2343 3049 ec-

742 3078 942 3136 clesiae
970 3078 1297 3136 cathedralis
1335 3085 1517 3152 potest
1542 3078 1651 3136 fieri
1691 3085 1958 3138 statutum
1987 3088 2184 3139 contra
2211 3098 2337 3154 spe-

744 3170 881 3228 ciale
906 3169 1225 3243 suffragium
1262 3168 1492 3239 decani,
1522 3184 1617 3226 seu
1650 3169 2022 3242 praesidentia.
2053 3174 2235 3244 Atque
2271 3171 2341 3229 de

744 3262 827 3319 his
854 3262 1075 3321 statutis
1104 3278 1295 3319 verum
1321 3268 1437 3333 est,
1468 3259 1618 3334 quod
1645 3262 1835 3318 lnnoc.
1864 3267 1922 3317 et
1948 3260 2032 3317 alii
2059 3259 2335 3333 dicebaut,

744 3369 851 3410 non
871 3368 992 3410 esse
1012 3352 1385 3411 necessarium
1407 3365 1738 3408 consensum
1762 3350 2021 3423 episcopi:
2041 3349 2184 3407 idem
2209 3366 2338 3409 vero

714 3448 721 3462 ¹
742 3450 850 3516 est,
873 3450 1087 3501 servata
1115 3444 1489 3516 proportione,
1514 3440 1581 3497 de
1608 3440 1849 3513 capitulo
1869 3440 2134 3497 ecclesiae
2154 3441 2341 3499 cathe-

744 3532 939 3601 dralis,
972 3538 1035 3591 ut
1068 3549 1237 3605 supra
1264 3531 1475 3590 dictum
1510 3538 1613 3589 est.
1646 3532 1871 3603 Semper
1897 3537 2077 3589 tamen
2107 3531 2214 3589 erit
2247 3548 2342 3590 ne-

743 3626 1066 3695 cessarium,
1088 3632 1151 3682 ut
1167 3624 1461 3696 episcopus
1482 3638 1589 3679 non
1610 3622 1974 3694 contradicat,
1996 3638 2123 3679 nam
2146 3622 2337 3696 quoad

740 3714 846 3773 hoc
892 3729 1108 3787 semper
1152 3713 1315 3771 habet
1362 3713 1701 3786 superiorem
1760 3712 2212 3770 iurisdictionem.
2253 3716 2334 3771 Ac

742 3806 977 3878 denique
1004 3805 1057 3861 in
1099 3803 1185 3860 his
1212 3802 1462 3861 omnibus
1503 3802 1743 3860 multum
1769 3810 1951 3876 potest
1987 3804 2169 3861 valere
2205 3820 2343 3861 con-

741 3896 999 3953 suetudo.

827 3991 916 4044 12.
947 3986 1188 4060 Denique
1216 4000 1281 4041 ex
1318 3982 1482 4042 dictis
1510 3990 1759 4055 constat,
1788 3983 1921 4059 quid
1947 3985 2246 4044 dicendum
2273 3987 2340 4044 sit

743 4076 811 4134 de
840 4075 1111 4149 religiosis
1131 4073 1633 4145 communitatibus3
1660 4073 1863 4133 habent
1880 4077 2023 4132 enim
2052 4092 2209 4134 suam
2237 4093 2336 4149 88-

745 4171 999 4225 testatem
1028 4162 1233 4222 serendi
1261 4165 1482 4236 propria
1510 4170 1745 4237 statuta,
1774 4172 1829 4222 et
1864 4165 2044 4238 leges,
2076 4172 2141 4223 ut
2175 4166 2343 4226 videri

744 4254 929 4329 potest
952 4271 1019 4313 ex
1048 4256 1235 4311 18888.
1260 4258 1319 4311 in
1345 4269 1467 4328 cap.
1483 4255 1559 4311 In
1586 4255 1853 4329 singulis,
1884 4254 1951 4312 de
1981 4262 2130 4314 statu
2156 4272 2345 4313 mona·

744 4346 1000 4404 chorum.
1023 4345 1170 4413 Quae
1212 4350 1452 4417 potestas
1481 4351 1721 4418 utroque
1746 4345 1907 4403 modo
1934 4344 2083 4404 dicto
2120 4346 2344 4419 intelligi

744 4442 947 4509 potest,
970 4450 1095 4492 nam
1124 4434 1176 4491 in
1204 4434 1558 4507 religionibus
1580 4441 1637 4492 et
1656 4442 1743 4492 est
1763 4434 2021 4509 obligatio
2044 4453 2111 4494 ex
2129 4438 2184 4493 vi
2214 4452 2341 4509 pro-

746 4526 1013 4584 missionis
1038 4530 1095 4583 et
1118 4527 1232 4583 voti
1259 4524 1611 4598 obedientiae,
1642 4533 1699 4583 et
1724 4532 1806 4583 est
1830 4526 2137 4585 iurisdictio
2165 4528 2344 4585 eccle·

746 4616 965 4675 siastica
991 4632 1022 4673 a
1060 4616 1288 4673 summis
1328 4616 1677 4673 Pontificibus
1708 4616 1857 4674 iuxta
1898 4617 2346 4693 uniuscuiusque

748 4708 1025 4782 privilegia
1048 4706 1275 4780 singulis
1302 4722 1591 4764 concessa.
1615 4709 1675 4764 ln
1696 4722 1806 4781 quo
1834 4722 1965 4765 vero
1990 4710 2062 4765 sit
2082 4709 2219 4767 haec
2248 4724 2346 4781 po-

747 4806 948 4870 testas,
978 4795 1188 4856 scilicet
1213 4797 1295 4855 vel
1324 4798 1377 4855 in
1408 4815 1667 4872 supremo
1696 4797 1967 4871 praelato,
1997 4797 2083 4855 vel
2112 4800 2166 4856 in
2201 4799 2348 4872 capi·

751 4890 868 4948 tulo
905 4885 1145 4963 generali
1170 4893 1268 4946 aut
1302 4887 1656 4960 provinciali,
1685 4887 1773 4947 vel
1798 4890 1854 4947 in
1896 4895 2129 4963 utroque
2156 4889 2344 4962 simul,

751 4996 861 5039 non
882 4994 1177 5055 possumus
1206 4978 1351 5038 idem
1371 4976 1440 5039 de
1468 4981 1725 5040 omnibus
1750 4979 2001 5056 definire,
2022 4980 2119 5039 sed
2142 4997 2347 5039 consu·

2209 330 2424 410 LIBER·
2437 330 2510 381 lv
2517 359 2535 377 .

2403 455 2561 514 lenda
2581 460 2666 513 est
2685 454 3122 528 uniuscuiusque
3142 454 3358 527 regula,
3379 455 3510 528 quia
3539 460 3732 511 votum
3754 451 4008 511 obedien-

2400 549 2507 605 tiae
2536 542 2842 603 secundum
2861 543 3006 602 illam
3033 544 3114 617 fit,
3137 550 3192 601 et
3219 540 3519 603 iurisdictio
3541 544 3814 617 pontificia
3839 547 4008 601 etiam

2401 636 2566 695 datur
2607 635 2910 710 unicuique
2937 635 3006 693 ad
3045 633 3344 709 regendum
3371 634 3679 694 seeundum
3718 634 3912 707 illam3
3955 640 4016 693 et

2401 728 2524 787 ideo
2549 730 2704 786 iuxta
2737 725 2964 785 modum
2995 730 3262 784 statutum
3288 726 3343 784 in
3381 725 3570 800 regula
3597 726 3704 784 erit
3730 726 3864 784 11888
3907 742 4012 799 po·

2407 824 2576 875 testas
2607 817 2662 874 in
2689 832 3020 890 unaquaque
3044 816 3327 893 religione.
3345 818 3428 875 An
3455 832 3584 874 vero
3610 816 3681 874 ad
3715 817 4008 874 essentiam

2400 908 2681 983 religionis
2719 909 2989 983 pertineat
3027 905 3228 965 habere
3255 907 3531 981 propriam
3575 906 4011 989 iurisdictionem

2401 997 2856 1069 ecclesiasticam,
2883 996 2966 1055 vel
2988 996 3246 1055 sufficere
3268 1004 3451 1070 posset
3477 1004 3740 1070 potestas,
3769 1012 3910 1071 quae
3937 1013 4010 1055 ex

2403 1095 2531 1147 voto
2571 1087 2900 1167 obedientiae
2939 1087 3228 1145 intrinsece
3253 1088 3532 1162 nascitur,
3579 1088 3632 1144 in
3671 1094 3912 1147 tractatu
3937 1086 4012 1145 de

2405 1186 2558 1238 statu
2588 1177 2864 1251 religionis
2890 1177 3189 1236 dicendum
3215 1183 3318 1238 est..

2489 1275 2577 1330 13.
2608 1269 2808 1329 Ultimo
2837 1269 3162 1343 interrogari
3191 1275 3371 1342 potest
3395 1269 3447 1327 in
3475 1270 3772 1343 praesenti,
3801 1270 4010 1343 quibus

2403 1360 2687 1435 delegetur
2715 1358 2852 1417 haec
2889 1365 3132 1431 potestas
3158 1359 3533 1417 ecelesiastica
3559 1360 3628 1417 ad
3661 1360 3808 1433 leges
3834 1359 4015 1417 feren·

2403 1449 2522 1508 das.
2551 1449 2709 1519 Quod
2735 1456 2920 1522 potest
2943 1447 3031 1507 vel
3055 1448 3124 1507 de
3151 1449 3427 1521 possibili,
3455 1449 3540 1507 vel
3565 1448 3635 1507 de
3661 1449 3808 1507 iacto
3835 1464 4008 1525 quae⁴

2405 1543 2481 1613 ri3
2514 1547 2894 1599 verumtamen
2921 1540 3026 1598 boc
3069 1542 3346 1612 posterius
3373 1557 3483 1598 non
3519 1539 3666 1598 cadit
3691 1538 3794 1598 sub
3831 1542 4017 1597 scien·

2407 1634 2560 1703 tiam,
2593 1633 2724 1707 quia
2749 1647 2856 1690 non
2885 1637 2974 1689 est
2999 1646 3090 1689 res
3116 1630 3270 1697 iuris,
3302 1630 3399 1688 sed
3422 1631 3578 1702 facti,
3599 1630 3910 1705 pendetque
3936 1646 4009 1688 ex

2407 1720 2687 1780 voluntate
2717 1722 2950 1781 bominis
2977 1720 3280 1797 delegantis
3298 1760 3315 1791 ,
3345 1737 3488 1795 quae
3517 1723 3726 1779 incerta
3749 1728 3806 1779 et
3834 1722 4016 1778 varia-

2403 1812 2526 1871 bilis
2570 1818 2672 1869 est.
2706 1816 2782 1877 De
2828 1812 2949 1870 iure
2996 1819 3182 1871 autem
3229 1812 3380 1870 nulla
3424 1813 3569 1871 iacta
3613 1818 3702 1870 est
3740 1810 4012 1885 delegatio

2403 1905 2570 1963 huius
2600 1906 2918 1979 potestatis,
2949 1918 3073 1961 nam
3103 1903 3228 1976 illa,
3255 1918 3398 1977 quae
3427 1904 3595 1960 estin
3627 1902 3806 1975 legato
3833 1900 4016 1959 Ponti-

2407 1995 2543 2070 fieis,
2562 2012 2670 2053 non
2699 2000 2958 2053 censetur
2977 2010 3099 2053 esse
3127 1992 3399 2068 delegata,
3421 1991 3518 2050 sed
3538 1991 3824 2063 ordinaria3
3845 1989 4016 2048 idem-

2408 2102 2516 2159 que
2539 2092 2627 2143 est
2647 2085 2714 2143 de
2740 2090 3029 2159 potestate,
3051 2100 3218 2157 quam
3245 2080 3480 2142 diximus
3505 2098 3626 2140 esse
3651 2085 3708 2139 18
3733 2081 4016 2155 religioni-

2408 2176 2548 2247 bus,
2577 2184 2634 2233 et
2671 2175 2959 2233 similibus.
2987 2177 3064 2233 De
3101 2174 3344 2249 possibili
3379 2181 3564 2233 autem
3589 2173 3696 2230 erit
3729 2172 4008 2247 quaestio,

2407 2282 2477 2325 an
2517 2267 2653 2325 haec
2683 2272 2926 2339 potestas
2951 2264 3262 2340 delegabilis
3290 2264 3391 2339 sit,
3421 2280 3588 2339 quam
3629 2261 4012 2335 expedivimus

2405 2356 2501 2415 lib.
2526 2358 2628 2430 111,
2657 2354 2894 2428 cap.1V.
2925 2357 2978 2412 in
3019 2354 3156 2427 fine,
3185 2360 3244 2411 et
3279 2354 3369 2412 illa
3408 2354 3668 2412 resolutio
3705 2352 3794 2409 1118
3831 2351 4006 2424 88811-

2409 2448 2584 2507 canda
2611 2454 2724 2517 est,
2753 2462 2877 2505 nam
2906 2446 3041 2503 haec
3071 2451 3332 2519 potestas,
3347 2462 3414 2503 eo
3435 2444 3585 2519 quod
3613 2448 4010 2517 supernatura-

2403 2537 2472 2595 118
2497 2540 2590 2609 sit,
2621 2537 2748 2595 nibil
2777 2537 2939 2595 babet
2975 2551 3292 2609 repugnans
3319 2534 3666 2609 delegationi,
3696 2550 3819 2591 nam
3847 2535 4014 2591 etiam

2409 2628 2713 2687 iurisdictio
2749 2626 3127 2685 ecclesiastica
3153 2624 3462 2701 delegabilis
3487 2635 3606 2699 est3
3645 2623 3782 2682 11888
3825 2630 4016 2683 autem

2407 2725 2646 2792 potestas
2670 2734 2795 2791 pars
2817 2715 3086 2791 quaedam
3105 2723 3192 2773 est
3209 2716 3354 2773 illius
3388 2714 3801 2774 iurisdictionis.
3817 2713 4012 2772 Solum

2407 2808 2952 2884 potestconsiderari,
2968 2805 3361 2882 delegationem
3387 2807 3530 2864 hanc
3553 2812 3808 2879 respectu
3845 2804 4014 2863 unius

2409 2901 2492 2979 vel
2518 2900 2744 2959 alterius
2771 2898 3238 2973 congregationis,
3263 2899 3348 2956 vel
3379 2898 3691 2970 provinciae
3713 2896 3873 2955 facile
3898 2896 4014 2955 fleri

2413 3007 2595 3066 posse,
2628 3006 2754 3047 nam
2781 2988 2930 3047 sicut
2959 2988 3205 3048 Pontifex
3224 3006 3326 3046 suo
3353 2989 3532 3063 legato
3561 2987 3710 3046 dedit
3733 2988 3880 3045 banc
3907 3002 4009 3059 po-

2409 3088 2662 3140 testatem
2692 3087 2755 3138 ut
2769 3078 3129 3147 ordinariam,
3163 3081 3240 3137 ita
3265 3086 3448 3152 potest
3471 3095 3592 3136 eam
3621 3078 3880 3153 delegare
3903 3094 4011 3137 suo
4101 3078 4110 3095 ‘

2410 3174 2680 3246 delegato,
2711 3179 2769 3230 et
2793 3170 2936 3229 idem
2965 3182 3051 3229 est
3075 3170 3142 3229 de
3171 3170 3428 3244 praelatis
3455 3170 3786 3246 religionum
3803 3213 3820 3244 ,
3848 3176 3906 3228 et
3931 3171 4010 3227 si-

2409 3264 2628 3322 milibus
2647 3283 2664 3335 ς
2688 3261 3030 3319 nibilominus
3054 3266 3234 3319 tamen
3255 3267 3516 3335 respectu
3543 3263 3710 3319 totius
3729 3262 4012 3320 Ecclesiae

2409 3340 2628 3412 videtur
2669 3352 2775 3409 1188
2817 3351 3238 3423 moderandum,
3281 3366 3406 3408 nam
3433 3352 3616 3426 quoad
3643 3351 4008 3409 consultatio-

2409 3460 2532 3502 nem
2550 3482 2566 3515 ,
2597 3449 2655 3500 et
2686 3441 2956 3500 iudicium
2982 3440 3048 3498 de
3075 3441 3446 3499 convenientia
3475 3441 3626 3515 legis,
3657 3448 3714 3499 et
3739 3440 3906 3499 modo
3931 3442 4012 3498 se-

2409 3534 2560 3593 rendi
2589 3534 2734 3591 illam
2754 3575 2769 3606 ,
2798 3532 2960 3591 facile
2995 3533 3156 3590 etiam
3184 3535 3384 3605 poterit
3409 3533 3530 3590 talis
3566 3531 3832 3607 delegatio
3869 3533 4008 3605 fieri,

2409 3633 2470 3685 ut
2496 3642 2594 3700 per
2621 3640 2680 3681 88
2709 3629 2949 3682 constat.
2977 3626 3049 3681 At
3085 3638 3213 3679 vero
3240 3621 3424 3698 quoad
3451 3623 3762 3681 absolutam
3795 3624 4010 3698 legisla-

2408 3716 2640 3786 tionem,
2666 3730 2767 3787 per
2804 3730 2969 3788 quam
2995 3713 3083 3771 lex
3121 3713 3352 3786 accipiat
3379 3713 3484 3771 vim
3522 3713 3798 3787 obligandi
3835 3720 4010 3771 totam

2406 3805 2710 3863 Ecclesiam
2759 3804 2966 3877 absque
3004 3802 3229 3876 speciali
3269 3804 3658 3877 approbatione
3698 3804 4006 3875 pontificis,

2409 3912 2519 3953 non
2549 3895 2763 3952 videtur
2787 3893 2905 3951 talis
2928 3900 3168 3966 potestas
3189 3908 3350 3965 posse
3371 3892 3628 3966 delegari,
3643 3895 3752 3951 imo
3767 3910 3872 3950 nec
3893 3894 4010 3952 ullo

2409 3984 2570 4044 modo
2599 3985 2754 4043 alteri
2781 3984 3074 4042 committi.
3105 3985 3264 4041 Ratio
3290 3989 3406 4055 est,
3436 3986 3570 4057 quia
3595 3984 3742 4057 leges
3781 3985 4012 4041 canoni..

2410 4091 2508 4134 cae
2548 4074 2854 4148 obligantes
2884 4080 3056 4131 totam
3083 4072 3388 4131 Ecclesiam
3429 4074 3704 4145 proficisci
3745 4073 3948 4131 debent
3975 4090 4010 4131 a

2412 4171 2676 4239 potestate
2693 4206 2708 4236 ,
2739 4179 2882 4239 quae
2909 4164 2960 4220 18
2989 4164 3154 4221 181188
3181 4163 3249 4222 ad
3275 4179 3458 4220 mores
3485 4164 3882 4235 pertinentibus
3917 4180 4010 4221 er-

2411 4271 2535 4313 rare
2579 4271 2689 4312 non
2726 4254 2930 4327 possit:
2979 4253 3112 4311 baec
3139 4259 3322 4310 autem
3349 4258 3593 4325 potestas
3619 4270 3749 4311 cum
3777 4253 4011 4327 pendeat

2412 4347 2480 4404 ab
2517 4345 2736 4420 speciali
2783 4344 3080 4403 directione
3122 4344 3352 4416 Spiritus
3391 4346 3567 4401 sancti
3601 4345 3845 4403 Pontifici
3878 4361 4009 4419 pro-

2411 4438 2600 4511 missa,
2623 4434 2936 4509 delegabiiis
2963 4450 3071 4491 non
3098 4440 3206 4505 est,
3237 4434 3382 4491 sicut
3425 4450 3528 4492 nec
3578 4415 3821 4508 potesta's
3875 4435 4010 4493 defi-

2413 4526 2592 4585 niendi
2610 4568 2626 4599 ,
2653 4531 2718 4584 ut
2741 4542 2807 4583 ex
2835 4526 3055 4597 propria
3093 4524 3324 4582 materia
3343 4540 3614 4598 suppono,
3637 4532 3693 4583 et
3731 4525 3852 4585 ideo
3897 4543 4007 4586 nec

2412 4623 2654 4691 potestas
2695 4615 2992 4689 legislativa
3031 4630 3132 4686 pro
3181 4620 3296 4672 tota
3334 4615 3582 4673 Ecclesia
3607 4622 3696 4673 est
3725 4616 3815 4674 1118
3843 4617 4010 4676 modo

2411 4707 2745 4783 delegabiliS,
2771 4705 2855 4761 vel
2883 4712 3036 4762 certe
3065 4705 3256 4763 saltem
3284 4721 3394 4762 non
3423 4712 3510 4763 est
3547 4705 3638 4762 illo
3674 4706 3835 4765 modo
3863 4704 4012 4777 dele-

2412 4798 2622 4873 ganda,
2653 4813 2722 4854 ne
2771 4803 2885 4853 tota
2911 4794 3161 4854 Ecclesia
3185 4790 3432 4869 periculo
3459 4796 3692 4857 alicuius
3716 4801 3927 4857 erroris
3951 4799 4007 4857 in

2413 4905 2474 4949 re
2512 4897 2625 4948 tam
2663 4887 2818 4963 gravi
2842 4892 3166 4961 exponatur.
