4325 6267
861 340 903 401 8
2272 358 2473 413 unm
2514 358 2562 406 1.

781 496 879 553 pro
909 481 1056 555 lege,
1082 487 1171 538 est
1195 482 1334 541 ratio
1362 480 1532 555 ipsius
1560 483 1686 540 boni
1725 490 1782 539 et
1815 483 1964 553 iusti,
2007 489 2070 539 ut
2105 481 2360 539 diximus.

781 571 878 629 llh
905 577 1089 629 autem
1115 570 1394 629 distinctio
1420 572 1554 628 iuris
1581 573 1650 629 ab
1677 587 1854 646 aequo
1879 580 1937 631 et
1973 573 2118 629 hono
2146 577 2367 629 constat

777 676 842 719 ex
871 660 1082 734 multis,
1112 676 1256 735 quae
1283 660 1453 718 refert
1477 660 1788 720 Ludovicus
1815 663 1972 720 Vives
2003 662 2054 718 in
2084 662 2262 720 schol.
2294 660 2363 718 ad

777 755 1014 825 August.
1047 749 1139 807 lib.
1174 756 1229 809 2.
1261 748 1334 807 de
1363 753 1539 809 civit.
1567 768 1622 808 c.
1663 755 1748 811 17.
1769 754 1861 811 Sic
1880 753 2022 811 enim
2044 751 2181 810 dixit
2199 752 2363 820 Quin-

780 839 994 897 tilianus
1020 840 1092 897 lib
1123 843 1181 897 ⁴:
1211 836 1442 897 Iudicis
1479 845 1710 898 natura
1745 840 2044 899 noscenda
2082 844 2195 908 est,
2238 842 2365 897 iuri

775 931 990 1004 maqi-s,
1026 944 1111 986 an
1136 944 1321 1002 aequo
1349 931 1430 985 sit
1457 934 1750 1004 opposita.
1782 932 1851 988 Et
1880 930 1972 987 lib.
2004 935 2058 989 6:
2090 936 2227 990 Iure
2245 944 2361 1004 pu-

775 1018 1101 1093 ynandam.
1126 1033 1210 1076 an
1235 1018 1456 1091 aequo?
1483 1020 1553 1076 Et
1577 1020 1754 1077 Cicer.
1791 1021 1842 1076 in
1868 1022 2068 1077 Bruto:
2105 1023 2365 1079 Crassus

775 1108 973 1167 malta
991 1115 1121 1167 tam
1147 1112 1362 1165 contra
1385 1112 1667 1183 scriptum
1692 1126 1802 1183 pro
1823 1126 2010 1183 aequo
2029 1114 2085 1167 ει
2105 1109 2253 1166 bono
2273 1106 2369 1163 dt-

774 1204 889 1257 xit.
921 1202 1072 1256 Hanc
1099 1213 1234 1271 ergo
1260 1196 1648 1256 dubitationem
1677 1202 1932 1272 proponit
1957 1198 2273 1256 Aristoteles
2303 1204 2360 1255 5.

775 1292 972 1348 Etkie.
997 1290 1296 1358 c.10,etin
1319 1303 1532 1344 summa
1553 1289 1867 1360 respondet,
1889 1290 2219 1363 aequitatem
2239 1302 2361 1344 esse

777 1380 906 1435 iusti
931 1376 1384 1461 emendationem.
1429 1377 1509 1434 Ad
1539 1377 1688 1451 quod
1725 1379 2161 1451 intelligendum,
2195 1393 2359 1434 voees

775 1468 906 1523 iusti
931 1475 987 1523 et
1014 1466 1193 1540 aequi,
1217 1472 1274 1523 et
1290 1466 1528 1523 iustitiae
1549 1482 1614 1524 ac
1638 1470 1926 1541 aequitatis
1948 1468 2361 1542 distinguendae

777 1562 926 1612 suut.
959 1556 1166 1627 Duplex
1187 1555 1434 1611 estenim
1461 1557 1690 1613 iustum:
1720 1574 1888 1613 uuum
1911 1558 2183 1627 naturale,
2214 1556 2365 1631 quod

752 1638 760 1645 ’
774 1652 860 1701 est
871 1652 1082 1701 rectum
1095 1644 1402 1701 secundum
1417 1644 1718 1702 naturalem
1735 1646 2019 1717 rationem,
2034 1646 2183 1721 quod
2204 1662 2364 1704 num-

778 1750 942 1809 quam
973 1734 1186 1805 delieit,
1221 1736 1266 1790 si
1307 1734 1443 1791 ratio
1481 1750 1589 1790 non
1635 1742 1802 1792 erret.
1840 1733 1996 1792 Aliud
2034 1742 2119 1793 est
2153 1738 2363 1792 iustum

777 1824 972 1898 legale,
1004 1822 1056 1880 id
1077 1829 1163 1880 est
1188 1822 1336 1896 quod
1363 1824 1478 1897 lege
1499 1823 1735 1882 humana
1758 1826 2140 1897 constituitur,
2154 1833 2211 1882 et
2231 1826 2359 1897 hoc,

777 1915 909 1972 licet
936 1916 986 1970 in
1019 1913 1313 1970 universali
1343 1915 1548 1971 iustum
1570 1915 1658 1986 sit,
1683 1914 1824 1972 solet
1841 1918 1897 1972 in
1928 1917 2245 1988 particulari
2267 1914 2361 1973 de·

775 2006 958 2062 licere.
987 2006 1102 2062 Nec
1126 2011 1418 2078 propterea
1441 2004 1524 2062 lex
1547 2006 1746 2061 iniusta
1764 2012 1872 2077 est,
1889 2007 2014 2079 quia
2033 2021 2256 2063 necesse
2276 2010 2361 2063 est

775 2094 1156 2152 universaliter
1189 2093 1336 2150 l'erri:
1376 2092 1624 2151 desectus
1661 2100 1844 2151 autem
1873 2095 1889 2170 (
1909 2098 1984 2152 ait
2019 2094 2358 2168 Aristoteles)

775 2200 884 2242 non
911 2198 978 2241 ex
1007 2183 1341 2257 legislatore,
1373 2182 1469 2239 sed
1493 2200 1560 2240 ex
1587 2187 1811 2241 materia
1838 2188 1955 2257 ipsa
1991 2187 2261 2259 provenit.
2292 2188 2363 2243 Et

773 2276 924 2331 iuxta
947 2272 1052 2329 hoc
1071 2272 1273 2343 duplex
1295 2274 1502 2329 iustum
1523 2271 1725 2345 duplex
1744 2290 1874 2330 cum
1897 2276 2245 2347 proportione
2264 2291 2360 2347 po-

775 2370 886 2421 test
908 2361 1161 2435 distingui
1189 2362 1408 2434 iustitiai,
1437 2361 1738 2435 eodemque
1765 2364 1926 2421 modo
1955 2363 2243 2436 dupliciter
2269 2380 2363 2420 so-

774 2452 850 2511 let
875 2452 1052 2524 accipi
1069 2454 1334 2524 aequitas:
1367 2468 1478 2508 uno
1501 2452 1662 2509 modo
1685 2468 1784 2525 pro
1805 2454 2078 2527 aequitate
2098 2453 2357 2523 naturali,

774 2558 920 2617 quae
947 2541 1138 2599 eadem
1166 2548 1252 2598 est
1277 2556 1406 2598 cum
1436 2542 1640 2599 iustitia
1667 2544 1923 2616 naturali,
1955 2551 2013 2601 et
2037 2543 2110 2600 illi
2137 2559 2363 2616 respon·

773 2632 866 2689 det
891 2646 1153 2705 aequum,
1185 2639 1353 2702 prout
1378 2629 1520 2687 idem
1547 2638 1652 2703 est,
1678 2631 1826 2705 quod
1855 2634 2063 2689 iustum
2083 2631 2355 2703 naturale,

773 2722 906 2779 etin
935 2720 1039 2778 hoc
1075 2736 1244 2777 sensu
1274 2719 1578 2793 loquuntur
1607 2722 1780 2794 saepe'
1795 2721 1970 2779 civilia
2005 2725 2124 2779 iura
2163 2720 2233 2780 de
2271 2736 2361 2779 ae-

775 2812 987 2885 quitate
1021 2810 1276 2883 naturali,
1309 2810 1446 2866 utin
1479 2810 1516 2866 1.
1549 2817 1598 2881 1,
1621 2818 1654 2877 s
1679 2814 1732 2867 si
1745 2809 1941 2884 filias,
1974 2812 2031 2868 ff.
2057 2812 2126 2869 de
2166 2812 2279 2868 suis
2305 2818 2362 2869 et

775 2899 997 2973 legitim.
1030 2897 1249 2955 haered.
1281 2898 1570 2956 Naturali
1596 2903 1892 2973 aequitate
1917 2906 2152 2976 nepotes
2184 2903 2251 2958 in
2276 2900 2362 2973 fi-

775 2988 994 3046 liuram
1023 2987 1218 3045 locum
1244 2986 1588 3057 mecedem,-
1608 2996 1667 3046 et
1689 2988 1726 3045 1.
1766 2993 1815 3061 1,
1847 2990 1902 3047 fl'.
1926 2989 1994 3047 de
2020 2990 2361 3063 requirendis

753 3081 900 3135 reis:
931 3081 1256 3152 Aequitatis
1278 3081 1436 3135 ratio
1455 3094 1575 3135 non
1585 3082 1842 3153 patitur,
1869 3080 2146 3137 inaudita
2163 3096 2361 3139 causa

770 3184 943 3243 quem
981 3166 1382 3227 condemnari.
1415 3170 1486 3225 Et
1511 3167 1640 3225 huic
1669 3169 1923 3242 aequitati
1952 3171 2245 3243 respondet
2270 3187 2359 3229 ae-

770 3273 944 3330 quum
975 3257 1299 3329 generaliter
1327 3256 1558 3315 dictum.
1592 3258 1792 3331 Sicque
1828 3258 2029 3317 dicitur
2060 3260 2112 3315 in
2140 3260 2177 3315 l.
2208 3276 2355 3317 nam

769 3346 896 3412 hoc,
933 3345 987 3401 fl.
1019 3345 1092 3402 de
1115 3344 1281 3425 cond.
1313 3346 1555 3403 indebiti:
1581 3350 1704 3402 Hoc
1721 3352 1948 3405 natura
1968 3364 2223 3421 aequum
2246 3352 2349 3417 est,

769 3438 1062 3491 neminem
1081 3450 1215 3492 etim
1236 3434 1490 3492 alterius
1503 3441 1852 3493 nocumento
1869 3435 2241 3511 locupletari.
2263 3439 2359 3493 At-

769 3539 879 3598 que
908 3524 1155 3595 aequitas
1192 3524 1297 3580 hoc
1327 3523 1492 3581 modo
1532 3531 1751 3595 sumpta
1789 3540 1894 3580 non
1933 3531 2018 3582 est
2051 3524 2354 3582 emendatio

768 3614 929 3685 iuris,
960 3611 1056 3668 sed
1086 3614 1268 3683 potius
1297 3613 1450 3684 origo
1479 3629 1576 3669 seu
1599 3614 1786 3686 regula
1807 3614 2000 3687 ipsius,
2023 3614 2175 3671 iuxta
2200 3615 2236 3671 l.
2257 3619 2351 3688 91,

769 3702 826 3758 ff.
858 3700 926 3757 de
951 3716 1068 3773 reg.
1102 3701 1266 3757 iuris:
1297 3706 1368 3757 In
1401 3701 1696 3769 omnibus,
1741 3707 2010 3761 maxime
2050 3709 2253 3767 tamen
2289 3709 2357 3763 iu

767 3793 915 3858 iare,
949 3792 1220 3863 aequitas
1247 3790 1573 3865 spectanda
1597 3798 1705 3869 εει.

847 3878 962 3936 Alio
984 3894 1113 3936 vero
1135 3880 1295 3935 modo
1318 3882 1555 3937 sumitur
1575 3866 1822 3956 aequitas
1845 3897 1942 3953 pro
1964 3881 2217 3957 prudenti
2240 3900 2355 3939 mo-

769 3968 1046 4025 deratione
1091 3967 1224 4041 legis
1265 3969 1495 4042 scriptae
1538 3979 1752 4042 praeter
1791 3972 2025 4045 rigorem
2062 3974 2357 4031 verborum

769 4061 908 4131 eius,
939 4066 994 4115 et
1022 4060 1104 4115 sic
1126 4057 1328 4115 dicitur
1346 4060 1544 4131 opponi
1569 4060 1758 4117 stricto
1781 4060 1904 4129 iuri,
1930 4062 1984 4117 in
2010 4060 2046 4115 Ι.
2061 4066 2118 4126 2,
2131 4063 2345 4129 sitem,

771 4149 826 4207 ll'.
857 4147 924 4204 de
952 4164 1096 4221 aqua
1122 4146 1302 4217 pluvia
1330 4164 1515 4205 arcen.
1557 4151 1748 4223 sicque
1783 4147 1916 4207 dixit
1951 4151 2167 4207 Terent.
2202 4155 2355 4210 Inte-

769 4240 897 4295 rius
924 4241 980 4294 ει
1005 4239 1370 4311 aequitatem
1395 4238 1506 4295 hoe
1523 4242 1791 4306 interest:
1811 4242 1906 4295 ius
1926 4244 2030 4306 est,
2057 4238 2213 4312 quod
2232 4256 2357 4296 om·-

770 4330 878 4385 m‘a
903 4331 1084 4393 recta,
1112 4331 1168 4384 ει
1184 4324 1540 4400 inflexibilia
1559 4329 1766 4401 eaeqm
1779 4329 2054 4401 aequitas
2073 4334 2179 4395 est,
2201 4342 2355 4401 quae

771 4415 842 4473 de
865 4420 996 4473 iare
1021 4414 1279 4472 miiitum
1297 4418 1564 4473 remittit.
1588 4418 1660 4475 Et
1678 4416 1745 4473 ab
1767 4418 2042 4490 aequitate
2065 4418 2144 4473 sic
2167 4433 2357 4490 sump-

773 4514 828 4562 ta
856 4505 1062 4562 dicitur
1085 4507 1246 4563 etiam
1273 4507 1432 4578 quasi
1459 4521 1554 4579 per
1579 4508 2009 4563 antonomasiam
2037 4522 2277 4580 aequum
2296 4515 2355 4564 et

771 4595 1000 4667 honum,
1031 4594 1181 4667 quod
1209 4594 1262 4650 in
1291 4609 1348 4650 se
1371 4594 1592 4667 quidem
1615 4595 1720 4652 tale
1741 4602 1849 4667 est,
1875 4596 2002 4652 licet
2020 4611 2051 4652 a
2082 4596 2263 4653 verbis
2284 4595 2357 4653 le-

771 4686 858 4758 gis
884 4682 1201 4741 discordare
1229 4682 1498 4741 videatur.
1524 4685 1592 4741 Et
1613 4686 1692 4741 sic
1721 4686 1954 4762 sumpsit
1975 4686 2137 4743 Arist.
2172 4686 2356 4759 aequi-

775 4780 968 4845 tatem,
997 4788 1128 4829 cum
1157 4772 1299 4829 illam
1330 4772 1604 4831 dixitesse
1625 4772 2058 4833 emendationem
2078 4777 2231 4847 iusti,
2250 4775 2355 4831 uti-

773 4880 880 4937 que
906 4863 1122 4936 legalis,
1153 4864 1543 4936 virtutemque,
1574 4878 1605 4919 a
1631 4879 1743 4937 qua
1769 4863 2018 4936 procedit
2045 4863 2130 4921 hic
2168 4872 2353 4933 actus,

773 4954 990 5011 vocavit
1015 4951 1290 5025 epiikiam,
1320 4951 1387 5009 de
1416 4967 1524 5026 qua
1562 4951 1804 5026 disputat
1832 4952 1992 5011 etiam
2034 4951 2088 5010 d.
2122 4953 2354 5010 Thomas

698 5034 706 5041 ⁸
775 5048 830 5101 2.
864 5048 920 5114 2,
949 5058 1004 5115 q.
1045 5046 1169 5100 120.
1198 5042 1276 5098 Ad
1307 5041 1447 5098 illam
1475 5042 1619 5099 enim
1649 5049 1861 5113 spectat
1881 5050 2072 5099 contra
2097 5043 2258 5099 verba
2280 5043 2355 5100 le·

773 5132 858 5205 gis
887 5132 1152 5188 humanae
1179 5146 1337 5203 agere
1365 5132 1420 5187 in
1449 5131 1782 5203 particulari,
1821 5130 2038 5204 quando
2065 5130 2211 5189 illam
2241 5148 2356 5191 ser·

777 5236 905 5278 vare
932 5228 1076 5278 esset
1094 5228 1288 5279 contra
1309 5220 1613 5277 naturalem
1635 5221 1986 5293 aequitatem
2003 5228 2243 5295 tuncque
2274 5221 2354 5280 iu-

2437 481 2539 539 dex
2560 480 2765 538 dicitur
2787 498 2898 539 non
2921 498 3083 555 agere
3110 484 3249 556 iure,
3276 485 3463 556 utique
3490 481 3863 556 materialiter,
3885 488 3941 538 et
3964 490 4023 539 ut

2434 577 2619 641 sonat,
2652 570 2747 628 sed
2776 586 2935 645 agere
2962 587 3139 645 aequo
3165 578 3221 628 et
3250 571 3415 641 bono,
3440 570 3588 645 quod
3616 581 3704 629 est
3728 572 3813 629 ius
3839 574 4023 645 ipsum

2431 660 2583 717 iuxta
2607 661 2958 718 intentionem
2986 660 3104 718 eius
3132 677 3375 730 servare,
3406 668 3463 718 et
3490 662 3827 720 contrarium
3857 676 4017 735 agere

2431 756 2581 806 esset
2622 747 2709 806 ius
2748 748 2983 822 violare,
3028 750 3177 807 iuxta
3214 750 3347 808 illud
3384 752 3663 809 Iustiniani
3698 753 3759 809 C.
3799 751 3866 809 de
3906 752 4013 825 leg.

2430 842 2565 896 Non
2592 836 2839 904 dubiam
2864 843 2967 905 est,
3000 841 3062 894 in
3089 826 3273 911 le'qem
3310 843 3672 897 committere
3711 856 3875 904 eum.
3924 845 4027 913 qui

2431 926 2610 985 verba
2635 926 2779 1000 legis
2798 926 3160 999 complexus,
3192 934 3404 985 corttra
3423 926 3568 1003 leyis
3590 932 3800 986 nititur
3818 927 4025 985 volam

2431 1021 2637 1073 tatem,
2666 1018 2737 1073 Et
2763 1014 2880 1074 ideo
2910 1016 3146 1074 sortasse
3176 1016 3607 1089 lurisprudentia
3634 1016 3781 1075 dieta
3816 1025 3904 1075 est
3932 1034 4025 1075 ars

2432 1106 2641 1177 boniet
2666 1105 2849 1178 aequi,
2880 1104 3027 1179 quod
3054 1107 3109 1161 in
3138 1103 3347 1178 legibus
3378 1106 3789 1179 interpretandis
3808 1107 4017 1164 honum

2430 1201 2487 1251 et
2511 1210 2749 1267 aequum
2776 1210 2990 1266 semper
3018 1197 3217 1253 intueri
3244 1194 3431 1266 dehet,
3466 1198 3627 1253 etiam
3658 1197 3703 1253 si
3742 1196 4023 1255 interdum

2429 1290 2681 1356 oporteat
2710 1284 3005 1341 verborum
3034 1286 3271 1359 rigorem
3302 1292 3625 1357 temperare,
3655 1301 3720 1342 ne
3750 1285 3819 1341 ab
3839 1302 4020 1360 aequo

2428 1379 2487 1429 et
2513 1372 2653 1430 bono
2682 1373 2919 1430 naturali
2946 1373 3281 1431 discedatur.
3313 1376 3479 1432 Plura
3507 1375 3573 1432 de
3600 1375 3701 1431 hac
3732 1391 3791 1432 re
3820 1376 3942 1433 vide
3964 1377 4019 1431 in

2428 1462 2651 1519 Covarr.
2686 1463 2739 1517 in
2769 1478 2887 1536 reg.
2917 1464 3241 1532 Possessor,
3279 1471 3421 1538 part.
3456 1470 3515 1536 2,
3542 1473 3575 1532 S
3600 1469 3655 1537 6,
3689 1482 3743 1522 n.
3779 1471 3833 1524 3.

2512 1557 2564 1610 8.
2600 1551 2848 1607 Alterum
2877 1550 3267 1610 declarandum
3292 1560 3399 1624 est,
3425 1554 3555 1627 quid
3580 1556 3649 1612 sit
3676 1555 3777 1626 sas,
3798 1562 3855 1611 et
3878 1554 4049 1627 quo·'

2432 1641 2594 1700 modo
2622 1640 2689 1698 ad
2714 1642 2799 1699 ius
2826 1649 2883 1699 et
2905 1642 3076 1715 legem
3090 1650 3471 1719 comparetur.
3496 1646 3585 1701 Ait
3604 1646 3749 1701 enim
3774 1643 4019 1701 Isidorus

2433 1737 2487 1789 5.
2518 1729 2852 1806 Etymoloq.
2877 1747 2931 1787 c.
2958 1736 2988 1790 2
3009 1748 3024 1784 ε
3048 1734 3171 1790 Fas
3193 1731 3295 1789 lex
3314 1731 3523 1810 divina
3540 1738 3646 1800 est,
3674 1736 3769 1790 ius
3789 1731 3891 1793 lex
3911 1734 4026 1791 lm-

2430 1838 2643 1884 mamm
2670 1829 2728 1879 et
2752 1822 2985 1879 hahetur
3010 1822 3172 1880 etiam
3194 1821 3323 1879 dist.
3359 1830 3406 1892 1,
3432 1838 3483 1879 c.
3520 1828 3569 1894 1,
3594 1821 3687 1878 ubi
3708 1822 3813 1879 hoc
3836 1838 4022 1879 exem-

2428 1912 2520 1984 plo
2546 1911 2886 1983 explicatur:
2927 1913 3208 1969 Transire
3226 1927 3341 1986 per
3368 1926 3589 1985 aarum
3610 1902 4017 1983 alienamsas

2427 2006 2531 2068 est,
2566 2004 2663 2057 ius
2689 2016 2810 2058 non
2846 2006 2953 2058 εει.
2991 2003 3137 2059 Haec
3176 2008 3359 2058 autem
3389 2000 3641 2059 videntur
3669 2000 4021 2073 intelligenda

2427 2092 2581 2149 iuxta
2606 2090 2756 2147 dicta
2782 2092 2838 2147 in
2866 2092 3111 2162 proximo
3144 2099 3374 2163 puncto,
3408 2099 3471 2149 ut
3498 2090 3574 2148 ibi
3601 2091 3686 2148 ius
3710 2092 3902 2147 stricte
3926 2106 4024 2147 su-

2428 2190 2611 2239 matur
2640 2196 2741 2252 pro
2772 2180 2890 2252 lege
2918 2182 3154 2251 scripta3
3186 2180 3265 2236 las
3296 2186 3479 2237 autem
3508 2196 3607 2254 pro
3638 2182 3936 2253 aequitate,
3958 2188 4021 2237 et

2427 2274 2583 2346 quasi
2612 2272 2755 2328 iusta
2780 2270 3123 2342 exceptione.
3151 2271 3226 2327 Ut
3250 2270 3303 2327 in
3329 2269 3417 2327 dic
3428 2279 3481 2327 to
3510 2269 3759 2342 exemplo
3784 2271 4021 2326 transire

2428 2375 2525 2431 per
2552 2359 2789 2417 alienum
2829 2374 3025 2430 agrum
3058 2358 3262 2417 dicitur
3289 2374 3399 2416 non
3426 2373 3545 2415 esse
3573 2360 3679 2431 ius,
3710 2358 3837 2432 quia
3863 2360 4023 2415 nimi-

2428 2464 2553 2505 rum
2581 2449 2661 2505 lex
2692 2447 2927 2504 humana
2956 2463 3053 2519 per
3080 2462 3141 2503 se
3169 2448 3348 2520 potius
3378 2446 3626 2521 prohihet
3653 2447 3806 2505 illum
3838 2452 4021 2503 trans-

2426 2538 2594 2611 itum3
2634 2543 2815 2595 tamen
2853 2538 2899 2593 si
2940 2554 3005 2593 ex
3046 2537 3347 2595 rationabili
3382 2552 3554 2595 eausa
3593 2537 3803 2611 absque
3848 2536 4020 2595 detri-

2427 2632 2613 2683 mento
2642 2628 2760 2694 liat,
2790 2627 2871 2683 las
2896 2634 3007 2698 est,
3036 2642 3137 2683 seu
3164 2626 3379 2684 licitum
3406 2634 3508 2684 est.
3540 2628 3721 2700 Atque
3748 2627 3821 2684 ita
3846 2626 4022 2699 expli-

2427 2717 2545 2775 cuit
2566 2717 2759 2775 Glossa
2794 2716 2863 2772 ibi
2885 2760 2901 2788 ,
2930 2724 2982 2773 et
3010 2717 3178 2773 Henr.
3209 2716 3459 2784 Quodlib.
3492 2720 3559 2787 9,
3598 2732 3656 2788 q.
3702 2722 3759 2775 2.
3790 2720 3861 2773 At
3887 2732 4023 2773 vero

2428 2805 2485 2863 d.
2518 2806 2749 2861 Thomas
2778 2810 2833 2863 2.
2866 2810 2926 2876 2,
2954 2821 3012 2878 q.
3046 2807 3139 2876 57,
3171 2813 3279 2862 art.
3316 2811 3361 2863 1.
3386 2805 3457 2862 ad
3479 2805 3581 2862 ult.
3606 2804 3759 2863 aliter
3778 2804 3867 2862 illa
3888 2821 4017 2865 ver-

2426 2894 2493 2951 ba
2518 2894 2751 2967 exponit.
2780 2893 2911 2949 Vult
2927 2895 3096 2964 enim,
3124 2908 3319 2951 nomen
3342 2894 3475 2951 iuris
3494 2893 3798 2951 secundum
3820 2910 4019 2969 quam-

2426 2983 2552 3041 dam
2595 2982 2887 3056 specialem
2928 2984 3311 3055 proprietatem
3350 2985 3519 3057 magis
3554 2984 3845 3041 convenire
3884 2984 4023 3058 legi-

2426 3075 2554 3148 bus,
2583 3089 2725 3148 quae
2752 3073 3074 3131 ordinantur
3102 3072 3169 3129 ad
3198 3073 3444 3131 homines
3472 3074 3608 3131 inter
3634 3091 3717 3147 se,
3742 3090 3909 3148 quam
3931 3074 4019 3131 le-

2426 3166 2611 3239 gibus,
2654 3180 2795 3237 quae
2835 3164 3090 3221 ordinant
3117 3164 3390 3221 hominem
3416 3164 3485 3220 ad
3510 3167 3681 3221 Deum
3699 3206 3715 3236 ,
3745 3164 3871 3237 quia
3900 3167 4015 3221 Deo

2428 3272 2536 3312 non
2572 3270 2868 3327 possumus
2896 3253 3123 3311 reddere
3148 3255 3405 3329 aequale,
3436 3262 3495 3312 et
3518 3254 3637 3312 ideo
3656 3296 3674 3327 ,
3702 3254 3899 3328 inquit,
3930 3268 4016 3310 re·

2424 3352 2621 3416 spectu
2657 3345 2749 3400 Dei
2775 3345 2952 3415 potius
2983 3343 3087 3415 l'as,
3117 3360 3283 3418 quam
3312 3346 3398 3401 ius
3427 3344 3732 3417 appellatur
3760 3345 3869 3402 lex.
3900 3342 4009 3401 Sed

2424 3432 2687 3509 quidquid
2716 3435 2785 3489 sit
2808 3432 2873 3489 de
2902 3432 3005 3489 hac
3034 3434 3385 3505 proprietate,
3414 3450 3557 3509 quae
3578 3448 3687 3491 non
3706 3440 3796 3490 est
3814 3432 3885 3489 ab
3909 3449 4019 3489 usu

2423 3524 2716 3580 latinorum
2745 3521 2936 3594 aliena,
2960 3521 3207 3585 isidorus
3242 3540 3349 3581 non
3366 3524 3618 3597 ‚appellat
3634 3523 3713 3580 l'as
3732 3524 3912 3597 legem
3936 3524 4019 3582 di-

2423 3613 2601 3668 vinam
2619 3653 2635 3685 ,
2664 3627 2731 3669 eo
2766 3610 2917 3685 quod
2950 3611 3101 3668 circa
3128 3612 3371 3671 debitum
3398 3618 3509 3671 Deo
3536 3612 3878 3669 reddendum
3901 3613 4017 3670 dis-

2423 3708 2617 3775 ponat,
2650 3700 2743 3758 sed
2772 3703 2901 3773 quia
2924 3704 2977 3757 in
3008 3703 3239 3760 naturali
3266 3705 3561 3778 aequitate,
3590 3710 3759 3777 atque
3786 3702 3919 3761 adeo
3948 3705 4007 3759 in

2422 3793 2628 3849 ratione
2655 3789 2917 3862 naturali,
2958 3806 3099 3864 quae
3126 3792 3210 3849 lex
3238 3792 3416 3849 divina
3442 3800 3559 3864 est,
3593 3794 3800 3850 nititur.
3834 3792 4013 3849 Omis-

2422 3883 2499 3937 sis
2527 3887 2709 3938 autem
2748 3879 3134 3951 metaphoricis
3170 3882 3656 3955 significationibus
3678 3923 3693 3954 ,
3734 3890 3793 3939 et
3824 3881 4017 3940 distin—

2420 3969 2715 4041 ctionibus,
2738 3983 2878 4041 quae
2906 3964 2957 4024 ln
2981 3971 3249 4041 praesenti
3270 3972 3523 4029 instituto
3544 3987 3652 4028 non
3676 3971 4011 4043 deserviunt,

2421 4074 2571 4117 nunc
2597 4057 2667 4115 de
2695 4058 2812 4115 iure
2836 4058 2887 4113 in
2916 4058 3161 4115 secunda
3180 4067 3236 4116 et
3262 4062 3479 4131 propria
3505 4060 3893 4135 significatione
3918 4076 4016 4133 ge·
4083 4044 4097 4061 ⁸

2422 4149 2673 4207 neraliter
2721 4149 3027 4222 loquimur,
3082 4150 3273 4222 sicque
3312 4166 3442 4207 eum
3482 4150 3597 4223 lege
3643 4152 4007 4221 convertitur,

2422 4246 2591 4312 prout
2616 4254 2761 4295 nunc
2789 4237 2953 4295 etiam
2980 4237 3048 4293 de
3072 4238 3163 4294 illa
3194 4239 3573 4295 universaliter
3600 4246 3919 4297 tractamus.

2884 4486 2891 4491 ⁵
3006 4414 3283 4483 CAPUT
3321 4415 3430 4483 111.

2562 4613 2813 4685 Quanta
2839 4613 2919 4668 sit
2944 4613 3258 4668 necessitas
3284 4616 3341 4668 ει
3364 4614 3628 4670 varietas
3655 4610 3872 4685 loquens.

2980 4778 3463 4842 summarium

2428 4940 2475 4991 1.
2502 4938 2695 5003 Duplex
2718 4943 2797 4988 est
2822 4938 3117 4989 necessitas.
3143 4964 3210 4974 —
3236 4935 3290 4988 2.
3311 4938 3417 4989 Lex
3434 4940 3667 4997 absolute
3686 4961 3784 5000 non
3806 4946 3907 5001 suit
3926 4962 4017 5001 ne..

2492 5009 2729 5060 cessaria.
2757 5034 2823 5044 —
2852 5008 2905 5059 3.
2933 5008 3056 5071 Lex,
3082 5020 3145 5059 su
3180 5008 3343 5071 posita
3364 5010 3623 5066 creatione
3642 5024 3912 5071 creaturae
3932 5033 4019 5071 ra-

2494 5078 2720 5142 tionalis,
2746 5076 2847 5129 fuit
2871 5076 3017 5128 utilis
3040 5084 3093 5127 et
3119 5085 3149 5126 a
3212 5078 3352 5129 olute
3379 5088 3681 5148 necessaria,
3708 5090 4019 5141 necessitate

2492 5150 2625 5199 tinis.
2645 5174 2716 5185 -
2732 5148 2786 5200 4.
2807 5148 3002 5213 Legum
3019 5146 3203 5199 divisio
3220 5148 3275 5199 in
3296 5150 3436 5199 varia
3455 5157 3699 5208 membra.
3720 5186 3791 5196 -—
3808 5160 3862 5211 5.
3883 5160 4016 5222 Quid

2494 5222 2562 5270 sit
2598 5220 2676 5269 lex
2708 5218 2880 5269 divina
2915 5218 3049 5285 apud
3079 5217 3360 5283 Platonem,
3384 5226 3439 5269 et
3464 5224 3653 5285 quibus
3678 5228 3839 5281 modis
3862 5243 4015 5281 usur·
