<?xml version="1.0" encoding="UTF-8"?>
<!DOCTYPE html PUBLIC "-//W3C//DTD XHTML 1.0 Transitional//EN"
    "http://www.w3.org/TR/xhtml1/DTD/xhtml1-transitional.dtd">
<html xmlns="http://www.w3.org/1999/xhtml" xml:lang="en" lang="en">
 <head>
  <title>
</title>
<meta http-equiv="Content-Type" content="text/html;charset=utf-8" />
  <meta name='ocr-system' content='tesseract 3.04.00' />
  <meta name='ocr-capabilities' content='ocr_page ocr_carea ocr_par ocr_line ocrx_word'/>
</head>
<body>
  <div class='ocr_page' id='page_1' title='image "./tractatusdelegi01sugoog_0082.png"; bbox 0 0 4325 6267; ppageno 0'>
   <div class='ocr_carea' id='block_1_1' title="bbox 867 334 948 401">
    <p class='ocr_par' dir='ltr' id='par_1_1' title="bbox 867 334 948 401">
     <span class='ocr_line' id='line_1_1' title="bbox 867 334 948 401; baseline 0.037 -3"><span class='ocrx_word' id='word_1_1' title='bbox 867 334 948 401; x_wconf 86' lang='lat'><strong>70</strong></span> 
     </span>
    </p>
   </div>
   <div class='ocr_carea' id='block_1_2' title="bbox 759 471 2382 5284">
    <p class='ocr_par' dir='ltr' id='par_1_2' title="bbox 770 471 2382 2155">
     <span class='ocr_line' id='line_1_2' title="bbox 773 471 2374 548; baseline -0.003 -12"><span class='ocrx_word' id='word_1_2' title='bbox 773 476 884 536; x_wconf 89' lang='lat' dir='ltr'><strong>lam</strong></span> <span class='ocrx_word' id='word_1_3' title='bbox 902 473 1286 536; x_wconf 84' lang='lat' dir='ltr'><strong>ostenderetur</strong></span> <span class='ocrx_word' id='word_1_4' title='bbox 1305 473 1586 533; x_wconf 88' lang='lat' dir='ltr'><strong>hominum</strong></span> <span class='ocrx_word' id='word_1_5' title='bbox 1606 475 1898 548; x_wconf 78' lang='lat' dir='ltr'><strong>propensio</strong></span> <span class='ocrx_word' id='word_1_6' title='bbox 1921 472 1988 532; x_wconf 90' lang='lat' dir='ltr'><strong>ad</strong></span> <span class='ocrx_word' id='word_1_7' title='bbox 2001 471 2345 548; x_wconf 86' lang='lat' dir='ltr'><strong>peccandum</strong></span> <span class='ocrx_word' id='word_1_8' title='bbox 2359 516 2374 545; x_wconf 95' lang='lat'><strong>,</strong></span> 
     </span>
     <span class='ocr_line' id='line_1_3' title="bbox 775 563 2373 639; baseline -0.004 -14"><span class='ocrx_word' id='word_1_9' title='bbox 775 573 832 625; x_wconf 88' lang='lat' dir='ltr'><strong>et</strong></span> <span class='ocrx_word' id='word_1_10' title='bbox 863 571 926 624; x_wconf 88' lang='lat' dir='ltr'><strong>ut</strong></span> <span class='ocrx_word' id='word_1_11' title='bbox 945 571 1091 623; x_wconf 88' lang='lat' dir='ltr'><strong>esset</strong></span> <span class='ocrx_word' id='word_1_12' title='bbox 1107 564 1458 639; x_wconf 88' lang='lat' dir='ltr'><strong>paedagogus</strong></span> <span class='ocrx_word' id='word_1_13' title='bbox 1478 564 1724 622; x_wconf 87' lang='lat' dir='ltr'><strong>homines</strong></span> <span class='ocrx_word' id='word_1_14' title='bbox 1745 563 1818 622; x_wconf 86' lang='lat' dir='ltr'><strong>ad</strong></span> <span class='ocrx_word' id='word_1_15' title='bbox 1836 565 2116 622; x_wconf 84' lang='lat' dir='ltr'><strong>Christum</strong></span> <span class='ocrx_word' id='word_1_16' title='bbox 2140 564 2373 635; x_wconf 88' lang='lat' dir='ltr'><strong>ducens,</strong></span> 
     </span>
     <span class='ocr_line' id='line_1_4' title="bbox 773 653 2379 729; baseline -0.002 -15"><span class='ocrx_word' id='word_1_17' title='bbox 773 665 832 714; x_wconf 88' lang='lat' dir='ltr'><strong>et</strong></span> <span class='ocrx_word' id='word_1_18' title='bbox 861 654 1509 713; x_wconf 78' lang='lat' dir='ltr'><strong>custodiens‘conclusos</strong></span> <span class='ocrx_word' id='word_1_19' title='bbox 1535 657 1597 711; x_wconf 86' lang='lat' dir='ltr'><strong>in</strong></span> <span class='ocrx_word' id='word_1_20' title='bbox 1626 670 1762 712; x_wconf 84' lang='lat' dir='ltr'><strong>eam</strong></span> <span class='ocrx_word' id='word_1_21' title='bbox 1775 653 1968 728; x_wconf 82' lang='lat' dir='ltr'><strong>fldem</strong></span> <span class='ocrx_word' id='word_1_22' title='bbox 1989 699 2004 722; x_wconf 89' lang='lat'><strong>,</strong></span> <span class='ocrx_word' id='word_1_23' title='bbox 2038 670 2195 729; x_wconf 79' lang='lat' dir='ltr'><strong>quae</strong></span> <span class='ocrx_word' id='word_1_24' title='bbox 2220 669 2379 710; x_wconf 83' lang='lat' dir='ltr'><strong>reve-</strong></span> 
     </span>
     <span class='ocr_line' id='line_1_5' title="bbox 776 742 2382 818; baseline -0.002 -14"><span class='ocrx_word' id='word_1_25' title='bbox 776 743 971 804; x_wconf 78' lang='lat' dir='ltr'><strong>landa</strong></span> <span class='ocrx_word' id='word_1_26' title='bbox 995 749 1166 806; x_wconf 74' lang='lat' dir='ltr'><strong>erat,</strong></span> <span class='ocrx_word' id='word_1_27' title='bbox 1197 754 1261 803; x_wconf 92' lang='lat' dir='ltr'><strong>ut</strong></span> <span class='ocrx_word' id='word_1_28' title='bbox 1286 745 1490 802; x_wconf 86' lang='lat' dir='ltr'><strong>dicitur</strong></span> <span class='ocrx_word' id='word_1_29' title='bbox 1517 744 1586 802; x_wconf 90' lang='lat' dir='ltr'><strong>ad</strong></span> <span class='ocrx_word' id='word_1_30' title='bbox 1615 745 1788 802; x_wconf 89' lang='lat' dir='ltr'><strong>Galat.</strong></span> <span class='ocrx_word' id='word_1_31' title='bbox 1825 749 1877 802; x_wconf 89' lang='grc'><strong>3.</strong></span> <span class='ocrx_word' id='word_1_32' title='bbox 1920 745 1990 801; x_wconf 91' lang='lat' dir='ltr'><strong>Et</strong></span> <span class='ocrx_word' id='word_1_33' title='bbox 2027 745 2100 802; x_wconf 87' lang='lat' dir='ltr'><strong>ita</strong></span> <span class='ocrx_word' id='word_1_34' title='bbox 2139 742 2382 818; x_wconf 80' lang='lat' dir='ltr'>quadrat</span> 
     </span>
     <span class='ocr_line' id='line_1_6' title="bbox 771 832 2367 908; baseline -0.003 -15"><span class='ocrx_word' id='word_1_35' title='bbox 771 836 974 908; x_wconf 86' lang='lat' dir='ltr'><strong>‘optime</strong></span> <span class='ocrx_word' id='word_1_36' title='bbox 1000 836 1273 907; x_wconf 77' lang='lat' dir='ltr'><strong>expositio</strong></span> <span class='ocrx_word' id='word_1_37' title='bbox 1299 834 1592 908; x_wconf 79' lang='lat' dir='ltr'><strong>Augustini</strong></span> <span class='ocrx_word' id='word_1_38' title='bbox 1619 836 1670 890; x_wconf 88' lang='lat' dir='ltr'><strong>in</strong></span> <span class='ocrx_word' id='word_1_39' title='bbox 1697 833 1846 891; x_wconf 89' lang='lat' dir='ltr'><strong>dicto</strong></span> <span class='ocrx_word' id='word_1_40' title='bbox 1875 832 1968 890; x_wconf 90' lang='lat' dir='ltr'><strong>lib.</strong></span> <span class='ocrx_word' id='word_1_41' title='bbox 2003 834 2076 890; x_wconf 82' lang='lat' dir='ltr'><strong>de</strong></span> <span class='ocrx_word' id='word_1_42' title='bbox 2117 835 2367 908; x_wconf 77' lang='lat' dir='ltr'><strong>Spiritu,</strong></span> 
     </span>
     <span class='ocr_line' id='line_1_7' title="bbox 770 923 2379 996; baseline -0.002 -15"><span class='ocrx_word' id='word_1_43' title='bbox 770 929 826 981; x_wconf 82' lang='lat' dir='ltr'><strong>et</strong></span> <span class='ocrx_word' id='word_1_44' title='bbox 851 924 1084 996; x_wconf 76' lang='lat' dir='ltr'><strong>littera,</strong></span> <span class='ocrx_word' id='word_1_45' title='bbox 1107 939 1162 980; x_wconf 91' lang='lat' dir='ltr'><strong>c.</strong></span> <span class='ocrx_word' id='word_1_46' title='bbox 1200 928 1263 994; x_wconf 82' lang='lat'><strong>9,</strong></span> <span class='ocrx_word' id='word_1_47' title='bbox 1293 930 1346 979; x_wconf 86' lang='lat' dir='ltr'><strong>et</strong></span> <span class='ocrx_word' id='word_1_48' title='bbox 1385 928 1486 994; x_wconf 90' lang='lat'><strong>10,</strong></span> <span class='ocrx_word' id='word_1_49' title='bbox 1517 929 1575 980; x_wconf 88' lang='lat' dir='ltr'><strong>et</strong></span> <span class='ocrx_word' id='word_1_50' title='bbox 1610 923 1758 980; x_wconf 89' lang='lat' dir='ltr'><strong>illam</strong></span> <span class='ocrx_word' id='word_1_51' title='bbox 1785 923 1943 979; x_wconf 90' lang='lat' dir='ltr'><strong>etiam</strong></span> <span class='ocrx_word' id='word_1_52' title='bbox 1973 923 2379 996; x_wconf 81' lang='lat' dir='ltr'><strong>attingitChry-</strong></span> 
     </span>
     <span class='ocr_line' id='line_1_8' title="bbox 775 1011 2379 1087; baseline -0.001 -19"><span class='ocrx_word' id='word_1_53' title='bbox 775 1019 1057 1070; x_wconf 90' lang='lat' dir='ltr'><strong>sostomus</strong></span> <span class='ocrx_word' id='word_1_54' title='bbox 1081 1012 1293 1070; x_wconf 84' lang='lat' dir='ltr'><strong>bom.2.</strong></span> <span class='ocrx_word' id='word_1_55' title='bbox 1312 1012 1363 1068; x_wconf 89' lang='lat' dir='ltr'><strong>in</strong></span> <span class='ocrx_word' id='word_1_56' title='bbox 1387 1011 1518 1068; x_wconf 90' lang='lat' dir='ltr'><strong>dict.</strong></span> <span class='ocrx_word' id='word_1_57' title='bbox 1533 1011 1746 1082; x_wconf 88' lang='lat' dir='ltr'><strong>epistol.</strong></span> <span class='ocrx_word' id='word_1_58' title='bbox 1765 1027 1928 1086; x_wconf 84' lang='lat' dir='ltr'><strong>quern</strong></span> <span class='ocrx_word' id='word_1_59' title='bbox 1939 1011 2379 1087; x_wconf 72' lang='lat' dir='ltr'><strong>Theopbylactus</strong></span> 
     </span>
     <span class='ocr_line' id='line_1_9' title="bbox 771 1100 2377 1174; baseline 0.001 -17"><span class='ocrx_word' id='word_1_60' title='bbox 771 1108 827 1158; x_wconf 89' lang='lat' dir='ltr'><strong>et</strong></span> <span class='ocrx_word' id='word_1_61' title='bbox 856 1101 946 1158; x_wconf 89' lang='lat' dir='ltr'><strong>alii</strong></span> <span class='ocrx_word' id='word_1_62' title='bbox 977 1107 1320 1174; x_wconf 87' lang='lat' dir='ltr'><strong>sequuntur,</strong></span> <span class='ocrx_word' id='word_1_63' title='bbox 1351 1102 1598 1173; x_wconf 88' lang='lat' dir='ltr'><strong>quamvis</strong></span> <span class='ocrx_word' id='word_1_64' title='bbox 1629 1103 1864 1173; x_wconf 83' lang='lat' dir='ltr'><strong>primam</strong></span> <span class='ocrx_word' id='word_1_65' title='bbox 1887 1102 2050 1158; x_wconf 89' lang='lat' dir='ltr'><strong>etiam</strong></span> <span class='ocrx_word' id='word_1_66' title='bbox 2077 1100 2377 1171; x_wconf 85' lang='lat' dir='ltr'><strong>expositio-</strong></span> 
     </span>
     <span class='ocr_line' id='line_1_10' title="bbox 772 1189 2373 1264; baseline 0.001 -18"><span class='ocrx_word' id='word_1_67' title='bbox 772 1206 897 1247; x_wconf 89' lang='lat' dir='ltr'><strong>nem</strong></span> <span class='ocrx_word' id='word_1_68' title='bbox 929 1190 1240 1247; x_wconf 75' lang='lat' dir='ltr'><strong>admittant.</strong></span> <span class='ocrx_word' id='word_1_69' title='bbox 1268 1189 1406 1248; x_wconf 81' lang='lat' dir='ltr'><strong>Addi</strong></span> <span class='ocrx_word' id='word_1_70' title='bbox 1425 1190 1588 1248; x_wconf 90' lang='lat' dir='ltr'><strong>etiam</strong></span> <span class='ocrx_word' id='word_1_71' title='bbox 1611 1195 1825 1262; x_wconf 88' lang='lat' dir='ltr'><strong>potest,</strong></span> <span class='ocrx_word' id='word_1_72' title='bbox 1857 1190 2179 1247; x_wconf 90' lang='lat' dir='ltr'><strong>sententiam</strong></span> <span class='ocrx_word' id='word_1_73' title='bbox 2205 1189 2373 1264; x_wconf 90' lang='lat' dir='ltr'><strong>illam,</strong></span> 
     </span>
     <span class='ocr_line' id='line_1_11' title="bbox 776 1277 2377 1353; baseline 0.001 -17"><span class='ocrx_word' id='word_1_74' title='bbox 776 1282 934 1336; x_wconf 78' lang='lat' dir='ltr'><strong>insto</strong></span> <span class='ocrx_word' id='word_1_75' title='bbox 961 1295 1078 1334; x_wconf 86' lang='lat' dir='ltr'><strong>non</strong></span> <span class='ocrx_word' id='word_1_76' title='bbox 1106 1284 1194 1336; x_wconf 78' lang='lat' dir='ltr'><strong>est</strong></span> <span class='ocrx_word' id='word_1_77' title='bbox 1223 1277 1322 1336; x_wconf 72' lang='lat' dir='ltr'><strong>lex</strong></span> <span class='ocrx_word' id='word_1_78' title='bbox 1357 1283 1583 1353; x_wconf 75' lang='lat' dir='ltr'><strong>posita,</strong></span> <span class='ocrx_word' id='word_1_79' title='bbox 1619 1279 1789 1336; x_wconf 84' lang='lat' dir='ltr'><strong>videri</strong></span> <span class='ocrx_word' id='word_1_80' title='bbox 1831 1287 2106 1352; x_wconf 90' lang='lat' dir='ltr'><strong>sumptam</strong></span> <span class='ocrx_word' id='word_1_81' title='bbox 2145 1294 2255 1335; x_wconf 91' lang='lat' dir='ltr'><strong>non</strong></span> <span class='ocrx_word' id='word_1_82' title='bbox 2286 1295 2377 1337; x_wconf 89' lang='lat' dir='ltr'><strong>so·</strong></span> 
     </span>
     <span class='ocr_line' id='line_1_12' title="bbox 778 1367 2375 1442; baseline 0.001 -18"><span class='ocrx_word' id='word_1_83' title='bbox 778 1370 892 1426; x_wconf 91' lang='lat' dir='ltr'><strong>lum</strong></span> <span class='ocrx_word' id='word_1_84' title='bbox 923 1383 988 1426; x_wconf 85' lang='lat' dir='ltr'><strong>ex</strong></span> <span class='ocrx_word' id='word_1_85' title='bbox 1017 1369 1280 1440; x_wconf 83' lang='lat' dir='ltr'><strong>peculiari</strong></span> <span class='ocrx_word' id='word_1_86' title='bbox 1309 1369 1456 1426; x_wconf 83' lang='lat' dir='ltr'><strong>lacto</strong></span> <span class='ocrx_word' id='word_1_87' title='bbox 1485 1369 1621 1442; x_wconf 88' lang='lat' dir='ltr'><strong>legis</strong></span> <span class='ocrx_word' id='word_1_88' title='bbox 1657 1370 1853 1426; x_wconf 84' lang='lat' dir='ltr'><strong>veteris</strong></span> <span class='ocrx_word' id='word_1_89' title='bbox 1876 1411 1891 1439; x_wconf 92' lang='lat'><strong>,</strong></span> <span class='ocrx_word' id='word_1_90' title='bbox 1936 1367 2187 1441; x_wconf 88' lang='lat' dir='ltr'><strong>quamvis</strong></span> <span class='ocrx_word' id='word_1_91' title='bbox 2215 1367 2283 1425; x_wconf 91' lang='lat' dir='ltr'><strong>ad</strong></span> <span class='ocrx_word' id='word_1_92' title='bbox 2314 1369 2375 1425; x_wconf 92' lang='lat' dir='ltr'><strong>il-</strong></span> 
     </span>
     <span class='ocr_line' id='line_1_13' title="bbox 777 1456 2374 1531; baseline 0.001 -18"><span class='ocrx_word' id='word_1_93' title='bbox 777 1457 872 1515; x_wconf 93' lang='lat' dir='ltr'><strong>lud</strong></span> <span class='ocrx_word' id='word_1_94' title='bbox 897 1466 1051 1516; x_wconf 89' lang='lat' dir='ltr'><strong>recte</strong></span> <span class='ocrx_word' id='word_1_95' title='bbox 1081 1459 1247 1515; x_wconf 82' lang='lat' dir='ltr'><strong>suerit</strong></span> <span class='ocrx_word' id='word_1_96' title='bbox 1273 1459 1713 1527; x_wconf 81' lang='lat' dir='ltr'><strong>accommodata3</strong></span> <span class='ocrx_word' id='word_1_97' title='bbox 1739 1458 1834 1515; x_wconf 93' lang='lat' dir='ltr'><strong>sed</strong></span> <span class='ocrx_word' id='word_1_98' title='bbox 1863 1459 2021 1516; x_wconf 87' lang='lat' dir='ltr'><strong>etiam</strong></span> <span class='ocrx_word' id='word_1_99' title='bbox 2043 1473 2108 1515; x_wconf 85' lang='lat' dir='ltr'><strong>ex</strong></span> <span class='ocrx_word' id='word_1_100' title='bbox 2135 1456 2374 1531; x_wconf 89' lang='lat' dir='ltr'><strong>generali</strong></span> 
     </span>
     <span class='ocr_line' id='line_1_14' title="bbox 779 1546 2375 1621; baseline 0 -17"><span class='ocrx_word' id='word_1_101' title='bbox 779 1546 1091 1605; x_wconf 90' lang='lat' dir='ltr'><strong>conditione</strong></span> <span class='ocrx_word' id='word_1_102' title='bbox 1141 1547 1354 1621; x_wconf 85' lang='lat' dir='ltr'><strong>legum,</strong></span> <span class='ocrx_word' id='word_1_103' title='bbox 1404 1562 1544 1619; x_wconf 87' lang='lat' dir='ltr'><strong>quae</strong></span> <span class='ocrx_word' id='word_1_104' title='bbox 1593 1547 1932 1620; x_wconf 76' lang='lat' dir='ltr'><strong>frequentius</strong></span> <span class='ocrx_word' id='word_1_105' title='bbox 1972 1555 2258 1619; x_wconf 92' lang='lat' dir='ltr'><strong>ponuntur</strong></span> <span class='ocrx_word' id='word_1_106' title='bbox 2306 1547 2375 1604; x_wconf 91' lang='lat' dir='ltr'><strong>ad</strong></span> 
     </span>
     <span class='ocr_line' id='line_1_15' title="bbox 778 1636 2376 1711; baseline 0 -17"><span class='ocrx_word' id='word_1_107' title='bbox 778 1638 1090 1695; x_wconf 86' lang='lat' dir='ltr'><strong>coercenda</strong></span> <span class='ocrx_word' id='word_1_108' title='bbox 1119 1637 1280 1708; x_wconf 85' lang='lat' dir='ltr'><strong>vitia,</strong></span> <span class='ocrx_word' id='word_1_109' title='bbox 1311 1653 1478 1711; x_wconf 87' lang='lat' dir='ltr'><strong>quam</strong></span> <span class='ocrx_word' id='word_1_110' title='bbox 1515 1636 1580 1693; x_wconf 89' lang='lat' dir='ltr'><strong>ad</strong></span> <span class='ocrx_word' id='word_1_111' title='bbox 1622 1636 1805 1694; x_wconf 89' lang='lat' dir='ltr'><strong>studia</strong></span> <span class='ocrx_word' id='word_1_112' title='bbox 1848 1639 2113 1694; x_wconf 87' lang='lat' dir='ltr'><strong>virtutum</strong></span> <span class='ocrx_word' id='word_1_113' title='bbox 2154 1653 2376 1710; x_wconf 90' lang='lat' dir='ltr'><strong>promo-</strong></span> 
     </span>
     <span class='ocr_line' id='line_1_16' title="bbox 773 1725 2379 1798; baseline 0.003 -18"><span class='ocrx_word' id='word_1_114' title='bbox 773 1726 970 1783; x_wconf 80' lang='lat' dir='ltr'><strong>venda.</strong></span> <span class='ocrx_word' id='word_1_115' title='bbox 1000 1727 1136 1782; x_wconf 85' lang='lat' dir='ltr'><strong>Nam</strong></span> <span class='ocrx_word' id='word_1_116' title='bbox 1155 1768 1169 1796; x_wconf 96' lang='lat'><strong>,</strong></span> <span class='ocrx_word' id='word_1_117' title='bbox 1203 1733 1266 1782; x_wconf 88' lang='lat' dir='ltr'><strong>ut</strong></span> <span class='ocrx_word' id='word_1_118' title='bbox 1287 1725 1358 1782; x_wconf 91' lang='lat' dir='ltr'><strong>ibi</strong></span> <span class='ocrx_word' id='word_1_119' title='bbox 1382 1725 1437 1781; x_wconf 93' lang='lat' dir='ltr'><strong>d.</strong></span> <span class='ocrx_word' id='word_1_120' title='bbox 1475 1726 1708 1782; x_wconf 87' lang='lat' dir='ltr'><strong>Thomas</strong></span> <span class='ocrx_word' id='word_1_121' title='bbox 1737 1727 1843 1798; x_wconf 91' lang='lat' dir='ltr'><strong>ait,</strong></span> <span class='ocrx_word' id='word_1_122' title='bbox 1875 1729 1928 1782; x_wconf 85' lang='lat' dir='ltr'><strong>si</strong></span> <span class='ocrx_word' id='word_1_123' title='bbox 1955 1742 2156 1783; x_wconf 85' lang='lat' dir='ltr'><strong>omnes</strong></span> <span class='ocrx_word' id='word_1_124' title='bbox 2184 1732 2379 1784; x_wconf 79' lang='lat' dir='ltr'><strong>essent</strong></span> 
     </span>
     <span class='ocr_line' id='line_1_17' title="bbox 770 1813 2376 1890; baseline 0.002 -20"><span class='ocrx_word' id='word_1_125' title='bbox 770 1818 942 1880; x_wconf 80' lang='lat' dir='ltr'><strong>iusti,</strong></span> <span class='ocrx_word' id='word_1_126' title='bbox 977 1813 1154 1872; x_wconf 82' lang='lat' dir='ltr'><strong>nulla</strong></span> <span class='ocrx_word' id='word_1_127' title='bbox 1195 1818 1515 1873; x_wconf 75' lang='lat' dir='ltr'><strong>necessitas</strong></span> <span class='ocrx_word' id='word_1_128' title='bbox 1551 1822 1700 1874; x_wconf 77' lang='lat' dir='ltr'><strong>esset</strong></span> <span class='ocrx_word' id='word_1_129' title='bbox 1733 1814 1928 1873; x_wconf 83' lang='lat' dir='ltr'><strong>dandi</strong></span> <span class='ocrx_word' id='word_1_130' title='bbox 1965 1814 2183 1888; x_wconf 77' lang='lat' dir='ltr'><strong>leqem,</strong></span> <span class='ocrx_word' id='word_1_131' title='bbox 2233 1820 2376 1890; x_wconf 79' lang='lat' dir='ltr'><strong>quia</strong></span> 
     </span>
     <span class='ocr_line' id='line_1_18' title="bbox 777 1903 2375 1965; baseline 0.003 -5"><span class='ocrx_word' id='word_1_132' title='bbox 777 1919 976 1960; x_wconf 87' lang='lat' dir='ltr'><strong>omnes</strong></span> <span class='ocrx_word' id='word_1_133' title='bbox 1003 1907 1193 1960; x_wconf 79' lang='lat' dir='ltr'><strong>essent</strong></span> <span class='ocrx_word' id='word_1_134' title='bbox 1216 1903 1328 1960; x_wconf 83' lang='lat' dir='ltr'><strong>sibi</strong></span> <span class='ocrx_word' id='word_1_135' title='bbox 1352 1903 1473 1960; x_wconf 78' lang='lat' dir='ltr'><strong>lex.</strong></span> <span class='ocrx_word' id='word_1_136' title='bbox 1506 1905 1597 1960; x_wconf 91' lang='lat' dir='ltr'><strong>Sic</strong></span> <span class='ocrx_word' id='word_1_137' title='bbox 1627 1906 1794 1961; x_wconf 87' lang='lat' dir='ltr'><strong>etiam</strong></span> <span class='ocrx_word' id='word_1_138' title='bbox 1811 1903 1945 1961; x_wconf 82' lang='lat' dir='ltr'><strong>dixit</strong></span> <span class='ocrx_word' id='word_1_139' title='bbox 1962 1904 2056 1961; x_wconf 91' lang='lat' dir='ltr'><strong>lib.</strong></span> <span class='ocrx_word' id='word_1_140' title='bbox 2087 1911 2142 1963; x_wconf 84' lang='lat'><strong>2.</strong></span> <span class='ocrx_word' id='word_1_141' title='bbox 2169 1904 2242 1962; x_wconf 84' lang='lat' dir='ltr'><strong>de</strong></span> <span class='ocrx_word' id='word_1_142' title='bbox 2268 1911 2375 1965; x_wconf 85' lang='lat' dir='ltr'><strong>Le-</strong></span> 
     </span>
     <span class='ocr_line' id='line_1_19' title="bbox 770 1985 2375 2070; baseline 0.001 -21"><span class='ocrx_word' id='word_1_143' title='bbox 770 1992 890 2065; x_wconf 74' lang='lat' dir='ltr'><strong>qib.</strong></span> <span class='ocrx_word' id='word_1_144' title='bbox 920 1994 1134 2050; x_wconf 86' lang='lat' dir='ltr'><strong>Cicero:</strong></span> <span class='ocrx_word' id='word_1_145' title='bbox 1161 1997 1342 2066; x_wconf 68' lang='lat' dir='ltr'><strong>Lepas</strong></span> <span class='ocrx_word' id='word_1_146' title='bbox 1361 1993 1655 2068; x_wconf 85' lang='lat' dir='ltr'><strong>improbos</strong></span> <span class='ocrx_word' id='word_1_147' title='bbox 1675 1992 1966 2070; x_wconf 82' lang='lat' dir='ltr'><strong>supplicio</strong></span> <span class='ocrx_word' id='word_1_148' title='bbox 1993 1985 2289 2067; x_wconf 70' lang='lat' dir='ltr'><strong>qfficiunt,</strong></span> <span class='ocrx_word' id='word_1_149' title='bbox 2319 1999 2375 2052; x_wconf 76' lang='lat' dir='ltr'><strong>et</strong></span> 
     </span>
     <span class='ocr_line' id='line_1_20' title="bbox 771 2079 1719 2155; baseline 0.001 -18"><span class='ocrx_word' id='word_1_150' title='bbox 771 2079 1117 2155; x_wconf 59' lang='lat' dir='ltr'><strong>defendunt,</strong></span> <span class='ocrx_word' id='word_1_151' title='bbox 1153 2097 1230 2139; x_wconf 86' lang='lat' dir='ltr'><strong>ac</strong></span> <span class='ocrx_word' id='word_1_152' title='bbox 1255 2087 1496 2140; x_wconf 80' lang='lat' dir='ltr'><strong>tuentur</strong></span> <span class='ocrx_word' id='word_1_153' title='bbox 1521 2082 1719 2140; x_wconf 86' lang='lat' dir='ltr'><strong>bonos.</strong></span> 
     </span>
    </p>

    <p class='ocr_par' dir='ltr' id='par_1_3' title="bbox 767 2171 2373 3853">
     <span class='ocr_line' id='line_1_21' title="bbox 845 2171 2363 2245; baseline -0.001 -16"><span class='ocrx_word' id='word_1_154' title='bbox 845 2171 952 2229; x_wconf 85' lang='lat' dir='ltr'><strong>Sed</strong></span> <span class='ocrx_word' id='word_1_155' title='bbox 979 2177 1172 2229; x_wconf 90' lang='lat' dir='ltr'><strong>contra</strong></span> <span class='ocrx_word' id='word_1_156' title='bbox 1199 2172 1356 2228; x_wconf 87' lang='lat' dir='ltr'><strong>obiici</strong></span> <span class='ocrx_word' id='word_1_157' title='bbox 1385 2177 1596 2245; x_wconf 74' lang='lat' dir='ltr'><strong>potest3</strong></span> <span class='ocrx_word' id='word_1_158' title='bbox 1629 2187 1754 2228; x_wconf 89' lang='lat' dir='ltr'><strong>nam</strong></span> <span class='ocrx_word' id='word_1_159' title='bbox 1783 2171 1985 2229; x_wconf 88' lang='lat' dir='ltr'><strong>homini</strong></span> <span class='ocrx_word' id='word_1_160' title='bbox 2025 2171 2078 2228; x_wconf 92' lang='lat' dir='ltr'><strong>in</strong></span> <span class='ocrx_word' id='word_1_161' title='bbox 2108 2177 2257 2230; x_wconf 88' lang='lat' dir='ltr'><strong>statu</strong></span> <span class='ocrx_word' id='word_1_162' title='bbox 2285 2173 2363 2228; x_wconf 91' lang='lat' dir='ltr'><strong>in·</strong></span> 
     </span>
     <span class='ocr_line' id='line_1_22' title="bbox 772 2260 2367 2334; baseline 0.001 -18"><span class='ocrx_word' id='word_1_163' title='bbox 772 2261 1056 2318; x_wconf 78' lang='lat' dir='ltr'><strong>nocentiae</strong></span> <span class='ocrx_word' id='word_1_164' title='bbox 1085 2263 1258 2334; x_wconf 88' lang='lat' dir='ltr'><strong>posita</strong></span> <span class='ocrx_word' id='word_1_165' title='bbox 1281 2262 1387 2318; x_wconf 81' lang='lat' dir='ltr'><strong>luit</strong></span> <span class='ocrx_word' id='word_1_166' title='bbox 1414 2262 1503 2320; x_wconf 89' lang='lat' dir='ltr'><strong>lex</strong></span> <span class='ocrx_word' id='word_1_167' title='bbox 1529 2277 1638 2319; x_wconf 90' lang='lat' dir='ltr'><strong>non</strong></span> <span class='ocrx_word' id='word_1_168' title='bbox 1667 2260 1989 2318; x_wconf 90' lang='lat' dir='ltr'><strong>comedendi</strong></span> <span class='ocrx_word' id='word_1_169' title='bbox 2019 2260 2085 2317; x_wconf 90' lang='lat' dir='ltr'><strong>de</strong></span> <span class='ocrx_word' id='word_1_170' title='bbox 2115 2262 2260 2334; x_wconf 91' lang='lat' dir='ltr'><strong>ligno</strong></span> <span class='ocrx_word' id='word_1_171' title='bbox 2291 2263 2367 2318; x_wconf 87' lang='lat' dir='ltr'><strong>vi-</strong></span> 
     </span>
     <span class='ocr_line' id='line_1_23' title="bbox 773 2350 2371 2424; baseline 0.001 -17"><span class='ocrx_word' id='word_1_172' title='bbox 773 2357 858 2408; x_wconf 86' lang='lat' dir='ltr'><strong>tae</strong></span> <span class='ocrx_word' id='word_1_173' title='bbox 877 2390 892 2421; x_wconf 98' lang='lat'><strong>,</strong></span> <span class='ocrx_word' id='word_1_174' title='bbox 921 2356 979 2407; x_wconf 90' lang='lat' dir='ltr'><strong>et</strong></span> <span class='ocrx_word' id='word_1_175' title='bbox 1005 2350 1184 2407; x_wconf 86' lang='lat' dir='ltr'><strong>statim</strong></span> <span class='ocrx_word' id='word_1_176' title='bbox 1206 2350 1385 2422; x_wconf 89' lang='lat' dir='ltr'><strong>posita</strong></span> <span class='ocrx_word' id='word_1_177' title='bbox 1413 2358 1500 2408; x_wconf 87' lang='lat' dir='ltr'><strong>est</strong></span> <span class='ocrx_word' id='word_1_178' title='bbox 1527 2367 1657 2408; x_wconf 90' lang='lat' dir='ltr'><strong>cum</strong></span> <span class='ocrx_word' id='word_1_179' title='bbox 1679 2350 1969 2408; x_wconf 78' lang='lat' dir='ltr'><strong>minatione</strong></span> <span class='ocrx_word' id='word_1_180' title='bbox 1991 2365 2199 2424; x_wconf 87' lang='lat' dir='ltr'><strong>poenae</strong></span> <span class='ocrx_word' id='word_1_181' title='bbox 2222 2366 2371 2408; x_wconf 90' lang='lat' dir='ltr'><strong>mor—</strong></span> 
     </span>
     <span class='ocr_line' id='line_1_24' title="bbox 775 2437 2372 2513; baseline 0 -17"><span class='ocrx_word' id='word_1_182' title='bbox 775 2438 880 2510; x_wconf 85' lang='lat' dir='ltr'><strong>tis,</strong></span> <span class='ocrx_word' id='word_1_183' title='bbox 923 2443 996 2497; x_wconf 82' lang='lat' dir='ltr'><strong>In</strong></span> <span class='ocrx_word' id='word_1_184' title='bbox 1033 2453 1408 2513; x_wconf 79' lang='lat' dir='ltr'><strong>quacumque</strong></span> <span class='ocrx_word' id='word_1_185' title='bbox 1446 2437 1572 2508; x_wconf 83' lang='lat' dir='ltr'><strong>die,</strong></span> <span class='ocrx_word' id='word_1_186' title='bbox 1619 2447 1728 2497; x_wconf 91' lang='lat' dir='ltr'><strong>etc.</strong></span> <span class='ocrx_word' id='word_1_187' title='bbox 1771 2439 1966 2496; x_wconf 78' lang='lat' dir='ltr'><strong>Genea.</strong></span> <span class='ocrx_word' id='word_1_188' title='bbox 1999 2444 2064 2512; x_wconf 82' lang='lat'><strong>²3</strong></span> <span class='ocrx_word' id='word_1_189' title='bbox 2095 2446 2151 2497; x_wconf 91' lang='lat' dir='ltr'><strong>et</strong></span> <span class='ocrx_word' id='word_1_190' title='bbox 2192 2446 2372 2497; x_wconf 88' lang='lat' dir='ltr'><strong>tamen</strong></span> 
     </span>
     <span class='ocr_line' id='line_1_25' title="bbox 771 2527 2373 2602; baseline 0.001 -18"><span class='ocrx_word' id='word_1_191' title='bbox 771 2534 906 2585; x_wconf 88' lang='lat' dir='ltr'><strong>tunc</strong></span> <span class='ocrx_word' id='word_1_192' title='bbox 947 2527 1189 2584; x_wconf 87' lang='lat' dir='ltr'><strong>homines</strong></span> <span class='ocrx_word' id='word_1_193' title='bbox 1216 2535 1377 2584; x_wconf 88' lang='lat' dir='ltr'><strong>erant</strong></span> <span class='ocrx_word' id='word_1_194' title='bbox 1405 2530 1536 2585; x_wconf 88' lang='lat' dir='ltr'><strong>iusti</strong></span> <span class='ocrx_word' id='word_1_195' title='bbox 1574 2535 1632 2585; x_wconf 87' lang='lat' dir='ltr'><strong>et</strong></span> <span class='ocrx_word' id='word_1_196' title='bbox 1673 2529 2022 2602; x_wconf 87' lang='lat' dir='ltr'><strong>innocentes,</strong></span> <span class='ocrx_word' id='word_1_197' title='bbox 2065 2529 2195 2601; x_wconf 88' lang='lat' dir='ltr'><strong>quia</strong></span> <span class='ocrx_word' id='word_1_198' title='bbox 2234 2545 2373 2586; x_wconf 89' lang='lat' dir='ltr'><strong>nun-</strong></span> 
     </span>
     <span class='ocr_line' id='line_1_26' title="bbox 772 2617 2373 2692; baseline 0.001 -18"><span class='ocrx_word' id='word_1_199' title='bbox 772 2633 940 2691; x_wconf 89' lang='lat' dir='ltr'><strong>quam</strong></span> <span class='ocrx_word' id='word_1_200' title='bbox 975 2623 1372 2691; x_wconf 81' lang='lat' dir='ltr'><strong>peccaverant3</strong></span> <span class='ocrx_word' id='word_1_201' title='bbox 1407 2633 1540 2692; x_wconf 89' lang='lat' dir='ltr'><strong>ergo</strong></span> <span class='ocrx_word' id='word_1_202' title='bbox 1579 2618 1667 2675; x_wconf 88' lang='lat' dir='ltr'><strong>lex</strong></span> <span class='ocrx_word' id='word_1_203' title='bbox 1694 2619 1859 2676; x_wconf 88' lang='lat' dir='ltr'><strong>etiam</strong></span> <span class='ocrx_word' id='word_1_204' title='bbox 1887 2617 2070 2691; x_wconf 84' lang='lat' dir='ltr'><strong>quoad</strong></span> <span class='ocrx_word' id='word_1_205' title='bbox 2109 2618 2215 2674; x_wconf 89' lang='lat' dir='ltr'><strong>vim</strong></span> <span class='ocrx_word' id='word_1_206' title='bbox 2243 2634 2373 2676; x_wconf 88' lang='lat' dir='ltr'><strong>coa-</strong></span> 
     </span>
     <span class='ocr_line' id='line_1_27' title="bbox 773 2706 2370 2781; baseline 0.001 -17"><span class='ocrx_word' id='word_1_207' title='bbox 773 2711 976 2766; x_wconf 85' lang='lat' dir='ltr'><strong>ctivam</strong></span> <span class='ocrx_word' id='word_1_208' title='bbox 1006 2723 1116 2764; x_wconf 91' lang='lat' dir='ltr'><strong>non</strong></span> <span class='ocrx_word' id='word_1_209' title='bbox 1143 2708 1322 2765; x_wconf 89' lang='lat' dir='ltr'><strong>solum</strong></span> <span class='ocrx_word' id='word_1_210' title='bbox 1353 2709 1575 2781; x_wconf 87' lang='lat' dir='ltr'><strong>ponitur</strong></span> <span class='ocrx_word' id='word_1_211' title='bbox 1615 2711 1761 2765; x_wconf 88' lang='lat' dir='ltr'><strong>iusto</strong></span> <span class='ocrx_word' id='word_1_212' title='bbox 1779 2747 1794 2778; x_wconf 94' lang='lat'><strong>,</strong></span> <span class='ocrx_word' id='word_1_213' title='bbox 1829 2706 1927 2764; x_wconf 89' lang='lat' dir='ltr'><strong>sed</strong></span> <span class='ocrx_word' id='word_1_214' title='bbox 1951 2708 2114 2764; x_wconf 89' lang='lat' dir='ltr'><strong>etiam</strong></span> <span class='ocrx_word' id='word_1_215' title='bbox 2143 2708 2370 2779; x_wconf 90' lang='lat' dir='ltr'><strong>ponitur</strong></span> 
     </span>
     <span class='ocr_line' id='line_1_28' title="bbox 776 2795 2372 2869; baseline -0.001 -14"><span class='ocrx_word' id='word_1_216' title='bbox 776 2798 891 2855; x_wconf 89' lang='lat' dir='ltr'><strong>sine</strong></span> <span class='ocrx_word' id='word_1_217' title='bbox 921 2797 1212 2854; x_wconf 75' lang='lat' dir='ltr'><strong>occasione</strong></span> <span class='ocrx_word' id='word_1_218' title='bbox 1239 2801 1486 2869; x_wconf 87' lang='lat' dir='ltr'><strong>peccati,</strong></span> <span class='ocrx_word' id='word_1_219' title='bbox 1505 2811 1620 2855; x_wconf 45' lang='lat' dir='ltr'><strong>*nec</strong></span> <span class='ocrx_word' id='word_1_220' title='bbox 1647 2802 1873 2869; x_wconf 85' lang='lat' dir='ltr'><strong>propter</strong></span> <span class='ocrx_word' id='word_1_221' title='bbox 1899 2795 2213 2852; x_wconf 86' lang='lat' dir='ltr'><strong>coercenda</strong></span> <span class='ocrx_word' id='word_1_222' title='bbox 2240 2812 2372 2869; x_wconf 90' lang='lat' dir='ltr'><strong>pec-</strong></span> 
     </span>
     <span class='ocr_line' id='line_1_29' title="bbox 771 2885 2371 2959; baseline -0.002 -13"><span class='ocrx_word' id='word_1_223' title='bbox 771 2893 920 2946; x_wconf 87' lang='lat' dir='ltr'><strong>cata.</strong></span> <span class='ocrx_word' id='word_1_224' title='bbox 953 2888 1024 2944; x_wconf 88' lang='lat' dir='ltr'><strong>Et</strong></span> <span class='ocrx_word' id='word_1_225' title='bbox 1049 2886 1162 2944; x_wconf 77' lang='lat' dir='ltr'><strong>iere</strong></span> <span class='ocrx_word' id='word_1_226' title='bbox 1193 2887 1378 2943; x_wconf 87' lang='lat' dir='ltr'><strong>similis</strong></span> <span class='ocrx_word' id='word_1_227' title='bbox 1409 2886 1646 2945; x_wconf 89' lang='lat' dir='ltr'><strong>obiectio</strong></span> <span class='ocrx_word' id='word_1_228' title='bbox 1675 2887 1790 2943; x_wconf 84' lang='lat' dir='ltr'><strong>fieri</strong></span> <span class='ocrx_word' id='word_1_229' title='bbox 1817 2891 1999 2959; x_wconf 83' lang='lat' dir='ltr'><strong>potest</strong></span> <span class='ocrx_word' id='word_1_230' title='bbox 2023 2901 2092 2942; x_wconf 82' lang='lat' dir='ltr'><strong>ex</strong></span> <span class='ocrx_word' id='word_1_231' title='bbox 2119 2885 2239 2959; x_wconf 89' lang='lat' dir='ltr'><strong>lege</strong></span> <span class='ocrx_word' id='word_1_232' title='bbox 2266 2887 2371 2943; x_wconf 90' lang='lat' dir='ltr'><strong>cir-</strong></span> 
     </span>
     <span class='ocr_line' id='line_1_30' title="bbox 771 2975 2359 3056; baseline -0.002 -22"><span class='ocrx_word' id='word_1_233' title='bbox 771 2975 1130 3034; x_wconf 86' lang='lat' dir='ltr'><strong>cumcisionis</strong></span> <span class='ocrx_word' id='word_1_234' title='bbox 1159 2975 1338 3047; x_wconf 88' lang='lat' dir='ltr'><strong>posita</strong></span> <span class='ocrx_word' id='word_1_235' title='bbox 1379 2975 1625 3032; x_wconf 82' lang='lat' dir='ltr'><strong>Abrabae</strong></span> <span class='ocrx_word' id='word_1_236' title='bbox 1666 2977 1775 3031; x_wconf 86' lang='lat' dir='ltr'><strong>ism</strong></span> <span class='ocrx_word' id='word_1_237' title='bbox 1815 2977 1994 3046; x_wconf 85' lang='lat' dir='ltr'><strong>iusto,</strong></span> <span class='ocrx_word' id='word_1_238' title='bbox 2037 2976 2231 3056; x_wconf 77' lang='lat' dir='ltr'><strong>Genes.</strong></span> <span class='ocrx_word' id='word_1_239' title='bbox 2273 2977 2359 3034; x_wconf 87' lang='lat'><strong>17.</strong></span> 
     </span>
     <span class='ocr_line' id='line_1_31' title="bbox 770 3063 2371 3138; baseline 0.001 -15"><span class='ocrx_word' id='word_1_240' title='bbox 770 3065 854 3123; x_wconf 78' lang='lat' dir='ltr'><strong>Ad</strong></span> <span class='ocrx_word' id='word_1_241' title='bbox 882 3065 1018 3121; x_wconf 90' lang='lat' dir='ltr'><strong>baec</strong></span> <span class='ocrx_word' id='word_1_242' title='bbox 1049 3079 1178 3121; x_wconf 89' lang='lat' dir='ltr'><strong>vero</strong></span> <span class='ocrx_word' id='word_1_243' title='bbox 1219 3063 1375 3122; x_wconf 79' lang='lat' dir='ltr'><strong>facile</strong></span> <span class='ocrx_word' id='word_1_244' title='bbox 1414 3065 1744 3138; x_wconf 87' lang='lat' dir='ltr'><strong>respondere</strong></span> <span class='ocrx_word' id='word_1_245' title='bbox 1784 3079 2083 3137; x_wconf 89' lang='lat' dir='ltr'><strong>possumus</strong></span> <span class='ocrx_word' id='word_1_246' title='bbox 2107 3105 2122 3136; x_wconf 91' lang='lat'>‚</span> <span class='ocrx_word' id='word_1_247' title='bbox 2168 3081 2371 3124; x_wconf 88' lang='lat' dir='ltr'><strong>concc-</strong></span> 
     </span>
     <span class='ocr_line' id='line_1_32' title="bbox 772 3154 2369 3228; baseline 0.001 -16"><span class='ocrx_word' id='word_1_248' title='bbox 772 3154 986 3226; x_wconf 89' lang='lat' dir='ltr'><strong>dendo,</strong></span> <span class='ocrx_word' id='word_1_249' title='bbox 1018 3169 1125 3209; x_wconf 91' lang='lat' dir='ltr'><strong>non</strong></span> <span class='ocrx_word' id='word_1_250' title='bbox 1161 3169 1282 3210; x_wconf 89' lang='lat' dir='ltr'><strong>esse</strong></span> <span class='ocrx_word' id='word_1_251' title='bbox 1321 3155 1727 3226; x_wconf 87' lang='lat' dir='ltr'><strong>necessarium,</strong></span> <span class='ocrx_word' id='word_1_252' title='bbox 1760 3161 1826 3212; x_wconf 89' lang='lat' dir='ltr'><strong>ut</strong></span> <span class='ocrx_word' id='word_1_253' title='bbox 1863 3155 2009 3228; x_wconf 88' lang='lat' dir='ltr'><strong>leges</strong></span> <span class='ocrx_word' id='word_1_254' title='bbox 2053 3171 2244 3215; x_wconf 86' lang='lat' dir='ltr'><strong>omnes</strong></span> <span class='ocrx_word' id='word_1_255' title='bbox 2272 3155 2369 3213; x_wconf 90' lang='lat' dir='ltr'><strong>im·</strong></span> 
     </span>
     <span class='ocr_line' id='line_1_33' title="bbox 771 3244 2370 3318; baseline 0.001 -18"><span class='ocrx_word' id='word_1_256' title='bbox 771 3249 1046 3314; x_wconf 90' lang='lat' dir='ltr'><strong>ponantur</strong></span> <span class='ocrx_word' id='word_1_257' title='bbox 1083 3245 1376 3300; x_wconf 77' lang='lat' dir='ltr'><strong>occasione</strong></span> <span class='ocrx_word' id='word_1_258' title='bbox 1407 3245 1654 3318; x_wconf 83' lang='lat' dir='ltr'><strong>peccati3</strong></span> <span class='ocrx_word' id='word_1_259' title='bbox 1697 3244 1986 3318; x_wconf 89' lang='lat' dir='ltr'><strong>aliquando</strong></span> <span class='ocrx_word' id='word_1_260' title='bbox 2029 3247 2171 3304; x_wconf 88' lang='lat' dir='ltr'><strong>enim</strong></span> <span class='ocrx_word' id='word_1_261' title='bbox 2200 3247 2370 3318; x_wconf 89' lang='lat' dir='ltr'><strong>impo-</strong></span> 
     </span>
     <span class='ocr_line' id='line_1_34' title="bbox 769 3333 2373 3408; baseline 0.002 -19"><span class='ocrx_word' id='word_1_262' title='bbox 769 3339 979 3390; x_wconf 87' lang='lat' dir='ltr'><strong>nuntur</strong></span> <span class='ocrx_word' id='word_1_263' title='bbox 1007 3340 1233 3405; x_wconf 86' lang='lat' dir='ltr'><strong>propter</strong></span> <span class='ocrx_word' id='word_1_264' title='bbox 1261 3333 1622 3391; x_wconf 87' lang='lat' dir='ltr'><strong>exercendam</strong></span> <span class='ocrx_word' id='word_1_265' title='bbox 1649 3336 1936 3406; x_wconf 80' lang='lat' dir='ltr'><strong>virtutem3</strong></span> <span class='ocrx_word' id='word_1_266' title='bbox 1988 3352 2166 3408; x_wconf 89' lang='lat' dir='ltr'><strong>neque</strong></span> <span class='ocrx_word' id='word_1_267' title='bbox 2197 3335 2248 3392; x_wconf 88' lang='lat' dir='ltr'><strong>id</strong></span> <span class='ocrx_word' id='word_1_268' title='bbox 2273 3343 2373 3393; x_wconf 87' lang='lat' dir='ltr'><strong>&#39;ne-</strong></span> 
     </span>
     <span class='ocr_line' id='line_1_35' title="bbox 767 3421 2371 3496; baseline 0.001 -18"><span class='ocrx_word' id='word_1_269' title='bbox 767 3422 924 3494; x_wconf 83' lang='lat' dir='ltr'><strong>gavit</strong></span> <span class='ocrx_word' id='word_1_270' title='bbox 947 3423 1174 3480; x_wconf 88' lang='lat' dir='ltr'><strong>Paulus.</strong></span> <span class='ocrx_word' id='word_1_271' title='bbox 1206 3421 1310 3478; x_wconf 88' lang='lat' dir='ltr'><strong>Sed</strong></span> <span class='ocrx_word' id='word_1_272' title='bbox 1341 3421 1618 3496; x_wconf 84' lang='lat' dir='ltr'><strong>loquendo</strong></span> <span class='ocrx_word' id='word_1_273' title='bbox 1643 3423 1712 3480; x_wconf 90' lang='lat' dir='ltr'><strong>de</strong></span> <span class='ocrx_word' id='word_1_274' title='bbox 1743 3423 1858 3495; x_wconf 86' lang='lat' dir='ltr'><strong>lege</strong></span> <span class='ocrx_word' id='word_1_275' title='bbox 1887 3425 2092 3496; x_wconf 88' lang='lat' dir='ltr'><strong>scripta</strong></span> <span class='ocrx_word' id='word_1_276' title='bbox 2122 3425 2276 3494; x_wconf 87' lang='lat' dir='ltr'><strong>dixit,</strong></span> <span class='ocrx_word' id='word_1_277' title='bbox 2307 3424 2371 3481; x_wconf 78' lang='lat' dir='ltr'><strong>il-</strong></span> 
     </span>
     <span class='ocr_line' id='line_1_36' title="bbox 769 3510 2366 3586; baseline 0.001 -17"><span class='ocrx_word' id='word_1_278' title='bbox 769 3511 875 3569; x_wconf 85' lang='lat' dir='ltr'><strong>lam</strong></span> <span class='ocrx_word' id='word_1_279' title='bbox 907 3527 1030 3568; x_wconf 88' lang='lat' dir='ltr'><strong>esse</strong></span> <span class='ocrx_word' id='word_1_280' title='bbox 1060 3511 1246 3568; x_wconf 88' lang='lat' dir='ltr'><strong>datam</strong></span> <span class='ocrx_word' id='word_1_281' title='bbox 1273 3510 1362 3567; x_wconf 90' lang='lat' dir='ltr'><strong>illa</strong></span> <span class='ocrx_word' id='word_1_282' title='bbox 1390 3512 1874 3584; x_wconf 88' lang='lat' dir='ltr'><strong>occasione,quod</strong></span> <span class='ocrx_word' id='word_1_283' title='bbox 1898 3515 2243 3571; x_wconf 85' lang='lat' dir='ltr'><strong>verissimum</strong></span> <span class='ocrx_word' id='word_1_284' title='bbox 2264 3521 2366 3586; x_wconf 82' lang='lat' dir='ltr'><strong>est3</strong></span> 
     </span>
     <span class='ocr_line' id='line_1_37' title="bbox 772 3600 2370 3676; baseline -0.001 -17"><span class='ocrx_word' id='word_1_285' title='bbox 772 3608 829 3659; x_wconf 91' lang='lat' dir='ltr'><strong>et</strong></span> <span class='ocrx_word' id='word_1_286' title='bbox 869 3601 1116 3658; x_wconf 88' lang='lat' dir='ltr'><strong>similiter</strong></span> <span class='ocrx_word' id='word_1_287' title='bbox 1142 3607 1227 3656; x_wconf 90' lang='lat' dir='ltr'><strong>est</strong></span> <span class='ocrx_word' id='word_1_288' title='bbox 1254 3615 1446 3658; x_wconf 84' lang='lat' dir='ltr'><strong>verum</strong></span> <span class='ocrx_word' id='word_1_289' title='bbox 1472 3640 1488 3672; x_wconf 97' lang='lat'><strong>,</strong></span> <span class='ocrx_word' id='word_1_290' title='bbox 1529 3600 1678 3673; x_wconf 90' lang='lat' dir='ltr'><strong>leges</strong></span> <span class='ocrx_word' id='word_1_291' title='bbox 1719 3600 1982 3658; x_wconf 86' lang='lat' dir='ltr'><strong>humanas</strong></span> <span class='ocrx_word' id='word_1_292' title='bbox 2022 3603 2370 3676; x_wconf 75' lang='lat' dir='ltr'><strong>frequentius</strong></span> 
     </span>
     <span class='ocr_line' id='line_1_38' title="bbox 769 3688 2369 3762; baseline 0.003 -17"><span class='ocrx_word' id='word_1_293' title='bbox 769 3689 897 3746; x_wconf 84' lang='lat' dir='ltr'><strong>ferri</strong></span> <span class='ocrx_word' id='word_1_294' title='bbox 937 3695 1161 3761; x_wconf 89' lang='lat' dir='ltr'><strong>propter</strong></span> <span class='ocrx_word' id='word_1_295' title='bbox 1201 3688 1510 3746; x_wconf 89' lang='lat' dir='ltr'><strong>coercenda</strong></span> <span class='ocrx_word' id='word_1_296' title='bbox 1547 3690 1716 3762; x_wconf 82' lang='lat' dir='ltr'><strong>vitia3</strong></span> <span class='ocrx_word' id='word_1_297' title='bbox 1765 3705 1874 3747; x_wconf 92' lang='lat' dir='ltr'><strong>non</strong></span> <span class='ocrx_word' id='word_1_298' title='bbox 1915 3697 2000 3748; x_wconf 88' lang='lat' dir='ltr'><strong>est</strong></span> <span class='ocrx_word' id='word_1_299' title='bbox 2040 3698 2222 3749; x_wconf 88' lang='lat' dir='ltr'><strong>tamen</strong></span> <span class='ocrx_word' id='word_1_300' title='bbox 2264 3691 2369 3749; x_wconf 88' lang='lat' dir='ltr'><strong>hoc</strong></span> 
     </span>
     <span class='ocr_line' id='line_1_39' title="bbox 769 3778 2072 3853; baseline 0.001 -19"><span class='ocrx_word' id='word_1_301' title='bbox 769 3792 986 3850; x_wconf 88' lang='lat' dir='ltr'><strong>semper</strong></span> <span class='ocrx_word' id='word_1_302' title='bbox 1010 3779 1417 3844; x_wconf 88' lang='lat' dir='ltr'><strong>necessarium,</strong></span> <span class='ocrx_word' id='word_1_303' title='bbox 1453 3793 1558 3835; x_wconf 91' lang='lat' dir='ltr'><strong>nec</strong></span> <span class='ocrx_word' id='word_1_304' title='bbox 1587 3778 1653 3835; x_wconf 91' lang='lat' dir='ltr'><strong>de</strong></span> <span class='ocrx_word' id='word_1_305' title='bbox 1683 3781 1892 3836; x_wconf 88' lang='lat' dir='ltr'><strong>ratione</strong></span> <span class='ocrx_word' id='word_1_306' title='bbox 1921 3779 2072 3853; x_wconf 88' lang='lat' dir='ltr'><strong>legis.</strong></span> 
     </span>
    </p>

    <p class='ocr_par' dir='ltr' id='par_1_4' title="bbox 759 3865 2370 5284">
     <span class='ocr_line' id='line_1_40' title="bbox 844 3865 2367 3946; baseline 0.001 -21"><span class='ocrx_word' id='word_1_307' title='bbox 844 3871 898 3925; x_wconf 83' lang='grc'><strong>6.</strong></span> <span class='ocrx_word' id='word_1_308' title='bbox 931 3865 1082 3925; x_wconf 87' lang='lat' dir='ltr'><strong>Unde</strong></span> <span class='ocrx_word' id='word_1_309' title='bbox 1110 3867 1161 3922; x_wconf 88' lang='lat' dir='ltr'><strong>in</strong></span> <span class='ocrx_word' id='word_1_310' title='bbox 1191 3869 1361 3939; x_wconf 85' lang='lat' dir='ltr'><strong>priori</strong></span> <span class='ocrx_word' id='word_1_311' title='bbox 1387 3868 1639 3946; x_wconf 64' lang='lat' dir='ltr'><strong>exemplo</strong></span> <span class='ocrx_word' id='word_1_312' title='bbox 1667 3869 1845 3940; x_wconf 90' lang='lat' dir='ltr'><strong>posita</strong></span> <span class='ocrx_word' id='word_1_313' title='bbox 1873 3869 1978 3926; x_wconf 88' lang='lat' dir='ltr'><strong>l&#39;uit</strong></span> <span class='ocrx_word' id='word_1_314' title='bbox 2004 3869 2092 3927; x_wconf 92' lang='lat' dir='ltr'><strong>illa</strong></span> <span class='ocrx_word' id='word_1_315' title='bbox 2122 3869 2208 3927; x_wconf 83' lang='lat' dir='ltr'><strong>lex</strong></span> <span class='ocrx_word' id='word_1_316' title='bbox 2238 3885 2367 3942; x_wconf 91' lang='lat' dir='ltr'><strong>pro-</strong></span> 
     </span>
     <span class='ocr_line' id='line_1_41' title="bbox 768 3955 2367 4030; baseline 0.001 -16"><span class='ocrx_word' id='word_1_317' title='bbox 768 3964 890 4030; x_wconf 87' lang='lat' dir='ltr'><strong>pter</strong></span> <span class='ocrx_word' id='word_1_318' title='bbox 917 3955 1278 4015; x_wconf 82' lang='lat' dir='ltr'><strong>exercendam</strong></span> <span class='ocrx_word' id='word_1_319' title='bbox 1308 3956 1537 4013; x_wconf 84' lang='lat' dir='ltr'><strong>bominis</strong></span> <span class='ocrx_word' id='word_1_320' title='bbox 1567 3956 1958 4030; x_wconf 85' lang='lat' dir='ltr'><strong>obedientiam,</strong></span> <span class='ocrx_word' id='word_1_321' title='bbox 1992 3966 2048 4017; x_wconf 89' lang='lat' dir='ltr'><strong>et</strong></span> <span class='ocrx_word' id='word_1_322' title='bbox 2069 3958 2367 4016; x_wconf 85' lang='lat' dir='ltr'><strong>subiectio·</strong></span> 
     </span>
     <span class='ocr_line' id='line_1_42' title="bbox 768 4045 2368 4120; baseline 0.001 -17"><span class='ocrx_word' id='word_1_323' title='bbox 768 4063 924 4119; x_wconf 91' lang='lat' dir='ltr'><strong>nem,</strong></span> <span class='ocrx_word' id='word_1_324' title='bbox 957 4053 1015 4104; x_wconf 88' lang='lat' dir='ltr'><strong>et</strong></span> <span class='ocrx_word' id='word_1_325' title='bbox 1039 4045 1433 4118; x_wconf 90' lang='lat' dir='ltr'><strong>bumilitatem,</strong></span> <span class='ocrx_word' id='word_1_326' title='bbox 1463 4051 1518 4102; x_wconf 88' lang='lat' dir='ltr'><strong>et</strong></span> <span class='ocrx_word' id='word_1_327' title='bbox 1545 4045 1676 4103; x_wconf 86' lang='lat' dir='ltr'><strong>alias</strong></span> <span class='ocrx_word' id='word_1_328' title='bbox 1706 4047 1965 4120; x_wconf 84' lang='lat' dir='ltr'><strong>virtutes,</strong></span> <span class='ocrx_word' id='word_1_329' title='bbox 1999 4055 2062 4105; x_wconf 94' lang='lat' dir='ltr'><strong>ut</strong></span> <span class='ocrx_word' id='word_1_330' title='bbox 2089 4054 2241 4104; x_wconf 89' lang='lat' dir='ltr'><strong>recte</strong></span> <span class='ocrx_word' id='word_1_331' title='bbox 2270 4065 2368 4106; x_wconf 90' lang='lat' dir='ltr'><strong>no-</strong></span> 
     </span>
     <span class='ocr_line' id='line_1_43' title="bbox 767 4133 2365 4209; baseline 0.002 -16"><span class='ocrx_word' id='word_1_332' title='bbox 767 4136 903 4193; x_wconf 86' lang='lat' dir='ltr'><strong>tavit</strong></span> <span class='ocrx_word' id='word_1_333' title='bbox 926 4137 1070 4208; x_wconf 85' lang='lat' dir='ltr'><strong>Aug.</strong></span> <span class='ocrx_word' id='word_1_334' title='bbox 1103 4134 1154 4190; x_wconf 92' lang='lat' dir='ltr'><strong>in</strong></span> <span class='ocrx_word' id='word_1_335' title='bbox 1183 4135 1378 4191; x_wconf 89' lang='lat' dir='ltr'><strong>Genes.</strong></span> <span class='ocrx_word' id='word_1_336' title='bbox 1409 4133 1479 4192; x_wconf 90' lang='lat' dir='ltr'><strong>de</strong></span> <span class='ocrx_word' id='word_1_337' title='bbox 1505 4141 1798 4208; x_wconf 87' lang='lat' dir='ltr'><strong>praecepto</strong></span> <span class='ocrx_word' id='word_1_338' title='bbox 1827 4138 2018 4208; x_wconf 90' lang='lat' dir='ltr'><strong>primis</strong></span> <span class='ocrx_word' id='word_1_339' title='bbox 2045 4138 2365 4209; x_wconf 88' lang='lat' dir='ltr'><strong>parentibus</strong></span> 
     </span>
     <span class='ocr_line' id='line_1_44' title="bbox 766 4225 2370 4301; baseline 0.002 -20"><span class='ocrx_word' id='word_1_340' title='bbox 766 4227 1039 4296; x_wconf 88' lang='lat' dir='ltr'><strong>imposito.</strong></span> <span class='ocrx_word' id='word_1_341' title='bbox 1091 4225 1437 4300; x_wconf 79' lang='lat' dir='ltr'><strong>Oportebat,</strong></span> <span class='ocrx_word' id='word_1_342' title='bbox 1487 4225 1694 4298; x_wconf 87' lang='lat' dir='ltr'><strong>inquit,</strong></span> <span class='ocrx_word' id='word_1_343' title='bbox 1735 4231 1803 4283; x_wconf 81' lang='lat' dir='ltr'><strong>ut</strong></span> <span class='ocrx_word' id='word_1_344' title='bbox 1837 4227 2011 4284; x_wconf 77' lang='lat' dir='ltr'><strong>homo</strong></span> <span class='ocrx_word' id='word_1_345' title='bbox 2050 4227 2127 4285; x_wconf 74' lang='lat' dir='ltr'><strong>ab</strong></span> <span class='ocrx_word' id='word_1_346' title='bbox 2170 4227 2370 4301; x_wconf 83' lang='lat' dir='ltr'><strong>aliquo</strong></span> 
     </span>
     <span class='ocr_line' id='line_1_45' title="bbox 759 4313 2368 4388; baseline 0.002 -18"><span class='ocrx_word' id='word_1_347' title='bbox 759 4313 1174 4388; x_wconf 76' lang='lat' dir='ltr'><strong>prohiberetur</strong></span> <span class='ocrx_word' id='word_1_348' title='bbox 1191 4359 1207 4382; x_wconf 92' lang='lat'><strong>,</strong></span> <span class='ocrx_word' id='word_1_349' title='bbox 1245 4320 1314 4372; x_wconf 78' lang='lat' dir='ltr'><strong>ut</strong></span> <span class='ocrx_word' id='word_1_350' title='bbox 1336 4319 1484 4371; x_wconf 80' lang='lat' dir='ltr'><strong>esset</strong></span> <span class='ocrx_word' id='word_1_351' title='bbox 1510 4317 1565 4370; x_wconf 84' lang='lat' dir='ltr'><strong>ei</strong></span> <span class='ocrx_word' id='word_1_352' title='bbox 1589 4319 1775 4372; x_wconf 77' lang='lat' dir='ltr'><strong>virtus</strong></span> <span class='ocrx_word' id='word_1_353' title='bbox 1813 4315 2077 4373; x_wconf 86' lang='lat' dir='ltr'><strong>merendi</strong></span> <span class='ocrx_word' id='word_1_354' title='bbox 2103 4316 2368 4374; x_wconf 81' lang='lat' dir='ltr'><strong>obedien·</strong></span> 
     </span>
     <span class='ocr_line' id='line_1_46' title="bbox 765 4393 2365 4481; baseline 0.003 -21"><span class='ocrx_word' id='word_1_355' title='bbox 765 4406 874 4461; x_wconf 80' lang='lat' dir='ltr'><strong>tia.</strong></span> <span class='ocrx_word' id='word_1_356' title='bbox 905 4403 1061 4471; x_wconf 87' lang='lat' dir='ltr'><strong>Quod</strong></span> <span class='ocrx_word' id='word_1_357' title='bbox 1099 4418 1229 4460; x_wconf 81' lang='lat' dir='ltr'><strong>vero</strong></span> <span class='ocrx_word' id='word_1_358' title='bbox 1259 4403 1440 4460; x_wconf 89' lang='lat' dir='ltr'><strong>addita</strong></span> <span class='ocrx_word' id='word_1_359' title='bbox 1468 4404 1634 4462; x_wconf 77' lang='lat' dir='ltr'><strong>luerit</strong></span> <span class='ocrx_word' id='word_1_360' title='bbox 1667 4393 2064 4478; x_wconf 76' lang='lat' dir='ltr'><strong>comminatio,⁰</strong></span> <span class='ocrx_word' id='word_1_361' title='bbox 2086 4423 2197 4464; x_wconf 89' lang='lat' dir='ltr'><strong>non</strong></span> <span class='ocrx_word' id='word_1_362' title='bbox 2239 4409 2365 4481; x_wconf 77' lang='lat' dir='ltr'><strong>suit,</strong></span> 
     </span>
     <span class='ocr_line' id='line_1_47' title="bbox 767 4491 2369 4571; baseline 0.002 -23"><span class='ocrx_word' id='word_1_363' title='bbox 767 4495 896 4566; x_wconf 88' lang='lat' dir='ltr'><strong>quia</strong></span> <span class='ocrx_word' id='word_1_364' title='bbox 924 4491 1088 4550; x_wconf 88' lang='lat' dir='ltr'><strong>bomo</strong></span> <span class='ocrx_word' id='word_1_365' title='bbox 1113 4507 1180 4550; x_wconf 86' lang='lat' dir='ltr'><strong>ex</strong></span> <span class='ocrx_word' id='word_1_366' title='bbox 1219 4493 1271 4548; x_wconf 86' lang='lat' dir='ltr'><strong>vi</strong></span> <span class='ocrx_word' id='word_1_367' title='bbox 1297 4492 1643 4564; x_wconf 81' lang='lat' dir='ltr'><strong>perfectionis</strong></span> <span class='ocrx_word' id='word_1_368' title='bbox 1673 4493 1814 4550; x_wconf 91' lang='lat' dir='ltr'><strong>illius</strong></span> <span class='ocrx_word' id='word_1_369' title='bbox 1843 4500 2018 4552; x_wconf 87' lang='lat' dir='ltr'><strong>status</strong></span> <span class='ocrx_word' id='word_1_370' title='bbox 2045 4495 2136 4552; x_wconf 90' lang='lat' dir='ltr'><strong>illa</strong></span> <span class='ocrx_word' id='word_1_371' title='bbox 2161 4495 2369 4571; x_wconf 88' lang='lat' dir='ltr'><strong>indige-</strong></span> 
     </span>
     <span class='ocr_line' id='line_1_48' title="bbox 765 4581 2365 4658; baseline 0 -16"><span class='ocrx_word' id='word_1_372' title='bbox 765 4589 879 4653; x_wconf 88' lang='lat' dir='ltr'><strong>ret,</strong></span> <span class='ocrx_word' id='word_1_373' title='bbox 909 4581 1004 4639; x_wconf 88' lang='lat' dir='ltr'><strong>sed</strong></span> <span class='ocrx_word' id='word_1_374' title='bbox 1037 4583 1154 4639; x_wconf 87' lang='lat' dir='ltr'><strong>aliis</strong></span> <span class='ocrx_word' id='word_1_375' title='bbox 1193 4581 1260 4638; x_wconf 89' lang='lat' dir='ltr'><strong>de</strong></span> <span class='ocrx_word' id='word_1_376' title='bbox 1289 4583 1502 4656; x_wconf 88' lang='lat' dir='ltr'><strong>causis,</strong></span> <span class='ocrx_word' id='word_1_377' title='bbox 1534 4589 1598 4638; x_wconf 93' lang='lat' dir='ltr'><strong>ut</strong></span> <span class='ocrx_word' id='word_1_378' title='bbox 1627 4581 1694 4638; x_wconf 87' lang='lat' dir='ltr'><strong>ad</strong></span> <span class='ocrx_word' id='word_1_379' title='bbox 1723 4583 2156 4658; x_wconf 73' lang='lat' dir='ltr'><strong>exaggerandam</strong></span> <span class='ocrx_word' id='word_1_380' title='bbox 2184 4587 2365 4658; x_wconf 87' lang='lat' dir='ltr'><strong>gravi-</strong></span> 
     </span>
     <span class='ocr_line' id='line_1_49' title="bbox 767 4671 2365 4744; baseline 0 -14"><span class='ocrx_word' id='word_1_381' title='bbox 767 4678 933 4730; x_wconf 89' lang='lat' dir='ltr'><strong>tatem</strong></span> <span class='ocrx_word' id='word_1_382' title='bbox 969 4671 1278 4744; x_wconf 87' lang='lat' dir='ltr'><strong>praecepti,</strong></span> <span class='ocrx_word' id='word_1_383' title='bbox 1323 4687 1354 4728; x_wconf 90' lang='lat' dir='ltr'><strong>a</strong></span> <span class='ocrx_word' id='word_1_384' title='bbox 1395 4672 1556 4730; x_wconf 88' lang='lat' dir='ltr'><strong>cuius</strong></span> <span class='ocrx_word' id='word_1_385' title='bbox 1587 4672 1938 4731; x_wconf 85' lang='lat' dir='ltr'><strong>observantia</strong></span> <span class='ocrx_word' id='word_1_386' title='bbox 1965 4674 2171 4730; x_wconf 92' lang='lat' dir='ltr'><strong>bonum</strong></span> <span class='ocrx_word' id='word_1_387' title='bbox 2198 4675 2365 4732; x_wconf 90' lang='lat' dir='ltr'><strong>totius</strong></span> 
     </span>
     <span class='ocr_line' id='line_1_50' title="bbox 770 4759 2367 4835; baseline 0.001 -17"><span class='ocrx_word' id='word_1_388' title='bbox 770 4769 998 4820; x_wconf 88' lang='lat' dir='ltr'><strong>naturae</strong></span> <span class='ocrx_word' id='word_1_389' title='bbox 1034 4759 1334 4835; x_wconf 87' lang='lat' dir='ltr'><strong>pendebat,</strong></span> <span class='ocrx_word' id='word_1_390' title='bbox 1365 4768 1420 4818; x_wconf 87' lang='lat' dir='ltr'><strong>et</strong></span> <span class='ocrx_word' id='word_1_391' title='bbox 1453 4769 1681 4835; x_wconf 87' lang='lat' dir='ltr'><strong>propter</strong></span> <span class='ocrx_word' id='word_1_392' title='bbox 1707 4761 2058 4821; x_wconf 88' lang='lat' dir='ltr'><strong>mobilitatem</strong></span> <span class='ocrx_word' id='word_1_393' title='bbox 2097 4763 2250 4820; x_wconf 90' lang='lat' dir='ltr'><strong>liberi</strong></span> <span class='ocrx_word' id='word_1_394' title='bbox 2280 4781 2367 4822; x_wconf 92' lang='lat' dir='ltr'><strong>ar-</strong></span> 
     </span>
     <span class='ocr_line' id='line_1_51' title="bbox 764 4849 2366 4924; baseline 0.001 -15"><span class='ocrx_word' id='word_1_395' title='bbox 764 4852 910 4909; x_wconf 88' lang='lat' dir='ltr'><strong>bitrii</strong></span> <span class='ocrx_word' id='word_1_396' title='bbox 942 4849 1321 4922; x_wconf 77' lang='lat' dir='ltr'><strong>fraenandam,</strong></span> <span class='ocrx_word' id='word_1_397' title='bbox 1352 4867 1494 4924; x_wconf 89' lang='lat' dir='ltr'><strong>quae</strong></span> <span class='ocrx_word' id='word_1_398' title='bbox 1534 4859 1751 4924; x_wconf 90' lang='lat' dir='ltr'><strong>poterat</strong></span> <span class='ocrx_word' id='word_1_399' title='bbox 1793 4859 1961 4910; x_wconf 88' lang='lat' dir='ltr'><strong>totam</strong></span> <span class='ocrx_word' id='word_1_400' title='bbox 2003 4852 2147 4908; x_wconf 90' lang='lat' dir='ltr'><strong>illam</strong></span> <span class='ocrx_word' id='word_1_401' title='bbox 2190 4854 2366 4924; x_wconf 77' lang='lat' dir='ltr'><strong>perse-</strong></span> 
     </span>
     <span class='ocr_line' id='line_1_52' title="bbox 767 4940 2357 5015; baseline 0.001 -17"><span class='ocrx_word' id='word_1_402' title='bbox 767 4941 1004 4998; x_wconf 90' lang='lat' dir='ltr'><strong>ctionem</strong></span> <span class='ocrx_word' id='word_1_403' title='bbox 1035 4940 1238 5012; x_wconf 88' lang='lat' dir='ltr'><strong>gratiae</strong></span> <span class='ocrx_word' id='word_1_404' title='bbox 1267 4941 1556 5013; x_wconf 89' lang='lat' dir='ltr'><strong>deserere,</strong></span> <span class='ocrx_word' id='word_1_405' title='bbox 1586 4950 1645 4999; x_wconf 87' lang='lat' dir='ltr'><strong>et</strong></span> <span class='ocrx_word' id='word_1_406' title='bbox 1670 4956 1729 4998; x_wconf 88' lang='lat' dir='ltr'><strong>se</strong></span> <span class='ocrx_word' id='word_1_407' title='bbox 1771 4940 1838 4998; x_wconf 91' lang='lat' dir='ltr'><strong>ab</strong></span> <span class='ocrx_word' id='word_1_408' title='bbox 1879 4941 1967 4997; x_wconf 90' lang='lat' dir='ltr'><strong>illa</strong></span> <span class='ocrx_word' id='word_1_409' title='bbox 2008 4941 2357 5015; x_wconf 82' lang='lat' dir='ltr'><strong>subtrahere,</strong></span> 
     </span>
     <span class='ocr_line' id='line_1_53' title="bbox 767 5031 2361 5104; baseline -0.001 -17"><span class='ocrx_word' id='word_1_410' title='bbox 767 5031 916 5088; x_wconf 88' lang='lat' dir='ltr'><strong>sicut</strong></span> <span class='ocrx_word' id='word_1_411' title='bbox 941 5031 1088 5088; x_wconf 77' lang='lat' dir='ltr'><strong>lecit.</strong></span> <span class='ocrx_word' id='word_1_412' title='bbox 1121 5032 1191 5087; x_wconf 90' lang='lat' dir='ltr'><strong>Et</strong></span> <span class='ocrx_word' id='word_1_413' title='bbox 1214 5031 1286 5087; x_wconf 87' lang='lat' dir='ltr'><strong>ita</strong></span> <span class='ocrx_word' id='word_1_414' title='bbox 1305 5045 1415 5088; x_wconf 88' lang='lat' dir='ltr'><strong>non</strong></span> <span class='ocrx_word' id='word_1_415' title='bbox 1435 5037 1521 5086; x_wconf 91' lang='lat' dir='ltr'><strong>est</strong></span> <span class='ocrx_word' id='word_1_416' title='bbox 1542 5031 1884 5104; x_wconf 88' lang='lat' dir='ltr'><strong>negandum,</strong></span> <span class='ocrx_word' id='word_1_417' title='bbox 1913 5031 2361 5088; x_wconf 84' lang='lat' dir='ltr'><strong>comminationes</strong></span> 
     </span>
     <span class='ocr_line' id='line_1_54' title="bbox 767 5118 2361 5194; baseline 0 -16"><span class='ocrx_word' id='word_1_418' title='bbox 767 5120 881 5178; x_wconf 83' lang='lat' dir='ltr'><strong>lieri</strong></span> <span class='ocrx_word' id='word_1_419' title='bbox 905 5120 1062 5176; x_wconf 86' lang='lat' dir='ltr'><strong>iustis</strong></span> <span class='ocrx_word' id='word_1_420' title='bbox 1084 5162 1098 5189; x_wconf 95' lang='lat'><strong>,</strong></span> <span class='ocrx_word' id='word_1_421' title='bbox 1127 5126 1181 5177; x_wconf 91' lang='lat' dir='ltr'><strong>et</strong></span> <span class='ocrx_word' id='word_1_422' title='bbox 1206 5134 1329 5176; x_wconf 89' lang='lat' dir='ltr'><strong>esse</strong></span> <span class='ocrx_word' id='word_1_423' title='bbox 1358 5119 1515 5176; x_wconf 90' lang='lat' dir='ltr'><strong>utiles</strong></span> <span class='ocrx_word' id='word_1_424' title='bbox 1543 5118 1680 5194; x_wconf 87' lang='lat' dir='ltr'><strong>illis,</strong></span> <span class='ocrx_word' id='word_1_425' title='bbox 1711 5119 1808 5176; x_wconf 86' lang='lat' dir='ltr'><strong>sed</strong></span> <span class='ocrx_word' id='word_1_426' title='bbox 1836 5119 2016 5176; x_wconf 89' lang='lat' dir='ltr'><strong>solum</strong></span> <span class='ocrx_word' id='word_1_427' title='bbox 2039 5119 2237 5177; x_wconf 89' lang='lat' dir='ltr'><strong>dicunt</strong></span> <span class='ocrx_word' id='word_1_428' title='bbox 2262 5136 2361 5178; x_wconf 92' lang='lat' dir='ltr'><strong>au-</strong></span> 
     </span>
     <span class='ocr_line' id='line_1_55' title="bbox 769 5208 2358 5284; baseline -0.001 -16"><span class='ocrx_word' id='word_1_429' title='bbox 769 5215 954 5268; x_wconf 86' lang='lat' dir='ltr'><strong>ctores</strong></span> <span class='ocrx_word' id='word_1_430' title='bbox 991 5224 1161 5283; x_wconf 88' lang='lat' dir='ltr'><strong>supra</strong></span> <span class='ocrx_word' id='word_1_431' title='bbox 1189 5209 1370 5284; x_wconf 84' lang='lat' dir='ltr'><strong>citati,</strong></span> <span class='ocrx_word' id='word_1_432' title='bbox 1399 5225 1509 5266; x_wconf 89' lang='lat' dir='ltr'><strong>non</strong></span> <span class='ocrx_word' id='word_1_433' title='bbox 1535 5224 1636 5281; x_wconf 88' lang='lat' dir='ltr'><strong>pro</strong></span> <span class='ocrx_word' id='word_1_434' title='bbox 1673 5208 1778 5268; x_wconf 88' lang='lat' dir='ltr'><strong>illis</strong></span> <span class='ocrx_word' id='word_1_435' title='bbox 1811 5208 2185 5282; x_wconf 79' lang='lat' dir='ltr'><strong>principaliter</strong></span> <span class='ocrx_word' id='word_1_436' title='bbox 2210 5211 2358 5284; x_wconf 88' lang='lat' dir='ltr'><strong>poni,</strong></span> 
     </span>
    </p>
   </div>
   <div class='ocr_carea' id='block_1_3' title="bbox 2276 346 2559 397">
    <p class='ocr_par' dir='ltr' id='par_1_5' title="bbox 2276 346 2559 397">
     <span class='ocr_line' id='line_1_56' title="bbox 2276 346 2559 397; baseline -0.014 0"><span class='ocrx_word' id='word_1_437' title='bbox 2276 346 2481 397; x_wconf 70' lang='lat' dir='ltr'><strong>mnu</strong></span> <span class='ocrx_word' id='word_1_438' title='bbox 2507 347 2559 396; x_wconf 87' lang='lat'><strong>1.</strong></span> 
     </span>
    </p>
   </div>
   <div class='ocr_carea' id='block_1_4' title="bbox 2432 469 4055 5282">
    <p class='ocr_par' dir='ltr' id='par_1_6' title="bbox 2446 469 4055 812">
     <span class='ocr_line' id='line_1_57' title="bbox 2447 469 4055 546; baseline 0.001 -19"><span class='ocrx_word' id='word_1_439' title='bbox 2447 485 2625 544; x_wconf 88' lang='lat' dir='ltr'><strong>neque</strong></span> <span class='ocrx_word' id='word_1_440' title='bbox 2650 469 2751 528; x_wconf 84' lang='lat' dir='ltr'><strong>illis</strong></span> <span class='ocrx_word' id='word_1_441' title='bbox 2779 471 3077 543; x_wconf 84' lang='lat' dir='ltr'><strong>praecipue</strong></span> <span class='ocrx_word' id='word_1_442' title='bbox 3102 471 3343 544; x_wconf 82' lang='lat' dir='ltr'><strong>moveri,</strong></span> <span class='ocrx_word' id='word_1_443' title='bbox 3376 471 3452 546; x_wconf 90' lang='lat' dir='ltr'><strong>si,</strong></span> <span class='ocrx_word' id='word_1_444' title='bbox 3482 477 3547 530; x_wconf 91' lang='lat' dir='ltr'><strong>ut</strong></span> <span class='ocrx_word' id='word_1_445' title='bbox 3572 473 3701 531; x_wconf 87' lang='lat' dir='ltr'><strong>iusti</strong></span> <span class='ocrx_word' id='word_1_446' title='bbox 3728 476 3889 545; x_wconf 88' lang='lat' dir='ltr'><strong>sunt,</strong></span> <span class='ocrx_word' id='word_1_447' title='bbox 3920 486 4055 544; x_wconf 87' lang='lat' dir='ltr'><strong>ope-</strong></span> 
     </span>
     <span class='ocr_line' id='line_1_58' title="bbox 2446 560 4052 638; baseline -0.002 -18"><span class='ocrx_word' id='word_1_448' title='bbox 2446 569 2663 620; x_wconf 88' lang='lat' dir='ltr'><strong>rentur.</strong></span> <span class='ocrx_word' id='word_1_449' title='bbox 2694 561 2957 635; x_wconf 84' lang='lat' dir='ltr'><strong>Idemque</strong></span> <span class='ocrx_word' id='word_1_450' title='bbox 2986 560 3394 620; x_wconf 90' lang='lat' dir='ltr'><strong>accommodari</strong></span> <span class='ocrx_word' id='word_1_451' title='bbox 3424 569 3607 636; x_wconf 90' lang='lat' dir='ltr'><strong>potest</strong></span> <span class='ocrx_word' id='word_1_452' title='bbox 3636 562 3706 620; x_wconf 88' lang='lat' dir='ltr'><strong>ad</strong></span> <span class='ocrx_word' id='word_1_453' title='bbox 3733 562 3911 638; x_wconf 86' lang='lat' dir='ltr'><strong>legem</strong></span> <span class='ocrx_word' id='word_1_454' title='bbox 3940 563 4052 619; x_wconf 87' lang='lat' dir='ltr'><strong>cir·</strong></span> 
     </span>
     <span class='ocr_line' id='line_1_59' title="bbox 2450 649 4053 728; baseline -0.002 -18"><span class='ocrx_word' id='word_1_455' title='bbox 2450 651 2839 722; x_wconf 86' lang='lat' dir='ltr'><strong>cumcisionis,</strong></span> <span class='ocrx_word' id='word_1_456' title='bbox 2871 649 2938 707; x_wconf 90' lang='lat' dir='ltr'><strong>de</strong></span> <span class='ocrx_word' id='word_1_457' title='bbox 2966 665 3077 724; x_wconf 89' lang='lat' dir='ltr'><strong>qua</strong></span> <span class='ocrx_word' id='word_1_458' title='bbox 3104 651 3279 708; x_wconf 91' lang='lat' dir='ltr'><strong>minor</strong></span> <span class='ocrx_word' id='word_1_459' title='bbox 3305 657 3391 709; x_wconf 87' lang='lat' dir='ltr'><strong>est</strong></span> <span class='ocrx_word' id='word_1_460' title='bbox 3428 651 3757 724; x_wconf 84' lang='lat' dir='ltr'><strong>difficultas,</strong></span> <span class='ocrx_word' id='word_1_461' title='bbox 3800 653 3931 728; x_wconf 89' lang='lat' dir='ltr'><strong>quia</strong></span> <span class='ocrx_word' id='word_1_462' title='bbox 3956 651 4053 710; x_wconf 87' lang='lat' dir='ltr'><strong>illa</strong></span> 
     </span>
     <span class='ocr_line' id='line_1_60' title="bbox 2449 740 3953 812; baseline 0.002 -15"><span class='ocrx_word' id='word_1_463' title='bbox 2449 740 2575 798; x_wconf 87' lang='lat' dir='ltr'><strong>data</strong></span> <span class='ocrx_word' id='word_1_464' title='bbox 2603 741 2705 797; x_wconf 79' lang='lat' dir='ltr'><strong>suit</strong></span> <span class='ocrx_word' id='word_1_465' title='bbox 2730 740 3019 797; x_wconf 82' lang='lat' dir='ltr'><strong>occasione</strong></span> <span class='ocrx_word' id='word_1_466' title='bbox 3047 742 3291 812; x_wconf 89' lang='lat' dir='ltr'><strong>peccati,</strong></span> <span class='ocrx_word' id='word_1_467' title='bbox 3320 743 3453 799; x_wconf 88' lang='lat' dir='ltr'><strong>etin</strong></span> <span class='ocrx_word' id='word_1_468' title='bbox 3482 740 3785 799; x_wconf 89' lang='lat' dir='ltr'><strong>remedium</strong></span> <span class='ocrx_word' id='word_1_469' title='bbox 3812 743 3953 800; x_wconf 85' lang='lat' dir='ltr'><strong>eius.</strong></span> 
     </span>
    </p>

    <p class='ocr_par' dir='ltr' id='par_1_7' title="bbox 2437 829 4053 3762">
     <span class='ocr_line' id='line_1_61' title="bbox 2524 829 4049 903; baseline -0.001 -16"><span class='ocrx_word' id='word_1_470' title='bbox 2524 829 2663 887; x_wconf 77' lang='lat' dir='ltr'><strong>Addi</strong></span> <span class='ocrx_word' id='word_1_471' title='bbox 2692 829 2923 902; x_wconf 87' lang='lat' dir='ltr'><strong>denique</strong></span> <span class='ocrx_word' id='word_1_472' title='bbox 2954 835 3163 901; x_wconf 87' lang='lat' dir='ltr'><strong>potest,</strong></span> <span class='ocrx_word' id='word_1_473' title='bbox 3194 845 3325 886; x_wconf 84' lang='lat' dir='ltr'><strong>curn</strong></span> <span class='ocrx_word' id='word_1_474' title='bbox 3350 829 3553 887; x_wconf 90' lang='lat' dir='ltr'><strong>dicitur</strong></span> <span class='ocrx_word' id='word_1_475' title='bbox 3590 830 3677 889; x_wconf 86' lang='lat' dir='ltr'><strong>lex</strong></span> <span class='ocrx_word' id='word_1_476' title='bbox 3703 846 3811 887; x_wconf 90' lang='lat' dir='ltr'><strong>non</strong></span> <span class='ocrx_word' id='word_1_477' title='bbox 3838 831 4049 903; x_wconf 87' lang='lat' dir='ltr'><strong>imponi</strong></span> 
     </span>
     <span class='ocr_line' id='line_1_62' title="bbox 2450 918 4046 992; baseline 0.001 -16"><span class='ocrx_word' id='word_1_478' title='bbox 2450 920 2633 991; x_wconf 89' lang='lat' dir='ltr'><strong>iusto;</strong></span> <span class='ocrx_word' id='word_1_479' title='bbox 2666 921 2884 991; x_wconf 87' lang='lat' dir='ltr'><strong>proprie</strong></span> <span class='ocrx_word' id='word_1_480' title='bbox 2913 920 3133 992; x_wconf 87' lang='lat' dir='ltr'><strong>intelligi</strong></span> <span class='ocrx_word' id='word_1_481' title='bbox 3170 918 3240 976; x_wconf 90' lang='lat' dir='ltr'><strong>de</strong></span> <span class='ocrx_word' id='word_1_482' title='bbox 3282 919 3399 992; x_wconf 86' lang='lat' dir='ltr'><strong>lege</strong></span> <span class='ocrx_word' id='word_1_483' title='bbox 3438 926 3664 977; x_wconf 80' lang='lat' dir='ltr'><strong>externa</strong></span> <span class='ocrx_word' id='word_1_484' title='bbox 3688 961 3704 990; x_wconf 91' lang='lat'><strong>,</strong></span> <span class='ocrx_word' id='word_1_485' title='bbox 3732 928 3789 979; x_wconf 91' lang='lat' dir='ltr'><strong>et</strong></span> <span class='ocrx_word' id='word_1_486' title='bbox 3814 922 4046 992; x_wconf 85' lang='lat' dir='ltr'><strong>scripta,</strong></span> 
     </span>
     <span class='ocr_line' id='line_1_63' title="bbox 2448 1008 4053 1083; baseline -0.001 -17"><span class='ocrx_word' id='word_1_487' title='bbox 2448 1025 2594 1083; x_wconf 89' lang='lat' dir='ltr'><strong>quae</strong></span> <span class='ocrx_word' id='word_1_488' title='bbox 2616 1009 2841 1082; x_wconf 89' lang='lat' dir='ltr'><strong>ponitur</strong></span> <span class='ocrx_word' id='word_1_489' title='bbox 2870 1009 3167 1081; x_wconf 88' lang='lat' dir='ltr'><strong>praecipue</strong></span> <span class='ocrx_word' id='word_1_490' title='bbox 3194 1008 3262 1064; x_wconf 89' lang='lat' dir='ltr'><strong>ad</strong></span> <span class='ocrx_word' id='word_1_491' title='bbox 3283 1009 3649 1066; x_wconf 86' lang='lat' dir='ltr'><strong>renovandam</strong></span> <span class='ocrx_word' id='word_1_492' title='bbox 3676 1009 3873 1081; x_wconf 88' lang='lat' dir='ltr'><strong>legem,</strong></span> <span class='ocrx_word' id='word_1_493' title='bbox 3904 1025 4053 1082; x_wconf 88' lang='lat' dir='ltr'><strong>quae</strong></span> 
     </span>
     <span class='ocr_line' id='line_1_64' title="bbox 2446 1096 4053 1172; baseline 0.001 -17"><span class='ocrx_word' id='word_1_494' title='bbox 2446 1097 2673 1156; x_wconf 90' lang='lat' dir='ltr'><strong>deberet</strong></span> <span class='ocrx_word' id='word_1_495' title='bbox 2700 1111 2823 1154; x_wconf 85' lang='lat' dir='ltr'><strong>esse</strong></span> <span class='ocrx_word' id='word_1_496' title='bbox 2853 1098 3058 1169; x_wconf 86' lang='lat' dir='ltr'><strong>scripta</strong></span> <span class='ocrx_word' id='word_1_497' title='bbox 3090 1096 3141 1153; x_wconf 85' lang='lat' dir='ltr'><strong>in</strong></span> <span class='ocrx_word' id='word_1_498' title='bbox 3171 1097 3465 1170; x_wconf 82' lang='lat' dir='ltr'><strong>cordibus,</strong></span> <span class='ocrx_word' id='word_1_499' title='bbox 3496 1106 3551 1156; x_wconf 90' lang='lat' dir='ltr'><strong>et</strong></span> <span class='ocrx_word' id='word_1_500' title='bbox 3568 1104 3656 1156; x_wconf 89' lang='lat' dir='ltr'><strong>est</strong></span> <span class='ocrx_word' id='word_1_501' title='bbox 3676 1099 3833 1172; x_wconf 83' lang='lat' dir='ltr'><strong>quasi</strong></span> <span class='ocrx_word' id='word_1_502' title='bbox 3854 1099 4053 1157; x_wconf 86' lang='lat' dir='ltr'><strong>oblite-</strong></span> 
     </span>
     <span class='ocr_line' id='line_1_65' title="bbox 2446 1186 4051 1260; baseline 0.001 -17"><span class='ocrx_word' id='word_1_503' title='bbox 2446 1193 2597 1260; x_wconf 88' lang='lat' dir='ltr'><strong>rata,</strong></span> <span class='ocrx_word' id='word_1_504' title='bbox 2630 1201 2727 1244; x_wconf 87' lang='lat' dir='ltr'><strong>seu</strong></span> <span class='ocrx_word' id='word_1_505' title='bbox 2758 1186 3010 1244; x_wconf 82' lang='lat' dir='ltr'><strong>oblivioni</strong></span> <span class='ocrx_word' id='word_1_506' title='bbox 3037 1186 3163 1243; x_wconf 89' lang='lat' dir='ltr'><strong>data</strong></span> <span class='ocrx_word' id='word_1_507' title='bbox 3192 1193 3415 1260; x_wconf 88' lang='lat' dir='ltr'><strong>propter</strong></span> <span class='ocrx_word' id='word_1_508' title='bbox 3456 1193 3703 1260; x_wconf 87' lang='lat' dir='ltr'><strong>peccata.</strong></span> <span class='ocrx_word' id='word_1_509' title='bbox 3733 1187 3873 1244; x_wconf 87' lang='lat' dir='ltr'><strong>Talis</strong></span> <span class='ocrx_word' id='word_1_510' title='bbox 3902 1191 4051 1246; x_wconf 88' lang='lat' dir='ltr'><strong>euim</strong></span> 
     </span>
     <span class='ocr_line' id='line_1_66' title="bbox 2448 1274 4044 1349; baseline 0.002 -17"><span class='ocrx_word' id='word_1_511' title='bbox 2448 1274 2535 1333; x_wconf 86' lang='lat' dir='ltr'><strong>lex</strong></span> <span class='ocrx_word' id='word_1_512' title='bbox 2575 1291 2683 1332; x_wconf 92' lang='lat' dir='ltr'><strong>non</strong></span> <span class='ocrx_word' id='word_1_513' title='bbox 2727 1276 2924 1348; x_wconf 88' lang='lat' dir='ltr'><strong>datur,</strong></span> <span class='ocrx_word' id='word_1_514' title='bbox 2966 1291 3069 1332; x_wconf 91' lang='lat' dir='ltr'><strong>nec</strong></span> <span class='ocrx_word' id='word_1_515' title='bbox 3111 1275 3371 1334; x_wconf 85' lang='lat' dir='ltr'><strong>scribitur</strong></span> <span class='ocrx_word' id='word_1_516' title='bbox 3396 1277 3454 1333; x_wconf 88' lang='lat' dir='ltr'><strong>in</strong></span> <span class='ocrx_word' id='word_1_517' title='bbox 3492 1276 3727 1349; x_wconf 88' lang='lat' dir='ltr'><strong>tabulis,</strong></span> <span class='ocrx_word' id='word_1_518' title='bbox 3756 1277 3843 1335; x_wconf 80' lang='lat' dir='ltr'><strong>vel</strong></span> <span class='ocrx_word' id='word_1_519' title='bbox 3870 1293 4044 1335; x_wconf 88' lang='lat' dir='ltr'><strong>mem-</strong></span> 
     </span>
     <span class='ocr_line' id='line_1_67' title="bbox 2445 1365 4051 1440; baseline 0.002 -19"><span class='ocrx_word' id='word_1_520' title='bbox 2445 1365 2666 1437; x_wconf 89' lang='lat' dir='ltr'><strong>branis,</strong></span> <span class='ocrx_word' id='word_1_521' title='bbox 2697 1365 2795 1422; x_wconf 91' lang='lat' dir='ltr'><strong>nisi</strong></span> <span class='ocrx_word' id='word_1_522' title='bbox 2836 1371 3063 1437; x_wconf 87' lang='lat' dir='ltr'><strong>propter</strong></span> <span class='ocrx_word' id='word_1_523' title='bbox 3102 1370 3459 1437; x_wconf 86' lang='lat' dir='ltr'><strong>peccatores,</strong></span> <span class='ocrx_word' id='word_1_524' title='bbox 3501 1368 3599 1440; x_wconf 90' lang='lat' dir='ltr'><strong>qui</strong></span> <span class='ocrx_word' id='word_1_525' title='bbox 3638 1368 3755 1424; x_wconf 90' lang='lat' dir='ltr'><strong>sine</strong></span> <span class='ocrx_word' id='word_1_526' title='bbox 3794 1367 3886 1423; x_wconf 90' lang='lat' dir='ltr'><strong>illa</strong></span> <span class='ocrx_word' id='word_1_527' title='bbox 3926 1373 4051 1424; x_wconf 86' lang='lat' dir='ltr'><strong>tan-</strong></span> 
     </span>
     <span class='ocr_line' id='line_1_68' title="bbox 2447 1453 4045 1528; baseline 0.001 -18"><span class='ocrx_word' id='word_1_528' title='bbox 2447 1468 2615 1526; x_wconf 84' lang='lat' dir='ltr'><strong>quam</strong></span> <span class='ocrx_word' id='word_1_529' title='bbox 2656 1453 2769 1510; x_wconf 89' lang='lat' dir='ltr'><strong>sine</strong></span> <span class='ocrx_word' id='word_1_530' title='bbox 2810 1455 2931 1527; x_wconf 88' lang='lat' dir='ltr'><strong>lege</strong></span> <span class='ocrx_word' id='word_1_531' title='bbox 2971 1456 3249 1528; x_wconf 77' lang='lat' dir='ltr'><strong>viverent,</strong></span> <span class='ocrx_word' id='word_1_532' title='bbox 3280 1461 3346 1512; x_wconf 92' lang='lat' dir='ltr'><strong>ut</strong></span> <span class='ocrx_word' id='word_1_533' title='bbox 3376 1462 3529 1513; x_wconf 89' lang='lat' dir='ltr'><strong>recte</strong></span> <span class='ocrx_word' id='word_1_534' title='bbox 3557 1454 3746 1513; x_wconf 87' lang='lat' dir='ltr'><strong>docuit</strong></span> <span class='ocrx_word' id='word_1_535' title='bbox 3764 1456 4045 1514; x_wconf 89' lang='lat' dir='ltr'><strong>Bellarmi-</strong></span> 
     </span>
     <span class='ocr_line' id='line_1_69' title="bbox 2452 1540 4049 1618; baseline 0.004 -21"><span class='ocrx_word' id='word_1_536' title='bbox 2452 1557 2557 1598; x_wconf 89' lang='lat' dir='ltr'><strong>nus</strong></span> <span class='ocrx_word' id='word_1_537' title='bbox 2590 1542 2685 1600; x_wconf 92' lang='lat' dir='ltr'><strong>lib.</strong></span> <span class='ocrx_word' id='word_1_538' title='bbox 2718 1547 2772 1600; x_wconf 80' lang='lat'><strong>3.</strong></span> <span class='ocrx_word' id='word_1_539' title='bbox 2799 1540 2870 1599; x_wconf 82' lang='lat' dir='ltr'><strong>de</strong></span> <span class='ocrx_word' id='word_1_540' title='bbox 2892 1547 3055 1600; x_wconf 76' lang='lat' dir='ltr'><strong>statu</strong></span> <span class='ocrx_word' id='word_1_541' title='bbox 3069 1547 3320 1617; x_wconf 74' lang='lat' dir='ltr'><strong>peccati,</strong></span> <span class='ocrx_word' id='word_1_542' title='bbox 3356 1559 3479 1618; x_wconf 86' lang='lat' dir='ltr'><strong>cap.</strong></span> <span class='ocrx_word' id='word_1_543' title='bbox 3517 1548 3564 1617; x_wconf 90' lang='lat'><strong>1,</strong></span> <span class='ocrx_word' id='word_1_544' title='bbox 3590 1546 3829 1618; x_wconf 87' lang='lat' dir='ltr'><strong>allegans</strong></span> <span class='ocrx_word' id='word_1_545' title='bbox 3850 1547 3907 1602; x_wconf 87' lang='lat' dir='ltr'><strong>in</strong></span> <span class='ocrx_word' id='word_1_546' title='bbox 3924 1563 4049 1604; x_wconf 87' lang='lat' dir='ltr'><strong>eam</strong></span> 
     </span>
     <span class='ocr_line' id='line_1_70' title="bbox 2445 1631 4051 1707; baseline 0.003 -20"><span class='ocrx_word' id='word_1_547' title='bbox 2445 1634 2770 1688; x_wconf 88' lang='lat' dir='ltr'><strong>sententiam</strong></span> <span class='ocrx_word' id='word_1_548' title='bbox 2798 1631 3147 1690; x_wconf 81' lang='lat' dir='ltr'><strong>Ambrosium</strong></span> <span class='ocrx_word' id='word_1_549' title='bbox 3174 1636 3230 1690; x_wconf 91' lang='lat' dir='ltr'><strong>in</strong></span> <span class='ocrx_word' id='word_1_550' title='bbox 3257 1633 3390 1692; x_wconf 90' lang='lat' dir='ltr'><strong>illud</strong></span> <span class='ocrx_word' id='word_1_551' title='bbox 3428 1634 3621 1707; x_wconf 87' lang='lat' dir='ltr'><strong>psalmi</strong></span> <span class='ocrx_word' id='word_1_552' title='bbox 3652 1639 3743 1694; x_wconf 84' lang='lat'><strong>36:</strong></span> <span class='ocrx_word' id='word_1_553' title='bbox 3775 1642 3905 1696; x_wconf 74' lang='lat' dir='ltr'><strong>Lex·</strong></span> <span class='ocrx_word' id='word_1_554' title='bbox 3933 1639 4051 1694; x_wconf 84' lang='lat' dir='ltr'><strong>Dei</strong></span> 
     </span>
     <span class='ocr_line' id='line_1_71' title="bbox 2444 1720 4049 1796; baseline 0.004 -20"><span class='ocrx_word' id='word_1_555' title='bbox 2444 1723 2569 1777; x_wconf 84' lang='lat' dir='ltr'><strong>eius</strong></span> <span class='ocrx_word' id='word_1_556' title='bbox 2596 1724 2662 1779; x_wconf 86' lang='lat' dir='ltr'><strong>in</strong></span> <span class='ocrx_word' id='word_1_557' title='bbox 2686 1720 2863 1778; x_wconf 83' lang='lat' dir='ltr'><strong>corde</strong></span> <span class='ocrx_word' id='word_1_558' title='bbox 2888 1725 3097 1796; x_wconf 82' lang='lat' dir='ltr'><strong>ipsius,</strong></span> <span class='ocrx_word' id='word_1_559' title='bbox 3130 1723 3219 1779; x_wconf 91' lang='lat' dir='ltr'><strong>ubi</strong></span> <span class='ocrx_word' id='word_1_560' title='bbox 3247 1723 3326 1780; x_wconf 87' lang='lat' dir='ltr'><strong>sic</strong></span> <span class='ocrx_word' id='word_1_561' title='bbox 3354 1725 3457 1781; x_wconf 87' lang='lat' dir='ltr'><strong>ait:</strong></span> <span class='ocrx_word' id='word_1_562' title='bbox 3488 1726 3563 1782; x_wconf 91' lang='lat' dir='ltr'><strong>In</strong></span> <span class='ocrx_word' id='word_1_563' title='bbox 3588 1723 3765 1782; x_wconf 84' lang='lat' dir='ltr'><strong>corde</strong></span> <span class='ocrx_word' id='word_1_564' title='bbox 3782 1729 3922 1782; x_wconf 79' lang='lat' dir='ltr'><strong>iusti</strong></span> <span class='ocrx_word' id='word_1_565' title='bbox 3946 1724 4049 1782; x_wconf 78' lang='lat' dir='ltr'><strong>lex</strong></span> 
     </span>
     <span class='ocr_line' id='line_1_72' title="bbox 2444 1810 4048 1888; baseline 0.002 -20"><span class='ocrx_word' id='word_1_566' title='bbox 2444 1813 2559 1868; x_wconf 84' lang='lat' dir='ltr'><strong>Dei</strong></span> <span class='ocrx_word' id='word_1_567' title='bbox 2584 1815 2689 1868; x_wconf 78' lang='lat' dir='ltr'><strong>est.</strong></span> <span class='ocrx_word' id='word_1_568' title='bbox 2731 1815 2905 1886; x_wconf 82' lang='lat' dir='ltr'><strong>Quae</strong></span> <span class='ocrx_word' id='word_1_569' title='bbox 2944 1810 3082 1868; x_wconf 76' lang='lat' dir='ltr'><strong>lex?</strong></span> <span class='ocrx_word' id='word_1_570' title='bbox 3110 1817 3245 1868; x_wconf 86' lang='lat' dir='ltr'><strong>Non</strong></span> <span class='ocrx_word' id='word_1_571' title='bbox 3285 1816 3543 1888; x_wconf 79' lang='lat' dir='ltr'><strong>scripta,</strong></span> <span class='ocrx_word' id='word_1_572' title='bbox 3578 1815 3682 1870; x_wconf 80' lang='lat' dir='ltr'><strong>sed</strong></span> <span class='ocrx_word' id='word_1_573' title='bbox 3718 1813 4048 1882; x_wconf 77' lang='lat' dir='ltr'><strong>naturalis,-</strong></span> 
     </span>
     <span class='ocr_line' id='line_1_73' title="bbox 2441 1899 4049 1976; baseline 0.002 -20"><span class='ocrx_word' id='word_1_574' title='bbox 2441 1902 2597 1956; x_wconf 82' lang='lat' dir='ltr'><strong>iusto</strong></span> <span class='ocrx_word' id='word_1_575' title='bbox 2625 1903 2781 1957; x_wconf 81' lang='lat' dir='ltr'><strong>enim</strong></span> <span class='ocrx_word' id='word_1_576' title='bbox 2804 1917 2925 1958; x_wconf 87' lang='lat' dir='ltr'><strong>non</strong></span> <span class='ocrx_word' id='word_1_577' title='bbox 2952 1905 3039 1957; x_wconf 76' lang='lat' dir='ltr'><strong>est</strong></span> <span class='ocrx_word' id='word_1_578' title='bbox 3062 1899 3163 1958; x_wconf 79' lang='lat' dir='ltr'><strong>lecc</strong></span> <span class='ocrx_word' id='word_1_579' title='bbox 3182 1905 3409 1976; x_wconf 78' lang='lat' dir='ltr'><strong>posita,</strong></span> <span class='ocrx_word' id='word_1_580' title='bbox 3444 1901 3548 1960; x_wconf 83' lang='lat' dir='ltr'><strong>ssd</strong></span> <span class='ocrx_word' id='word_1_581' title='bbox 3568 1906 3810 1960; x_wconf 81' lang='lat' dir='ltr'><strong>iniusto.</strong></span> <span class='ocrx_word' id='word_1_582' title='bbox 3836 1903 4049 1972; x_wconf 84' lang='lat' dir='ltr'><strong>Quibus</strong></span> 
     </span>
     <span class='ocr_line' id='line_1_74' title="bbox 2442 1991 4047 2066; baseline 0.002 -20"><span class='ocrx_word' id='word_1_583' title='bbox 2442 1991 2625 2046; x_wconf 85' lang='lat' dir='ltr'><strong>verbis</strong></span> <span class='ocrx_word' id='word_1_584' title='bbox 2664 1991 2869 2047; x_wconf 83' lang='lat' dir='ltr'><strong>virtute</strong></span> <span class='ocrx_word' id='word_1_585' title='bbox 2891 1991 3287 2063; x_wconf 83' lang='lat' dir='ltr'><strong>interpretatur</strong></span> <span class='ocrx_word' id='word_1_586' title='bbox 3316 1992 3405 2049; x_wconf 88' lang='lat' dir='ltr'><strong>illa</strong></span> <span class='ocrx_word' id='word_1_587' title='bbox 3430 1992 3601 2051; x_wconf 81' lang='lat' dir='ltr'><strong>verba</strong></span> <span class='ocrx_word' id='word_1_588' title='bbox 3637 1994 3706 2050; x_wconf 90' lang='lat' dir='ltr'><strong>de</strong></span> <span class='ocrx_word' id='word_1_589' title='bbox 3744 1994 3865 2066; x_wconf 90' lang='lat' dir='ltr'><strong>lege</strong></span> <span class='ocrx_word' id='word_1_590' title='bbox 3904 1995 4047 2050; x_wconf 89' lang='lat' dir='ltr'><strong>scri-</strong></span> 
     </span>
     <span class='ocr_line' id='line_1_75' title="bbox 2443 2079 4045 2156; baseline 0.002 -22"><span class='ocrx_word' id='word_1_591' title='bbox 2443 2084 2561 2150; x_wconf 76' lang='lat' dir='ltr'><strong>pta,</strong></span> <span class='ocrx_word' id='word_1_592' title='bbox 2598 2086 2872 2150; x_wconf 87' lang='lat' dir='ltr'><strong>quatenus</strong></span> <span class='ocrx_word' id='word_1_593' title='bbox 2902 2086 2989 2136; x_wconf 89' lang='lat' dir='ltr'><strong>est</strong></span> <span class='ocrx_word' id='word_1_594' title='bbox 3016 2082 3298 2138; x_wconf 84' lang='lat' dir='ltr'><strong>renovatio</strong></span> <span class='ocrx_word' id='word_1_595' title='bbox 3327 2079 3465 2155; x_wconf 87' lang='lat' dir='ltr'><strong>legis</strong></span> <span class='ocrx_word' id='word_1_596' title='bbox 3489 2121 3507 2149; x_wconf 93' lang='lat'><strong>,</strong></span> <span class='ocrx_word' id='word_1_597' title='bbox 3550 2097 3693 2156; x_wconf 84' lang='lat' dir='ltr'><strong>quae</strong></span> <span class='ocrx_word' id='word_1_598' title='bbox 3733 2081 3894 2140; x_wconf 92' lang='lat' dir='ltr'><strong>debet</strong></span> <span class='ocrx_word' id='word_1_599' title='bbox 3920 2098 4045 2139; x_wconf 84' lang='lat' dir='ltr'><strong>esse</strong></span> 
     </span>
     <span class='ocr_line' id='line_1_76' title="bbox 2440 2168 4043 2244; baseline 0.002 -21"><span class='ocrx_word' id='word_1_600' title='bbox 2440 2169 2648 2240; x_wconf 87' lang='lat' dir='ltr'><strong>scripta</strong></span> <span class='ocrx_word' id='word_1_601' title='bbox 2670 2169 2726 2225; x_wconf 90' lang='lat' dir='ltr'><strong>in</strong></span> <span class='ocrx_word' id='word_1_602' title='bbox 2749 2168 2937 2226; x_wconf 90' lang='lat' dir='ltr'><strong>corde.</strong></span> <span class='ocrx_word' id='word_1_603' title='bbox 2963 2171 3033 2226; x_wconf 90' lang='lat' dir='ltr'><strong>Et</strong></span> <span class='ocrx_word' id='word_1_604' title='bbox 3054 2169 3197 2226; x_wconf 87' lang='lat' dir='ltr'><strong>idem</strong></span> <span class='ocrx_word' id='word_1_605' title='bbox 3220 2171 3545 2244; x_wconf 84' lang='lat' dir='ltr'><strong>significavit</strong></span> <span class='ocrx_word' id='word_1_606' title='bbox 3564 2172 3909 2244; x_wconf 82' lang='lat' dir='ltr'><strong>Augustinus</strong></span> <span class='ocrx_word' id='word_1_607' title='bbox 3932 2173 4043 2228; x_wconf 87' lang='lat' dir='ltr'><strong>cir·</strong></span> 
     </span>
     <span class='ocr_line' id='line_1_77' title="bbox 2441 2256 4045 2332; baseline 0.002 -19"><span class='ocrx_word' id='word_1_608' title='bbox 2441 2257 2627 2314; x_wconf 90' lang='lat' dir='ltr'><strong>cailla</strong></span> <span class='ocrx_word' id='word_1_609' title='bbox 2656 2256 2822 2315; x_wconf 84' lang='lat' dir='ltr'><strong>verba</strong></span> <span class='ocrx_word' id='word_1_610' title='bbox 2862 2258 3055 2329; x_wconf 87' lang='lat' dir='ltr'><strong>psalmi</strong></span> <span class='ocrx_word' id='word_1_611' title='bbox 3104 2263 3160 2317; x_wconf 89' lang='lat'><strong>1:</strong></span> <span class='ocrx_word' id='word_1_612' title='bbox 3206 2262 3282 2316; x_wconf 86' lang='lat' dir='ltr'><strong>In</strong></span> <span class='ocrx_word' id='word_1_613' title='bbox 3319 2258 3444 2332; x_wconf 77' lang='lat' dir='ltr'><strong>leqe</strong></span> <span class='ocrx_word' id='word_1_614' title='bbox 3478 2263 3727 2318; x_wconf 83' lang='lat' dir='ltr'><strong>Domini</strong></span> <span class='ocrx_word' id='word_1_615' title='bbox 3765 2259 4045 2317; x_wconf 73' lang='lat' dir='ltr'><strong>voluntas</strong></span> 
     </span>
     <span class='ocr_line' id='line_1_78' title="bbox 2440 2346 4045 2422; baseline 0.003 -20"><span class='ocrx_word' id='word_1_616' title='bbox 2440 2349 2604 2416; x_wconf 78' lang='lat' dir='ltr'><strong>eius,</strong></span> <span class='ocrx_word' id='word_1_617' title='bbox 2636 2346 2915 2405; x_wconf 84' lang='lat' dir='ltr'><strong>adducens</strong></span> <span class='ocrx_word' id='word_1_618' title='bbox 2952 2349 3116 2404; x_wconf 87' lang='lat' dir='ltr'><strong>etiam</strong></span> <span class='ocrx_word' id='word_1_619' title='bbox 3153 2347 3305 2406; x_wconf 89' lang='lat' dir='ltr'><strong>dicta</strong></span> <span class='ocrx_word' id='word_1_620' title='bbox 3333 2349 3500 2406; x_wconf 81' lang='lat' dir='ltr'><strong>verba</strong></span> <span class='ocrx_word' id='word_1_621' title='bbox 3524 2349 3703 2422; x_wconf 88' lang='lat' dir='ltr'><strong>Pauli,</strong></span> <span class='ocrx_word' id='word_1_622' title='bbox 3734 2355 3787 2406; x_wconf 89' lang='lat' dir='ltr'><strong>et</strong></span> <span class='ocrx_word' id='word_1_623' title='bbox 3816 2349 4045 2407; x_wconf 89' lang='lat' dir='ltr'><strong>subiun-</strong></span> 
     </span>
     <span class='ocr_line' id='line_1_79' title="bbox 2438 2435 4040 2514; baseline 0.002 -22"><span class='ocrx_word' id='word_1_624' title='bbox 2438 2450 2607 2507; x_wconf 88' lang='lat' dir='ltr'><strong>gens:</strong></span> <span class='ocrx_word' id='word_1_625' title='bbox 2638 2435 2821 2494; x_wconf 82' lang='lat' dir='ltr'><strong>Aliud</strong></span> <span class='ocrx_word' id='word_1_626' title='bbox 2846 2441 2933 2494; x_wconf 77' lang='lat' dir='ltr'><strong>est</strong></span> <span class='ocrx_word' id='word_1_627' title='bbox 2958 2435 3082 2503; x_wconf 66' lang='lat' dir='ltr'><strong>leat,</strong></span> <span class='ocrx_word' id='word_1_628' title='bbox 3117 2453 3272 2510; x_wconf 77' lang='lat' dir='ltr'><strong>quae</strong></span> <span class='ocrx_word' id='word_1_629' title='bbox 3298 2437 3594 2505; x_wconf 73' lang='lat' dir='ltr'><strong>scribitur,</strong></span> <span class='ocrx_word' id='word_1_630' title='bbox 3628 2444 3685 2497; x_wconf 76' lang='lat' dir='ltr'><strong>et</strong></span> <span class='ocrx_word' id='word_1_631' title='bbox 3710 2443 4040 2514; x_wconf 72' lang='lat' dir='ltr'><strong>imponitur</strong></span> 
     </span>
     <span class='ocr_line' id='line_1_80' title="bbox 2440 2524 4040 2602; baseline 0.003 -20"><span class='ocrx_word' id='word_1_632' title='bbox 2440 2528 2715 2583; x_wconf 76' lang='lat' dir='ltr'><strong>servienti</strong></span> <span class='ocrx_word' id='word_1_633' title='bbox 2726 2545 2748 2594; x_wconf 91' lang='lat'><strong>,·</strong></span> <span class='ocrx_word' id='word_1_634' title='bbox 2778 2524 2951 2583; x_wconf 79' lang='lat' dir='ltr'><strong>aliud</strong></span> <span class='ocrx_word' id='word_1_635' title='bbox 2974 2533 3060 2584; x_wconf 79' lang='lat' dir='ltr'><strong>est</strong></span> <span class='ocrx_word' id='word_1_636' title='bbox 3088 2525 3217 2595; x_wconf 73' lang='lat' dir='ltr'><strong>lex,</strong></span> <span class='ocrx_word' id='word_1_637' title='bbox 3252 2542 3403 2601; x_wconf 79' lang='lat' dir='ltr'><strong>quae</strong></span> <span class='ocrx_word' id='word_1_638' title='bbox 3444 2531 3635 2585; x_wconf 81' lang='lat' dir='ltr'><strong>mente</strong></span> <span class='ocrx_word' id='word_1_639' title='bbox 3672 2531 4040 2602; x_wconf 68' lang='lat' dir='ltr'><strong>conspicitur</strong></span> 
     </span>
     <span class='ocr_line' id='line_1_81' title="bbox 2440 2615 4038 2691; baseline 0.001 -17"><span class='ocrx_word' id='word_1_640' title='bbox 2440 2615 2519 2674; x_wconf 83' lang='lat' dir='ltr'><strong>ab</strong></span> <span class='ocrx_word' id='word_1_641' title='bbox 2546 2631 2613 2672; x_wconf 90' lang='lat' dir='ltr'><strong>eo</strong></span> <span class='ocrx_word' id='word_1_642' title='bbox 2636 2659 2651 2682; x_wconf 92' lang='lat'><strong>,</strong></span> <span class='ocrx_word' id='word_1_643' title='bbox 2696 2619 2799 2688; x_wconf 85' lang='lat' dir='ltr'><strong>qui</strong></span> <span class='ocrx_word' id='word_1_644' title='bbox 2835 2633 2955 2673; x_wconf 88' lang='lat' dir='ltr'><strong>non</strong></span> <span class='ocrx_word' id='word_1_645' title='bbox 2993 2615 3217 2688; x_wconf 72' lang='lat' dir='ltr'><strong>indiqet</strong></span> <span class='ocrx_word' id='word_1_646' title='bbox 3254 2615 3487 2675; x_wconf 79' lang='lat' dir='ltr'><strong>litteris.</strong></span> <span class='ocrx_word' id='word_1_647' title='bbox 3530 2617 3757 2686; x_wconf 82' lang='lat' dir='ltr'><strong>Quando</strong></span> <span class='ocrx_word' id='word_1_648' title='bbox 3784 2634 3919 2691; x_wconf 88' lang='lat' dir='ltr'><strong>ergo</strong></span> <span class='ocrx_word' id='word_1_649' title='bbox 3948 2619 4038 2676; x_wconf 85' lang='lat' dir='ltr'><strong>lex</strong></span> 
     </span>
     <span class='ocr_line' id='line_1_82' title="bbox 2439 2704 4042 2781; baseline 0.002 -20"><span class='ocrx_word' id='word_1_650' title='bbox 2439 2720 2547 2762; x_wconf 91' lang='lat' dir='ltr'><strong>non</strong></span> <span class='ocrx_word' id='word_1_651' title='bbox 2577 2705 2799 2776; x_wconf 89' lang='lat' dir='ltr'><strong>ponitur</strong></span> <span class='ocrx_word' id='word_1_652' title='bbox 2822 2706 3069 2763; x_wconf 86' lang='lat' dir='ltr'><strong>exterius</strong></span> <span class='ocrx_word' id='word_1_653' title='bbox 3107 2704 3177 2760; x_wconf 92' lang='lat' dir='ltr'><strong>ad</strong></span> <span class='ocrx_word' id='word_1_654' title='bbox 3218 2707 3585 2764; x_wconf 81' lang='lat' dir='ltr'><strong>renovandam</strong></span> <span class='ocrx_word' id='word_1_655' title='bbox 3612 2708 3789 2781; x_wconf 87' lang='lat' dir='ltr'><strong>legem</strong></span> <span class='ocrx_word' id='word_1_656' title='bbox 3814 2715 4042 2766; x_wconf 89' lang='lat' dir='ltr'><strong>natura-</strong></span> 
     </span>
     <span class='ocr_line' id='line_1_83' title="bbox 2440 2793 4033 2869; baseline 0.001 -17"><span class='ocrx_word' id='word_1_657' title='bbox 2440 2794 2547 2852; x_wconf 90' lang='lat' dir='ltr'><strong>lem</strong></span> <span class='ocrx_word' id='word_1_658' title='bbox 2576 2809 2677 2852; x_wconf 88' lang='lat' dir='ltr'><strong>seu</strong></span> <span class='ocrx_word' id='word_1_659' title='bbox 2696 2797 2961 2853; x_wconf 87' lang='lat' dir='ltr'><strong>internam</strong></span> <span class='ocrx_word' id='word_1_660' title='bbox 2980 2835 2996 2861; x_wconf 92' lang='lat'><strong>,</strong></span> <span class='ocrx_word' id='word_1_661' title='bbox 3028 2793 3125 2852; x_wconf 88' lang='lat' dir='ltr'><strong>sed</strong></span> <span class='ocrx_word' id='word_1_662' title='bbox 3153 2797 3373 2853; x_wconf 89' lang='lat' dir='ltr'><strong>omnino</strong></span> <span class='ocrx_word' id='word_1_663' title='bbox 3400 2795 3468 2852; x_wconf 90' lang='lat' dir='ltr'><strong>de</strong></span> <span class='ocrx_word' id='word_1_664' title='bbox 3498 2813 3638 2853; x_wconf 83' lang='lat' dir='ltr'><strong>novo</strong></span> <span class='ocrx_word' id='word_1_665' title='bbox 3665 2799 3920 2869; x_wconf 92' lang='lat' dir='ltr'><strong>ponitur,</strong></span> <span class='ocrx_word' id='word_1_666' title='bbox 3950 2799 4033 2854; x_wconf 89' lang='lat' dir='ltr'><strong>ni-</strong></span> 
     </span>
     <span class='ocr_line' id='line_1_84' title="bbox 2440 2884 4027 2958; baseline 0.002 -18"><span class='ocrx_word' id='word_1_667' title='bbox 2440 2884 2516 2941; x_wconf 88' lang='lat' dir='ltr'><strong>hil</strong></span> <span class='ocrx_word' id='word_1_668' title='bbox 2546 2891 2727 2956; x_wconf 87' lang='lat' dir='ltr'><strong>vetat,</strong></span> <span class='ocrx_word' id='word_1_669' title='bbox 2763 2886 2895 2957; x_wconf 91' lang='lat' dir='ltr'><strong>quin</strong></span> <span class='ocrx_word' id='word_1_670' title='bbox 2924 2892 3162 2957; x_wconf 90' lang='lat' dir='ltr'><strong>ponatur</strong></span> <span class='ocrx_word' id='word_1_671' title='bbox 3189 2887 3304 2942; x_wconf 89' lang='lat' dir='ltr'><strong>sine</strong></span> <span class='ocrx_word' id='word_1_672' title='bbox 3333 2886 3445 2943; x_wconf 87' lang='lat' dir='ltr'><strong>ulla</strong></span> <span class='ocrx_word' id='word_1_673' title='bbox 3470 2886 3761 2944; x_wconf 87' lang='lat' dir='ltr'><strong>occasione</strong></span> <span class='ocrx_word' id='word_1_674' title='bbox 3788 2887 4027 2958; x_wconf 87' lang='lat' dir='ltr'><strong>peccati,</strong></span> 
     </span>
     <span class='ocr_line' id='line_1_85' title="bbox 2438 2975 4039 3048; baseline 0.002 -17"><span class='ocrx_word' id='word_1_675' title='bbox 2438 2981 2494 3032; x_wconf 90' lang='lat' dir='ltr'><strong>et</strong></span> <span class='ocrx_word' id='word_1_676' title='bbox 2520 2989 2695 3047; x_wconf 84' lang='lat' dir='ltr'><strong>aeque</strong></span> <span class='ocrx_word' id='word_1_677' title='bbox 2726 2991 2825 3045; x_wconf 88' lang='lat' dir='ltr'><strong>pro</strong></span> <span class='ocrx_word' id='word_1_678' title='bbox 2853 2975 3012 3031; x_wconf 85' lang='lat' dir='ltr'><strong>iustis</strong></span> <span class='ocrx_word' id='word_1_679' title='bbox 3040 2990 3105 3031; x_wconf 87' lang='lat' dir='ltr'><strong>ac</strong></span> <span class='ocrx_word' id='word_1_680' title='bbox 3128 2988 3228 3047; x_wconf 90' lang='lat' dir='ltr'><strong>pro</strong></span> <span class='ocrx_word' id='word_1_681' title='bbox 3257 2975 3500 3047; x_wconf 87' lang='lat' dir='ltr'><strong>iniustis,</strong></span> <span class='ocrx_word' id='word_1_682' title='bbox 3516 2991 3627 3032; x_wconf 92' lang='lat' dir='ltr'><strong>non</strong></span> <span class='ocrx_word' id='word_1_683' title='bbox 3650 2975 3831 3032; x_wconf 87' lang='lat' dir='ltr'><strong>solum</strong></span> <span class='ocrx_word' id='word_1_684' title='bbox 3852 2976 4039 3048; x_wconf 88' lang='lat' dir='ltr'><strong>quoad</strong></span> 
     </span>
     <span class='ocr_line' id='line_1_86' title="bbox 2440 3063 4037 3138; baseline 0.001 -18"><span class='ocrx_word' id='word_1_685' title='bbox 2440 3063 2831 3137; x_wconf 88' lang='lat' dir='ltr'><strong>obligationem</strong></span> <span class='ocrx_word' id='word_1_686' title='bbox 2862 3063 3039 3138; x_wconf 65' lang='lat' dir='ltr'><strong>(quoii</strong></span> <span class='ocrx_word' id='word_1_687' title='bbox 3064 3064 3316 3121; x_wconf 90' lang='lat' dir='ltr'><strong>omnibus</strong></span> <span class='ocrx_word' id='word_1_688' title='bbox 3337 3064 3549 3138; x_wconf 83' lang='lat' dir='ltr'><strong>legibus</strong></span> <span class='ocrx_word' id='word_1_689' title='bbox 3573 3081 3704 3122; x_wconf 89' lang='lat' dir='ltr'><strong>cum</strong></span> <span class='ocrx_word' id='word_1_690' title='bbox 3723 3066 4037 3138; x_wconf 87' lang='lat' dir='ltr'><strong>proportio-</strong></span> 
     </span>
     <span class='ocr_line' id='line_1_87' title="bbox 2440 3153 4033 3227; baseline 0.001 -17"><span class='ocrx_word' id='word_1_691' title='bbox 2440 3168 2508 3210; x_wconf 90' lang='lat' dir='ltr'><strong>ne</strong></span> <span class='ocrx_word' id='word_1_692' title='bbox 2532 3168 2824 3211; x_wconf 90' lang='lat' dir='ltr'><strong>commune</strong></span> <span class='ocrx_word' id='word_1_693' title='bbox 2850 3157 2991 3226; x_wconf 82' lang='lat' dir='ltr'><strong>est),</strong></span> <span class='ocrx_word' id='word_1_694' title='bbox 3024 3153 3119 3211; x_wconf 91' lang='lat' dir='ltr'><strong>sed</strong></span> <span class='ocrx_word' id='word_1_695' title='bbox 3146 3156 3311 3210; x_wconf 89' lang='lat' dir='ltr'><strong>etiam</strong></span> <span class='ocrx_word' id='word_1_696' title='bbox 3342 3155 3529 3227; x_wconf 88' lang='lat' dir='ltr'><strong>quoad</strong></span> <span class='ocrx_word' id='word_1_697' title='bbox 3564 3157 3917 3212; x_wconf 88' lang='lat' dir='ltr'><strong>occasionem</strong></span> <span class='ocrx_word' id='word_1_698' title='bbox 3946 3157 4033 3213; x_wconf 82' lang='lat' dir='ltr'><strong>vel</strong></span> 
     </span>
     <span class='ocr_line' id='line_1_88' title="bbox 2439 3242 4036 3317; baseline 0.002 -18"><span class='ocrx_word' id='word_1_699' title='bbox 2439 3242 2774 3315; x_wconf 88' lang='lat' dir='ltr'><strong>peculiarem</strong></span> <span class='ocrx_word' id='word_1_700' title='bbox 2812 3243 3164 3300; x_wconf 86' lang='lat' dir='ltr'><strong>intentionem</strong></span> <span class='ocrx_word' id='word_1_701' title='bbox 3204 3243 3527 3315; x_wconf 87' lang='lat' dir='ltr'><strong>legislatoris</strong></span> <span class='ocrx_word' id='word_1_702' title='bbox 3576 3243 3899 3317; x_wconf 88' lang='lat' dir='ltr'><strong>imponenda</strong></span> <span class='ocrx_word' id='word_1_703' title='bbox 3940 3245 4036 3302; x_wconf 87' lang='lat' dir='ltr'><strong>tali</strong></span> 
     </span>
     <span class='ocr_line' id='line_1_89' title="bbox 2440 3330 4039 3405; baseline 0.002 -18"><span class='ocrx_word' id='word_1_704' title='bbox 2440 3331 2576 3404; x_wconf 88' lang='lat' dir='ltr'><strong>lege.</strong></span> <span class='ocrx_word' id='word_1_705' title='bbox 2617 3331 2760 3387; x_wconf 87' lang='lat' dir='ltr'><strong>Talis</strong></span> <span class='ocrx_word' id='word_1_706' title='bbox 2801 3337 2988 3388; x_wconf 90' lang='lat' dir='ltr'><strong>autem</strong></span> <span class='ocrx_word' id='word_1_707' title='bbox 3030 3331 3135 3388; x_wconf 77' lang='lat' dir='ltr'><strong>suit</strong></span> <span class='ocrx_word' id='word_1_708' title='bbox 3172 3330 3261 3388; x_wconf 86' lang='lat' dir='ltr'><strong>lex</strong></span> <span class='ocrx_word' id='word_1_709' title='bbox 3300 3331 3408 3388; x_wconf 88' lang='lat' dir='ltr'><strong>lata</strong></span> <span class='ocrx_word' id='word_1_710' title='bbox 3448 3333 3626 3405; x_wconf 86' lang='lat' dir='ltr'><strong>primo</strong></span> <span class='ocrx_word' id='word_1_711' title='bbox 3670 3332 3873 3390; x_wconf 91' lang='lat' dir='ltr'><strong>homini</strong></span> <span class='ocrx_word' id='word_1_712' title='bbox 3912 3340 4039 3390; x_wconf 87' lang='lat' dir='ltr'><strong>ante</strong></span> 
     </span>
     <span class='ocr_line' id='line_1_90' title="bbox 2440 3419 4038 3494; baseline 0.001 -18"><span class='ocrx_word' id='word_1_713' title='bbox 2440 3426 2771 3493; x_wconf 81' lang='lat' dir='ltr'><strong>peccatum3</strong></span> <span class='ocrx_word' id='word_1_714' title='bbox 2804 3419 2894 3475; x_wconf 87' lang='lat' dir='ltr'><strong>illa</strong></span> <span class='ocrx_word' id='word_1_715' title='bbox 2920 3421 3063 3476; x_wconf 91' lang='lat' dir='ltr'><strong>enim</strong></span> <span class='ocrx_word' id='word_1_716' title='bbox 3100 3435 3209 3476; x_wconf 88' lang='lat' dir='ltr'><strong>non</strong></span> <span class='ocrx_word' id='word_1_717' title='bbox 3250 3420 3515 3492; x_wconf 88' lang='lat' dir='ltr'><strong>pertinuit</strong></span> <span class='ocrx_word' id='word_1_718' title='bbox 3551 3421 3622 3478; x_wconf 90' lang='lat' dir='ltr'><strong>ad</strong></span> <span class='ocrx_word' id='word_1_719' title='bbox 3660 3420 3837 3494; x_wconf 84' lang='lat' dir='ltr'><strong>legem</strong></span> <span class='ocrx_word' id='word_1_720' title='bbox 3877 3429 4038 3480; x_wconf 89' lang='lat' dir='ltr'><strong>natu-</strong></span> 
     </span>
     <span class='ocr_line' id='line_1_91' title="bbox 2437 3509 4039 3583; baseline 0.002 -17"><span class='ocrx_word' id='word_1_721' title='bbox 2437 3525 2562 3578; x_wconf 89' lang='lat' dir='ltr'><strong>rae,</strong></span> <span class='ocrx_word' id='word_1_722' title='bbox 2591 3524 2695 3566; x_wconf 89' lang='lat' dir='ltr'><strong>nec</strong></span> <span class='ocrx_word' id='word_1_723' title='bbox 2726 3509 2829 3566; x_wconf 80' lang='lat' dir='ltr'><strong>suit</strong></span> <span class='ocrx_word' id='word_1_724' title='bbox 2853 3510 3132 3566; x_wconf 85' lang='lat' dir='ltr'><strong>renovatio</strong></span> <span class='ocrx_word' id='word_1_725' title='bbox 3158 3510 3275 3567; x_wconf 87' lang='lat' dir='ltr'><strong>eius</strong></span> <span class='ocrx_word' id='word_1_726' title='bbox 3292 3551 3308 3582; x_wconf 94' lang='lat'>‚</span> <span class='ocrx_word' id='word_1_727' title='bbox 3340 3526 3481 3583; x_wconf 87' lang='lat' dir='ltr'><strong>quae</strong></span> <span class='ocrx_word' id='word_1_728' title='bbox 3500 3518 3620 3568; x_wconf 87' lang='lat' dir='ltr'><strong>erat</strong></span> <span class='ocrx_word' id='word_1_729' title='bbox 3645 3511 3698 3567; x_wconf 90' lang='lat' dir='ltr'><strong>in</strong></span> <span class='ocrx_word' id='word_1_730' title='bbox 3725 3512 3919 3582; x_wconf 87' lang='lat' dir='ltr'><strong>corde,</strong></span> <span class='ocrx_word' id='word_1_731' title='bbox 3944 3511 4039 3569; x_wconf 86' lang='lat' dir='ltr'><strong>sed</strong></span> 
     </span>
     <span class='ocr_line' id='line_1_92' title="bbox 2438 3593 4034 3674; baseline 0 -17"><span class='ocrx_word' id='word_1_732' title='bbox 2438 3599 2544 3658; x_wconf 80' lang='lat' dir='ltr'><strong>suit</strong></span> <span class='ocrx_word' id='word_1_733' title='bbox 2568 3598 2947 3657; x_wconf 88' lang='lat' dir='ltr'><strong>determinatio</strong></span> <span class='ocrx_word' id='word_1_734' title='bbox 2977 3600 3263 3672; x_wconf 86' lang='lat' dir='ltr'><strong>specialis,</strong></span> <span class='ocrx_word' id='word_1_735' title='bbox 3290 3593 3435 3674; x_wconf 84' lang='lat' dir='ltr'><strong>quae</strong></span> <span class='ocrx_word' id='word_1_736' title='bbox 3463 3616 3561 3672; x_wconf 89' lang='lat' dir='ltr'><strong>pro</strong></span> <span class='ocrx_word' id='word_1_737' title='bbox 3590 3601 3751 3658; x_wconf 88' lang='lat' dir='ltr'><strong>iustis</strong></span> <span class='ocrx_word' id='word_1_738' title='bbox 3781 3602 3896 3659; x_wconf 89' lang='lat' dir='ltr'><strong>sine</strong></span> <span class='ocrx_word' id='word_1_739' title='bbox 3922 3600 4034 3659; x_wconf 92' lang='lat' dir='ltr'><strong>ulla</strong></span> 
     </span>
     <span class='ocr_line' id='line_1_93' title="bbox 2438 3690 3497 3762; baseline 0 -16"><span class='ocrx_word' id='word_1_740' title='bbox 2438 3691 2738 3746; x_wconf 89' lang='lat' dir='ltr'><strong>occasione</strong></span> <span class='ocrx_word' id='word_1_741' title='bbox 2760 3690 2975 3760; x_wconf 84' lang='lat' dir='ltr'><strong>peccati</strong></span> <span class='ocrx_word' id='word_1_742' title='bbox 3002 3691 3272 3748; x_wconf 87' lang='lat' dir='ltr'><strong>constitui</strong></span> <span class='ocrx_word' id='word_1_743' title='bbox 3300 3691 3497 3762; x_wconf 89' lang='lat' dir='ltr'><strong>potuit.</strong></span> 
     </span>
    </p>

    <p class='ocr_par' dir='ltr' id='par_1_8' title="bbox 2432 3778 4039 5282">
     <span class='ocr_line' id='line_1_94' title="bbox 2521 3778 4033 3852; baseline 0.003 -16"><span class='ocrx_word' id='word_1_744' title='bbox 2521 3781 2571 3836; x_wconf 88' lang='lat'><strong>7.</strong></span> <span class='ocrx_word' id='word_1_745' title='bbox 2605 3778 2859 3836; x_wconf 89' lang='lat' dir='ltr'><strong>Secundo</strong></span> <span class='ocrx_word' id='word_1_746' title='bbox 2882 3778 3254 3852; x_wconf 89' lang='lat' dir='ltr'><strong>principaliter</strong></span> <span class='ocrx_word' id='word_1_747' title='bbox 3282 3781 3548 3838; x_wconf 87' lang='lat' dir='ltr'><strong>obiiciunt</strong></span> <span class='ocrx_word' id='word_1_748' title='bbox 3575 3779 3837 3839; x_wconf 86' lang='lat' dir='ltr'><strong>haeretici</strong></span> <span class='ocrx_word' id='word_1_749' title='bbox 3862 3783 4033 3841; x_wconf 82' lang='lat' dir='ltr'><strong>verba</strong></span> 
     </span>
     <span class='ocr_line' id='line_1_95' title="bbox 2438 3866 4031 3942; baseline 0.004 -18"><span class='ocrx_word' id='word_1_750' title='bbox 2438 3866 2591 3924; x_wconf 89' lang='lat' dir='ltr'><strong>Pauli</strong></span> <span class='ocrx_word' id='word_1_751' title='bbox 2620 3867 2689 3924; x_wconf 90' lang='lat' dir='ltr'><strong>ad</strong></span> <span class='ocrx_word' id='word_1_752' title='bbox 2716 3868 2890 3925; x_wconf 89' lang='lat' dir='ltr'><strong>Galat.</strong></span> <span class='ocrx_word' id='word_1_753' title='bbox 2927 3875 2989 3926; x_wconf 72' lang='lat'><strong>52</strong></span> <span class='ocrx_word' id='word_1_754' title='bbox 3019 3871 3088 3927; x_wconf 87' lang='lat' dir='ltr'><strong>Si</strong></span> <span class='ocrx_word' id='word_1_755' title='bbox 3114 3871 3333 3942; x_wconf 81' lang='lat' dir='ltr'><strong>spiritu</strong></span> <span class='ocrx_word' id='word_1_756' title='bbox 3370 3869 3685 3939; x_wconf 77' lang='lat' dir='ltr'><strong>ducimini,</strong></span> <span class='ocrx_word' id='word_1_757' title='bbox 3732 3889 3852 3928; x_wconf 89' lang='lat' dir='ltr'><strong>non</strong></span> <span class='ocrx_word' id='word_1_758' title='bbox 3891 3877 4031 3930; x_wconf 81' lang='lat' dir='ltr'><strong>estis</strong></span> 
     </span>
     <span class='ocr_line' id='line_1_96' title="bbox 2436 3955 4039 4033; baseline 0.004 -19"><span class='ocrx_word' id='word_1_759' title='bbox 2436 3957 2543 4015; x_wconf 85' lang='lat' dir='ltr'><strong>sub</strong></span> <span class='ocrx_word' id='word_1_760' title='bbox 2570 3955 2711 4030; x_wconf 76' lang='lat' dir='ltr'><strong>leye.</strong></span> <span class='ocrx_word' id='word_1_761' title='bbox 2742 3957 2881 4015; x_wconf 90' lang='lat' dir='ltr'><strong>lusti</strong></span> <span class='ocrx_word' id='word_1_762' title='bbox 2909 3963 3089 4014; x_wconf 88' lang='lat' dir='ltr'><strong>autem</strong></span> <span class='ocrx_word' id='word_1_763' title='bbox 3116 3958 3325 4030; x_wconf 86' lang='lat' dir='ltr'><strong>Spiritu</strong></span> <span class='ocrx_word' id='word_1_764' title='bbox 3364 3958 3679 4033; x_wconf 72' lang='lat' dir='ltr'><strong>ducuntur,</strong></span> <span class='ocrx_word' id='word_1_765' title='bbox 3725 3976 3852 4018; x_wconf 89' lang='lat' dir='ltr'><strong>nam</strong></span> <span class='ocrx_word' id='word_1_766' title='bbox 3892 3963 4039 4021; x_wconf 87' lang='lat' dir='ltr'><strong>desi-</strong></span> 
     </span>
     <span class='ocr_line' id='line_1_97' title="bbox 2436 4045 4033 4124; baseline 0.004 -22"><span class='ocrx_word' id='word_1_767' title='bbox 2436 4045 2584 4104; x_wconf 90' lang='lat' dir='ltr'><strong>deria</strong></span> <span class='ocrx_word' id='word_1_768' title='bbox 2610 4047 2795 4103; x_wconf 88' lang='lat' dir='ltr'><strong>carnis</strong></span> <span class='ocrx_word' id='word_1_769' title='bbox 2831 4063 2939 4104; x_wconf 91' lang='lat' dir='ltr'><strong>non</strong></span> <span class='ocrx_word' id='word_1_770' title='bbox 2980 4047 3303 4122; x_wconf 82' lang='lat' dir='ltr'><strong>perficiunt,</strong></span> <span class='ocrx_word' id='word_1_771' title='bbox 3334 4063 3477 4122; x_wconf 88' lang='lat' dir='ltr'><strong>quae</strong></span> <span class='ocrx_word' id='word_1_772' title='bbox 3516 4049 3631 4106; x_wconf 81' lang='lat' dir='ltr'><strong>sine</strong></span> <span class='ocrx_word' id='word_1_773' title='bbox 3661 4049 3835 4108; x_wconf 89' lang='lat' dir='ltr'><strong>ductu</strong></span> <span class='ocrx_word' id='word_1_774' title='bbox 3864 4053 4033 4124; x_wconf 86' lang='lat' dir='ltr'><strong>Spiri-</strong></span> 
     </span>
     <span class='ocr_line' id='line_1_98' title="bbox 2438 4137 4025 4215; baseline 0.004 -23"><span class='ocrx_word' id='word_1_775' title='bbox 2438 4141 2530 4193; x_wconf 89' lang='lat' dir='ltr'><strong>tus</strong></span> <span class='ocrx_word' id='word_1_776' title='bbox 2561 4137 2734 4192; x_wconf 82' lang='lat' dir='ltr'><strong>vitare</strong></span> <span class='ocrx_word' id='word_1_777' title='bbox 2761 4150 2869 4192; x_wconf 89' lang='lat' dir='ltr'><strong>non</strong></span> <span class='ocrx_word' id='word_1_778' title='bbox 2898 4143 3156 4208; x_wconf 89' lang='lat' dir='ltr'><strong>possent,</strong></span> <span class='ocrx_word' id='word_1_779' title='bbox 3189 4143 3252 4194; x_wconf 91' lang='lat' dir='ltr'><strong>ut</strong></span> <span class='ocrx_word' id='word_1_780' title='bbox 3276 4137 3471 4195; x_wconf 89' lang='lat' dir='ltr'><strong>ibidem</strong></span> <span class='ocrx_word' id='word_1_781' title='bbox 3492 4138 3860 4212; x_wconf 56' lang='lat' dir='ltr'><strong>significatum</strong></span> <span class='ocrx_word' id='word_1_782' title='bbox 3890 4157 4025 4215; x_wconf 87' lang='lat' dir='ltr'><strong>ergo</strong></span> 
     </span>
     <span class='ocr_line' id='line_1_99' title="bbox 2440 4225 4027 4301; baseline 0.003 -19"><span class='ocrx_word' id='word_1_783' title='bbox 2440 4241 2551 4282; x_wconf 92' lang='lat' dir='ltr'><strong>non</strong></span> <span class='ocrx_word' id='word_1_784' title='bbox 2580 4232 2714 4283; x_wconf 83' lang='lat' dir='ltr'><strong>sunt</strong></span> <span class='ocrx_word' id='word_1_785' title='bbox 2742 4225 2845 4283; x_wconf 91' lang='lat' dir='ltr'><strong>sub</strong></span> <span class='ocrx_word' id='word_1_786' title='bbox 2877 4225 3025 4300; x_wconf 84' lang='lat' dir='ltr'><strong>lege;</strong></span> <span class='ocrx_word' id='word_1_787' title='bbox 3054 4241 3191 4300; x_wconf 89' lang='lat' dir='ltr'><strong>ergo</strong></span> <span class='ocrx_word' id='word_1_788' title='bbox 3219 4243 3329 4282; x_wconf 91' lang='lat' dir='ltr'><strong>non</strong></span> <span class='ocrx_word' id='word_1_789' title='bbox 3357 4227 3671 4300; x_wconf 87' lang='lat' dir='ltr'><strong>obligantur</strong></span> <span class='ocrx_word' id='word_1_790' title='bbox 3690 4227 3828 4301; x_wconf 86' lang='lat' dir='ltr'><strong>lege.</strong></span> <span class='ocrx_word' id='word_1_791' title='bbox 3862 4231 4027 4287; x_wconf 88' lang='lat' dir='ltr'><strong>Circa</strong></span> 
     </span>
     <span class='ocr_line' id='line_1_100' title="bbox 2437 4313 4032 4388; baseline 0.004 -18"><span class='ocrx_word' id='word_1_792' title='bbox 2437 4314 2546 4372; x_wconf 90' lang='lat' dir='ltr'><strong>hoc</strong></span> <span class='ocrx_word' id='word_1_793' title='bbox 2577 4314 2946 4371; x_wconf 86' lang='lat' dir='ltr'><strong>testimonium</strong></span> <span class='ocrx_word' id='word_1_794' title='bbox 2975 4313 3085 4372; x_wconf 93' lang='lat' dir='ltr'><strong>duo</strong></span> <span class='ocrx_word' id='word_1_795' title='bbox 3114 4329 3147 4370; x_wconf 88' lang='lat' dir='ltr'><strong>a</strong></span> <span class='ocrx_word' id='word_1_796' title='bbox 3184 4315 3338 4371; x_wconf 88' lang='lat' dir='ltr'><strong>nobis</strong></span> <span class='ocrx_word' id='word_1_797' title='bbox 3378 4314 3699 4388; x_wconf 84' lang='lat' dir='ltr'><strong>explicanda</strong></span> <span class='ocrx_word' id='word_1_798' title='bbox 3724 4324 3877 4375; x_wconf 87' lang='lat' dir='ltr'><strong>sunt.</strong></span> <span class='ocrx_word' id='word_1_799' title='bbox 3916 4320 4032 4377; x_wconf 85' lang='lat' dir='ltr'><strong>Pri·</strong></span> 
     </span>
     <span class='ocr_line' id='line_1_101' title="bbox 2436 4403 4027 4480; baseline 0.003 -20"><span class='ocrx_word' id='word_1_800' title='bbox 2436 4419 2619 4475; x_wconf 89' lang='lat' dir='ltr'><strong>mum,</strong></span> <span class='ocrx_word' id='word_1_801' title='bbox 2651 4403 2717 4460; x_wconf 88' lang='lat' dir='ltr'><strong>de</strong></span> <span class='ocrx_word' id='word_1_802' title='bbox 2746 4419 2858 4477; x_wconf 84' lang='lat' dir='ltr'><strong>qua</strong></span> <span class='ocrx_word' id='word_1_803' title='bbox 2886 4403 3004 4475; x_wconf 85' lang='lat' dir='ltr'><strong>lege</strong></span> <span class='ocrx_word' id='word_1_804' title='bbox 3032 4403 3235 4460; x_wconf 88' lang='lat' dir='ltr'><strong>Paulus</strong></span> <span class='ocrx_word' id='word_1_805' title='bbox 3264 4403 3333 4460; x_wconf 91' lang='lat' dir='ltr'><strong>ibi</strong></span> <span class='ocrx_word' id='word_1_806' title='bbox 3361 4403 3659 4479; x_wconf 78' lang='lat' dir='ltr'><strong>loquatur3</strong></span> <span class='ocrx_word' id='word_1_807' title='bbox 3691 4407 4027 4480; x_wconf 88' lang='lat' dir='ltr'><strong>secundum,</strong></span> 
     </span>
     <span class='ocr_line' id='line_1_102' title="bbox 2435 4491 4029 4569; baseline 0.002 -19"><span class='ocrx_word' id='word_1_808' title='bbox 2435 4493 2564 4568; x_wconf 87' lang='lat' dir='ltr'><strong>quid</strong></span> <span class='ocrx_word' id='word_1_809' title='bbox 2606 4493 2676 4548; x_wconf 87' lang='lat' dir='ltr'><strong>sit</strong></span> <span class='ocrx_word' id='word_1_810' title='bbox 2712 4507 2836 4548; x_wconf 89' lang='lat' dir='ltr'><strong>esse</strong></span> <span class='ocrx_word' id='word_1_811' title='bbox 2876 4492 2980 4550; x_wconf 88' lang='lat' dir='ltr'><strong>sub</strong></span> <span class='ocrx_word' id='word_1_812' title='bbox 3020 4492 3172 4565; x_wconf 86' lang='lat' dir='ltr'><strong>lege;</strong></span> <span class='ocrx_word' id='word_1_813' title='bbox 3216 4491 3341 4548; x_wconf 91' lang='lat' dir='ltr'><strong>inde</strong></span> <span class='ocrx_word' id='word_1_814' title='bbox 3378 4493 3523 4549; x_wconf 90' lang='lat' dir='ltr'><strong>enim</strong></span> <span class='ocrx_word' id='word_1_815' title='bbox 3552 4494 3707 4552; x_wconf 77' lang='lat' dir='ltr'><strong>facile</strong></span> <span class='ocrx_word' id='word_1_816' title='bbox 3734 4496 4029 4569; x_wconf 87' lang='lat' dir='ltr'><strong>constabit,</strong></span> 
     </span>
     <span class='ocr_line' id='line_1_103' title="bbox 2434 4581 4030 4656; baseline 0.001 -16"><span class='ocrx_word' id='word_1_817' title='bbox 2434 4582 2567 4656; x_wconf 86' lang='lat' dir='ltr'><strong>quid</strong></span> <span class='ocrx_word' id='word_1_818' title='bbox 2598 4584 2671 4638; x_wconf 88' lang='lat' dir='ltr'><strong>sit</strong></span> <span class='ocrx_word' id='word_1_819' title='bbox 2696 4584 2861 4640; x_wconf 89' lang='lat' dir='ltr'><strong>etiam</strong></span> <span class='ocrx_word' id='word_1_820' title='bbox 2889 4597 2995 4638; x_wconf 90' lang='lat' dir='ltr'><strong>non</strong></span> <span class='ocrx_word' id='word_1_821' title='bbox 3024 4598 3145 4640; x_wconf 88' lang='lat' dir='ltr'><strong>esse</strong></span> <span class='ocrx_word' id='word_1_822' title='bbox 3172 4581 3276 4639; x_wconf 90' lang='lat' dir='ltr'><strong>sub</strong></span> <span class='ocrx_word' id='word_1_823' title='bbox 3306 4582 3413 4640; x_wconf 90' lang='lat' dir='ltr'><strong>illa.</strong></span> <span class='ocrx_word' id='word_1_824' title='bbox 3445 4585 3605 4641; x_wconf 89' lang='lat' dir='ltr'><strong>Circa</strong></span> <span class='ocrx_word' id='word_1_825' title='bbox 3632 4585 3869 4656; x_wconf 89' lang='lat' dir='ltr'><strong>primum</strong></span> <span class='ocrx_word' id='word_1_826' title='bbox 3898 4587 4030 4656; x_wconf 77' lang='lat' dir='ltr'><strong>Am-</strong></span> 
     </span>
     <span class='ocr_line' id='line_1_104' title="bbox 2434 4671 4025 4747; baseline 0.001 -19"><span class='ocrx_word' id='word_1_827' title='bbox 2434 4672 2650 4729; x_wconf 86' lang='lat' dir='ltr'><strong>brosius</strong></span> <span class='ocrx_word' id='word_1_828' title='bbox 2680 4671 2753 4728; x_wconf 89' lang='lat' dir='ltr'><strong>ibi</strong></span> <span class='ocrx_word' id='word_1_829' title='bbox 2783 4671 3000 4728; x_wconf 85' lang='lat' dir='ltr'><strong>videtur</strong></span> <span class='ocrx_word' id='word_1_830' title='bbox 3027 4687 3127 4743; x_wconf 89' lang='lat' dir='ltr'><strong>per</strong></span> <span class='ocrx_word' id='word_1_831' title='bbox 3156 4671 3331 4746; x_wconf 88' lang='lat' dir='ltr'><strong>legem</strong></span> <span class='ocrx_word' id='word_1_832' title='bbox 3356 4671 3652 4745; x_wconf 89' lang='lat' dir='ltr'><strong>intelligere</strong></span> <span class='ocrx_word' id='word_1_833' title='bbox 3690 4672 3866 4747; x_wconf 89' lang='lat' dir='ltr'><strong>legem</strong></span> <span class='ocrx_word' id='word_1_834' title='bbox 3896 4689 4025 4745; x_wconf 89' lang='lat' dir='ltr'><strong>pec—</strong></span> 
     </span>
     <span class='ocr_line' id='line_1_105' title="bbox 2434 4761 4035 4837; baseline 0.001 -19"><span class='ocrx_word' id='word_1_835' title='bbox 2434 4763 2543 4820; x_wconf 88' lang='lat' dir='ltr'><strong>cati</strong></span> <span class='ocrx_word' id='word_1_836' title='bbox 2584 4777 2681 4830; x_wconf 68' lang='lat' dir='ltr'><strong>seu</strong></span> <span class='ocrx_word' id='word_1_837' title='bbox 2722 4761 2953 4826; x_wconf 82' lang='lat' dir='ltr'><strong>fomitis,</strong></span> <span class='ocrx_word' id='word_1_838' title='bbox 2986 4762 3115 4835; x_wconf 86' lang='lat' dir='ltr'><strong>quia</strong></span> <span class='ocrx_word' id='word_1_839' title='bbox 3140 4763 3493 4834; x_wconf 89' lang='lat' dir='ltr'><strong>praemiserat</strong></span> <span class='ocrx_word' id='word_1_840' title='bbox 3530 4761 3767 4819; x_wconf 88' lang='lat' dir='ltr'><strong>Paulus:</strong></span> <span class='ocrx_word' id='word_1_841' title='bbox 3799 4765 4035 4837; x_wconf 79' lang='lat' dir='ltr'><strong>Spiritu</strong></span> 
     </span>
     <span class='ocr_line' id='line_1_106' title="bbox 2434 4849 4029 4932; baseline -0.001 -22"><span class='ocrx_word' id='word_1_842' title='bbox 2434 4851 2755 4920; x_wconf 79' lang='lat' dir='ltr'><strong>ambulate,</strong></span> <span class='ocrx_word' id='word_1_843' title='bbox 2776 4855 2833 4908; x_wconf 80' lang='lat' dir='ltr'><strong>et</strong></span> <span class='ocrx_word' id='word_1_844' title='bbox 2858 4849 3172 4918; x_wconf 83' lang='lat' dir='ltr'><strong>desideria,</strong></span> <span class='ocrx_word' id='word_1_845' title='bbox 3196 4867 3293 4908; x_wconf 89' lang='lat' dir='ltr'><strong>seu</strong></span> <span class='ocrx_word' id='word_1_846' title='bbox 3320 4853 3869 4932; x_wconf 80' lang='lat' dir='ltr'><strong>concupiscentiam</strong></span> <span class='ocrx_word' id='word_1_847' title='bbox 3890 4867 4029 4910; x_wconf 77' lang='lat' dir='ltr'><strong>car-</strong></span> 
     </span>
     <span class='ocr_line' id='line_1_107' title="bbox 2432 4937 4027 5018; baseline 0 -20"><span class='ocrx_word' id='word_1_848' title='bbox 2432 4944 2528 4998; x_wconf 80' lang='lat' dir='ltr'><strong>nis</strong></span> <span class='ocrx_word' id='word_1_849' title='bbox 2554 4945 2646 5018; x_wconf 73' lang='lat' dir='ltr'><strong>(ut</strong></span> <span class='ocrx_word' id='word_1_850' title='bbox 2673 4940 2805 5014; x_wconf 89' lang='lat' dir='ltr'><strong>legit</strong></span> <span class='ocrx_word' id='word_1_851' title='bbox 2830 4939 3177 5014; x_wconf 81' lang='lat' dir='ltr'><strong>Ambrosius)</strong></span> <span class='ocrx_word' id='word_1_852' title='bbox 3206 4955 3326 4997; x_wconf 87' lang='lat' dir='ltr'><strong>non</strong></span> <span class='ocrx_word' id='word_1_853' title='bbox 3355 4937 3717 5013; x_wconf 78' lang='lat' dir='ltr'><strong>perficietis;</strong></span> <span class='ocrx_word' id='word_1_854' title='bbox 3758 4942 4027 5014; x_wconf 89' lang='lat' dir='ltr'><strong>concupi-</strong></span> 
     </span>
     <span class='ocr_line' id='line_1_108' title="bbox 2437 5028 4021 5104; baseline 0.001 -17"><span class='ocrx_word' id='word_1_855' title='bbox 2437 5033 2647 5088; x_wconf 88' lang='lat' dir='ltr'><strong>scentia</strong></span> <span class='ocrx_word' id='word_1_856' title='bbox 2687 5036 2874 5086; x_wconf 87' lang='lat' dir='ltr'><strong>autem</strong></span> <span class='ocrx_word' id='word_1_857' title='bbox 2912 5029 3001 5085; x_wconf 85' lang='lat' dir='ltr'><strong>lex</strong></span> <span class='ocrx_word' id='word_1_858' title='bbox 3040 5028 3241 5085; x_wconf 76' lang='lat' dir='ltr'><strong>fomitis</strong></span> <span class='ocrx_word' id='word_1_859' title='bbox 3280 5035 3399 5104; x_wconf 87' lang='lat' dir='ltr'><strong>est,</strong></span> <span class='ocrx_word' id='word_1_860' title='bbox 3428 5035 3483 5084; x_wconf 89' lang='lat' dir='ltr'><strong>et</strong></span> <span class='ocrx_word' id='word_1_861' title='bbox 3510 5029 3585 5084; x_wconf 91' lang='lat' dir='ltr'><strong>ita</strong></span> <span class='ocrx_word' id='word_1_862' title='bbox 3612 5028 3866 5101; x_wconf 85' lang='lat' dir='ltr'><strong>intelligit</strong></span> <span class='ocrx_word' id='word_1_863' title='bbox 3890 5032 4021 5089; x_wconf 82' lang='lat' dir='ltr'><strong>Am-</strong></span> 
     </span>
     <span class='ocr_line' id='line_1_109' title="bbox 2434 5115 4033 5191; baseline -0.003 -13"><span class='ocrx_word' id='word_1_864' title='bbox 2434 5120 2653 5178; x_wconf 86' lang='lat' dir='ltr'><strong>brosius</strong></span> <span class='ocrx_word' id='word_1_865' title='bbox 2690 5119 2765 5175; x_wconf 88' lang='lat' dir='ltr'><strong>ibi</strong></span> <span class='ocrx_word' id='word_1_866' title='bbox 2804 5117 3036 5175; x_wconf 90' lang='lat' dir='ltr'><strong>Paulum</strong></span> <span class='ocrx_word' id='word_1_867' title='bbox 3075 5119 3400 5191; x_wconf 88' lang='lat' dir='ltr'><strong>opposuisse</strong></span> <span class='ocrx_word' id='word_1_868' title='bbox 3440 5115 3636 5190; x_wconf 80' lang='lat' dir='ltr'><strong>legem.</strong></span> <span class='ocrx_word' id='word_1_869' title='bbox 3658 5117 3893 5190; x_wconf 88' lang='lat' dir='ltr'><strong>Spiritus</strong></span> <span class='ocrx_word' id='word_1_870' title='bbox 3926 5118 4033 5191; x_wconf 87' lang='lat' dir='ltr'><strong>legi</strong></span> 
     </span>
     <span class='ocr_line' id='line_1_110' title="bbox 2434 5206 4033 5282; baseline -0.003 -13"><span class='ocrx_word' id='word_1_871' title='bbox 2434 5209 2668 5282; x_wconf 76' lang='lat' dir='ltr'><strong>fomitis,</strong></span> <span class='ocrx_word' id='word_1_872' title='bbox 2696 5215 2756 5266; x_wconf 92' lang='lat' dir='ltr'><strong>et</strong></span> <span class='ocrx_word' id='word_1_873' title='bbox 2796 5207 2919 5266; x_wconf 88' lang='lat' dir='ltr'><strong>ideo</strong></span> <span class='ocrx_word' id='word_1_874' title='bbox 2960 5213 3151 5280; x_wconf 90' lang='lat' dir='ltr'><strong>postea</strong></span> <span class='ocrx_word' id='word_1_875' title='bbox 3178 5207 3377 5266; x_wconf 82' lang='lat' dir='ltr'><strong>dixisse</strong></span> <span class='ocrx_word' id='word_1_876' title='bbox 3398 5249 3413 5280; x_wconf 90' lang='lat'><strong>,</strong></span> <span class='ocrx_word' id='word_1_877' title='bbox 3446 5209 3541 5280; x_wconf 87' lang='lat' dir='ltr'><strong>qui</strong></span> <span class='ocrx_word' id='word_1_878' title='bbox 3571 5206 3785 5279; x_wconf 88' lang='lat' dir='ltr'><strong>Spiritu</strong></span> <span class='ocrx_word' id='word_1_879' title='bbox 3810 5206 4033 5265; x_wconf 90' lang='lat' dir='ltr'><strong>ducun-</strong></span> 
     </span>
    </p>
   </div>
   <div class='ocr_carea' id='block_1_5' title="bbox 4285 4217 4289 4844">
    <p class='ocr_par' dir='ltr' id='par_1_9' title="bbox 4285 4217 4289 4844">
     <span class='ocr_line' id='line_1_111' title="bbox 4285 4217 4289 4844; baseline 0 0"><span class='ocrx_word' id='word_1_880' title='bbox 4285 4217 4289 4844; x_wconf 95' lang='lat' dir='ltr'><strong> </strong></span> 
     </span>
    </p>
   </div>
  </div>
 </body>
</html>
