4325 6267
777 363 899 426 146

695 505 832 560 ciem
863 503 1187 574 verborum,
1232 503 1576 562 iustificando
1607 503 1720 575 illa,
1754 512 1819 562 ut
1846 507 1928 561 sic
1959 503 2163 574 dicam,
2196 522 2294 576 per

695 593 1045 649 intentionem
1097 599 1151 649 et
1192 595 1538 666 aequitatem·
1569 601 1977 665 praesumptam
2023 594 2316 667 legislato--

699 683 796 738 ris.
825 682 944 738 Hoc
975 695 1104 737 vero
1133 697 1240 738 non
1271 681 1432 738 habet
1457 682 1640 738 locum
1665 682 1716 738 in
1739 682 1857 756 lege
1881 684 2140 753 naturali,
2167 685 2299 757 quia

697 785 804 825 non
839 769 1100 826 fundatur
1129 771 1304 841 primo
1332 771 1383 825 in
1409 770 1694 828 voluntate
1723 772 2080 844 prohibente,
2115 771 2209 828 sed
2241 774 2293 826 in

698 866 896 915 natura
942 860 1117 931 ipsius
1155 866 1316 916 actus
1347 875 1440 930 per
1469 877 1526 916 se
1559 860 1704 929 mali,
1733 868 1791 917 et
1817 860 1940 918 ideo
1969 863 2297 933 interpreta-

698 948 772 1004 tio
817 948 889 1004 ibi
921 949 1099 1004 solum
1129 949 1294 1005 habet
1324 949 1508 1006 locum
1539 952 1688 1007 circa
1719 953 2039 1024 materiam,
2071 952 2295 1024 quando

696 1043 856 1092 actus
886 1037 1164 1094 abstracte
1191 1044 1446 1108 sumptus
1475 1055 1582 1094 non
1614 1039 1777 1095 habet
1804 1039 2153 1096 intrinsecam
2184 1057 2300 1096 ma-

697 1123 900 1193 litiam,
933 1125 1026 1181 sed
1059 1126 1238 1182 solnm
1271 1133 1331 1182 ut
1359 1134 1614 1184 versatur
1643 1128 1792 1183 circa
1827 1127 1984 1184 talem
2017 1131 2299 1185 materiam

699 1214 791 1270 tali
822 1214 908 1270 vel
939 1215 1027 1270 tali
1057 1215 1244 1278 modo,
1274 1222 1334 1272 ut
1365 1217 1414 1270 in
1443 1218 1720 1274 occisione
1749 1217 1996 1290 hominis,
2023 1219 2301 1288 acceptio·

699 1317 766 1358 ne
795 1303 872 1360 rei
901 1303 1136 1374 alienae,
1171 1307 1466 1361 retentione
1494 1305 1756 1377 depositi,
1789 1311 1844 1361 et
1871 1305 1986 1360 aliis
2029 1306 2299 1362 similibus

699 1392 1065 1464 explicuimus
1119 1395 1188 1450 Et
1217 1393 1336 1450 ideo
1369 1396 1420 1448 in
1445 1393 1758 1450 huiusmodi
1783 1395 1898 1468 lege
1923 1411 2030 1450 non
2055 1397 2109 1451 tit
2131 1397 2303 1450 inter-

701 1484 934 1552 pretatio
977 1498 1074 1553 per
1109 1482 1544 1538 emendationem
1574 1482 1728 1555 legis,
1763 1499 1886 1539 nam
1916 1483 2051 1539 haec
2085 1499 2302 1555 semper

701 1576 991 1641 coaptatur
1025 1571 1314 1641 materiae3
1350 1568 1445 1626 sed
1473 1572 1532 1626 fit
1559 1587 1656 1642 per
1683 1571 1852 1627 solam
1881 1559 2301 1642 explicationem

703 1659 800 1728 rei,
833 1664 890 1715 et
916 1659 1178 1728 malitiae,
1211 1675 1378 1732 quam
1406 1660 1714 1718 secundum
1747 1675 1804 1716 se
1833 1660 2028 1718 habet:
2064 1677 2189 1717 nam
2217 1677 2303 1716 se·

703 1747 948 1804 cundum
993 1748 1136 1804 illam
1178 1756 1391 1806 tantum
1423 1751 1482 1806 tit
1511 1750 1836 1821 probibitio,
1867 1750 1953 1806 vel
1990 1751 2165 1807 fertur
2196 1751 2302 1809 lex.

703 1837 816 1892 sive
845 1836 1181 1910 intelligatur
1212 1845 1274 1895 ut
1303 1837 1590 1895 indicativa
1619 1839 1876 1910 malitiae,
1901 1840 2014 1896 sive
2039 1847 2099 1896 ut
2121 1839 2309 1911 prohi-

705 1925 891 1982 bitiva.
932 1927 1001 1982 Et
1035 1933 1170 1984 tunc
1207 1942 1491 2000 nunquam
1530 1935 1713 1998 potest
1740 1944 1836 2000 per
1865 1928 2116 2000 epiikiam
2146 1931 2309 1985 inter-

705 2016 944 2086 pretatio
972 2015 1106 2087 lieri,
1142 2016 1292 2088 quod
1321 2017 1405 2073 ille
1435 2024 1616 2088 actus,
1649 2023 1712 2074 ut
1738 2025 1994 2075 versatur
2023 2019 2114 2075 tali
2143 2018 2305 2076 modo

709 2105 861 2159 cirea
903 2103 1062 2160 talem
1105 2107 1420 2176 materiam,
1467 2107 1640 2178 possit
1681 2105 1848 2162 licere
1879 2113 2106 2179 propter
2135 2107 2309 2164 solam

710 2191 1060 2248 intentionem
1103 2193 1427 2265 legislatoris
1455 2194 1888 2252 coniecturatam
1919 2211 2019 2266 per
2045 2195 2310 2250 extrinse-

710 2297 832 2338 cam
864 2282 1231 2354 occasionem,
1264 2283 1668 2356 necessitatem,
1693 2290 1789 2350 aut
1809 2285 2005 2354 tinem3
2032 2289 2086 2340 et
2105 2286 2180 2340 ita
2204 2299 2312 2340 non

713 2375 866 2426 recte
901 2371 962 2428 fit
1004 2372 1342 2442 comparatio
1383 2374 1522 2428 inter
1550 2371 1851 2429 naturalem
1882 2371 2055 2445 legem
2083 2378 2140 2430 et
2170 2374 2311 2446 posi·

713 2461 904 2516 tivam.

794 2548 899 2606 Sed
947 2549 1135 2606 instari
1173 2549 1354 2608 adhuc
1382 2556 1585 2624 potest,
1615 2553 1744 2624 quia
1773 2551 2034 2608 nonnulla
2062 2557 2195 2608 sunt
2222 2567 2318 2606 na-

714 2637 910 2695 turalia
947 2645 1264 2710 praecepta,
1291 2654 1432 2712 quae
1457 2641 1891 2711 propriissimam
1918 2639 2318 2711 interpretatio-

717 2743 841 2784 nem
871 2726 1092 2799 epiiltiae
1121 2729 1425 2801 recipiunt3
1459 2745 1585 2785 nam
1613 2730 1766 2785 circa
1791 2728 2012 2785 eosdem
2043 2735 2233 2799 actuS,
2264 2735 2321 2784 et

717 2831 846 2872 cum
886 2816 1136 2872 omnibus
1179 2816 1608 2873 circumstantiis
1638 2818 1975 2887 intrinsecis,
2006 2832 2148 2889 quae
2179 2815 2321 2872 ordi-

719 2908 870 2961 narie
903 2904 1188 2962 sufficiunt
1209 2905 1274 2961 ad
1299 2906 1602 2962 naturalem
1627 2905 2072 2978 prohihitionem,
2099 2909 2321 2977 propter

673 2979 682 2988 ’
718 2996 1086 3050 extrinsecam
1129 2995 1539 3062 necessitatem,
1584 3010 1682 3051 seu
1720 2994 1876 3050 finem
1905 2993 2319 3062 extrinsecum,

719 3083 1178 3153 interpretamur,
1217 3097 1326 3138 non
1367 3082 1606 3156 obligare
1635 3085 1686 3138 in
1716 3083 1898 3156 aliquo
1927 3097 2085 3138 casu.
2121 3083 2324 3137 Huius-

721 3169 868 3227 modi
910 3176 994 3226 est
1034 3176 1389 3241 praeceptum
1431 3170 1722 3242 prohibens
1752 3170 2160 3227 matrimonium
2192 3185 2322 3226 cum

721 3274 937 3330 sorore,
962 3259 1110 3331 quod
1144 3260 1194 3315 in
1224 3273 1361 3316 casu
1388 3266 1662 3316 extremae
1692 3261 2035 3318 necessitatis
2057 3277 2162 3316 non
2189 3260 2324 3316 obti-

723 3356 818 3421 gat
861 3355 1086 3421 propter
1135 3349 1608 3428 conservationem
1657 3350 1880 3420 speciei.
1933 3349 2082 3406 ldem
2130 3355 2217 3404 est
2259 3348 2325 3405 de

722 3442 1014 3508 praecepto
1059 3452 1171 3493 non
1217 3435 1575 3493 contrahendi
1617 3453 1747 3492 cum
1792 3437 2068 3508 secunda,
2113 3438 2327 3493 vivente

725 3527 892 3596 prima
918 3567 932 3596 ,
980 3528 1211 3581 maxime
1253 3526 1298 3580 si
1339 3525 1576 3596 primum
1621 3527 2034 3582 matrimonium
2066 3526 2167 3582 t'uit
2194 3541 2328 3581 con·

724 3620 1098 3684 summatum,
1141 3629 1268 3669 nam
1309 3615 1362 3667 in
1401 3614 1590 3669 eadem
1619 3609 1942 3670 necessitate
1980 3616 2198 3685 generis
2226 3614 2327 3671 hu-

727 3703 871 3760 mani
900 3705 946 3758 si
991 3704 1162 3773 prima
1191 3711 1335 3758 esset
1366 3703 1599 3773 sterilis,
1633 3703 1822 3759 liceret
1849 3704 2100 3774 accipere
2131 3719 2329 3759 secun-

727 3792 884 3864 dam3
926 3793 1072 3848 etin
1108 3791 1413 3862 praeceptis
1444 3790 1844 3862 pertinentibus
1875 3791 1943 3848 ad
1974 3793 2329 3862 impedimen-

731 3887 814 3951 ta,
858 3897 1000 3954 quae
1041 3881 1160 3936 iure
1205 3887 1432 3937 naturae
1474 3881 1688 3936 irritant
1713 3880 2152 3952 matrimonium,
2184 3881 2330 3936 inve·

729 3970 955 4027 nientur
985 3967 1158 4025 multa
1186 3968 1402 4025 similia.

809 4055 1194 4130 Respondetur
1219 4057 1593 4127 nihilominus,
1625 4055 1936 4130 generalem
1965 4057 2213 4130 regulam
2236 4057 2330 4113 da-

733 4155 844 4204 tam
888 4161 1072 4202 veram
1111 4145 1598 4216 esse,'nimirum,
1650 4152 1827 4202 stante
1874 4145 2060 4202 eadem
2109 4147 2333 4202 materia

731 4238 1009 4309 praecepti
1040 4237 1278 4306 negativi
1306 4233 1606 4306 naturalis,
1636 4235 1747 4290 fieri
1769 4233 1886 4307 ‘n‘on
1915 4251 2110 4306 posse,
2141 4244 2207 4292 ut
2235 4253 2331 4307 per

730 4324 976 4397 epiikiam
1019 4324 1296 4380 iudicetur
1339 4323 1520 4379 licitus
1561 4328 1718 4378 actus
1759 4323 2067 4395 prohibitus
2107 4333 2333 4395 propter

731 4413 905 4468 solam
933 4413 1298 4469 extrinsecam
1325 4426 1575 4481 causam,
1611 4427 1708 4467 seu
1740 4413 1933 4481 tinem,
1964 4419 2062 4468 aut
2089 4415 2333 4468 necessi-

735 4508 933 4571 tatem3
979 4499 1084 4556 hoc
1126 4501 1272 4555 enim
1325 4500 1667 4555 convincunt
1702 4499 1940 4555 rationes
1981 4505 2038 4556 et
2083 4500 2333 4572 exempla

735 4587 996 4646 adducta.
1033 4587 1192 4657 Quod
1221 4590 1264 4643 si
1294 4589 1348 4642 in
1379 4587 1564 4661 aliquo
1590 4595 1884 4660 praecepto
1909 4589 1960 4647 id
1983 4590 2237 4648 accidere
2259 4591 2334 4647 vi-

737 4679 900 4737 detur
937 4692 1038 4750 pro
1081 4677 1266 4750 aliquo
1295 4693 1466 4745 casu,
1497 4677 1580 4732 vel
1611 4677 1718 4734 tale
1746 4686 2102 4752 praeceptum
2130 4681 2335 4753 simpli·

736 4769 872 4824 citer
914 4766 1168 4822 naturale
1211 4781 1316 4822 non
1359 4773 1477 4837 est,
1509 4765 1604 4822 sed
1637 4766 1873 4823 naturali
1901 4769 2211 4839 proximum
2232 4813 2247 4838 ,
2280 4779 2338 4827 et

737 4852 1142 4913 consuetudine
1197 4854 1482 4910 hominum
1537 4860 1818 4926 receptum
1859 4865 1912 4913 et
1951 4858 2333 4931 approbatum,

738 4960 803 5002 ac
828 4943 1056 5016 proinde
1081 4941 1331 4999 absolute
1355 4943 1528 4998 solius
1549 4945 1683 5000 iuris
1704 4945 1972 5019 gentium,
1995 4954 2053 5003 et
2075 4946 2196 5004 ideo
2216 4964 2337 5004 mu·

741 5035 903 5092 tabile
947 5032 1031 5089 vel
1075 5031 1350 5088 alterabile
1380 5047 1481 5103 pro
1511 5031 1696 5105 aliquo
1725 5048 1893 5105 casu,
1927 5036 2012 5091 vel
2043 5036 2087 5091 si
2116 5052 2334 5108 praece·

743 5128 896 5195 ptum
935 5128 1020 5177 est
1048 5120 1304 5177 naturale
1332 5120 1670 5193 simpliciter,
1701 5123 1927 5179 materia
1955 5124 2076 5180 eius
2101 5140 2209 5181 non
2236 5127 2342 5184 erit

740 5219 900 5268 actus
929 5209 1244 5281 simpliciter
1272 5216 1328 5264 et
1355 5209 1634 5267 abstracte
1662 5216 1938 5284 sumptus,
1973 5213 2066 5271 sed
2091 5230 2221 5271 cum
2244 5215 2338 5274 ali-

2185 381 2385 431 LIBER
2412 381 2491 431 11.

2364 521 2471 579 qua
2502 505 2911 561 circumstantia
2933 505 3249 574 intrinseca,
3278 518 3389 576 qua
3418 503 3657 575 sublata,
3673 505 3844 576 possit
3866 505 3979 562 ob-

2368 593 2550 666 ligatio
2578 609 2820 666 cessare3
2854 609 2961 649 non
2992 601 3171 650 tamen
3202 608 3299 664 per
3324 591 3594 665 epiikiam,
3624 593 3719 650 sed
3750 609 3845 664 per
3870 594 3981 650 de-

2368 682 2577 741 fectum
2608 685 2859 755 propriae
2889 684 3165 739 materiae.
3199 681 3485 754 Applicare
3508 690 3689 738 autem
3713 681 3855 739 hanc
3882 698 3977 739 re·

2366 772 2553 845 gulam
2584 771 2651 828 ad
2682 771 2896 845 singula
2926 778 3219 843 praecepta
3248 787 3353 826 non
3382 777 3470 827 est
3490 772 3791 842 praesentis
3815 771 3975 827 insti·

2367 863 2501 925 tuti,
2554 861 2647 918 sed
2698 861 2763 918 ad
2812 863 2988 916 varias
3040 861 3297 916 materias
3336 866 3569 931 spectat.
3604 862 3677 916 De
3705 859 3807 914 illis
3832 874 3975 930 ergo

2369 952 2672 1020 praeceptis
2702 950 3025 1006 matrimonii
3049 991 3063 1017 ,
3094 949 3279 1020 qualia
3306 951 3435 1020 sint,
3464 947 3748 1020 disputant
3772 947 3973 1004 docto-

2369 1055 2480 1108 res,
2509 1045 2567 1094 et
2596 1055 2702 1095 non
2728 1039 2923 1096 eodem
2949 1038 3109 1092 modo
3132 1040 3391 1094 sentiunt.
3419 1039 3577 1094 Nunc
3600 1044 3806 1108 autem,
3832 1054 3969 1109 sup·

2373 1127 2646 1199 ponendo,
2679 1128 2766 1184 illa
2795 1143 2915 1183 esse
2946 1141 3073 1181 vere
3101 1133 3389 1197 praecepta
3419 1127 3713 1194 naturalia,
3746 1142 3978 1198 respon·

2368 1215 2564 1284 detur,
2608 1231 2707 1287 per
2748 1214 2835 1271 illa
2876 1231 2984 1271 non
3027 1214 3303 1286 prohiberi
3344 1215 3659 1285 simpliciter
3689 1217 3974 1271 matrimo-

2370 1307 2520 1360 nium
2554 1322 2604 1359 v.
2640 1321 2696 1378 g.
2728 1305 2877 1361 inter
2898 1304 3116 1375 fratres,
3149 1303 3231 1360 vel
3261 1319 3391 1359 cum
3422 1303 3687 1376 secunda,
3720 1303 3816 1360 sed
3842 1319 3975 1376 pro-

2375 1392 2545 1450 hiberi
2578 1393 2685 1450 tale
2713 1393 3121 1449 matrimonium
3150 1400 3423 1465 quatenus
3454 1395 3677 1450 noxium
3704 1393 3983 1449 humanae

2372 1488 2626 1554 naturae,
2658 1489 2713 1538 et
2740 1485 2813 1540 ita
2841 1483 3179 1538 contrarium
3210 1481 3449 1539 naturali
3480 1481 3747 1539 honestati
3776 1497 3985 1540 secun-

2372 1569 2503 1626 dum
2534 1578 2745 1630 rectam
2772 1572 3071 1640 rationem,
3105 1572 3157 1626 in
3186 1585 3320 1626 casu
3352 1585 3483 1628 vero
3512 1569 3657 1626 illius
3677 1574 3987 1627 necessita-

2378 1661 2450 1716 tis
2490 1666 2676 1715 cessat
2718 1659 2851 1714 haec
2895 1660 3065 1729 ratio,
3108 1667 3166 1715 et
3206 1659 3395 1730 incipit
3420 1673 3541 1714 esse
3570 1661 3985 1716 matrimonium

2382 1749 2614 1806 maxime
2642 1748 2997 1805 commodum
3026 1756 3255 1804 naturae
3274 1789 3289 1820 ,
3317 1756 3374 1805 et
3398 1748 3628 1804 subinde
3656 1749 3981 1816 honestum,

2381 1840 2511 1911 quia
2535 1844 2760 1910 propter
2780 1837 2953 1894 solam
2976 1839 3452 1894 conservationem
3476 1838 3843 1894 neeessariam
3858 1853 3988 1893 sus·

2378 1925 2615 1998 cipitur,
2656 1926 2749 1998 qui
2777 1927 2891 1981 finis
2920 1943 3027 1982 non
3056 1933 3145 1982 est
3178 1925 3521 1983 extrinsecus
3542 1966 3559 1998 ,
3590 1926 3685 1983 sed
3731 1927 3984 1982 intrinse-

2381 2032 2485 2072 cus
2518 2015 2609 2072 tali
2640 2016 2820 2084 actui3
2850 2022 3017 2087 atque
3043 2015 3145 2070 hoc
3170 2013 3334 2071 modo
3356 2015 3405 2070 in
3428 2015 3515 2072 illa
3540 2016 3839 2073 occasione
3862 2031 3985 2071 mu-

2382 2110 2529 2160 tatur
2557 2104 2779 2161 materia
2806 2104 3085 2176 praecepti
3108 2103 3360 2176 negativi.
3388 2103 3713 2160 Declaratur
3736 2119 3767 2158 a
3790 2101 3971 2176 simili3

2380 2208 2505 2249 nam
2550 2193 2817 2250 mutilatio
2858 2192 3059 2264 proprii
3100 2193 3346 2264 corporis
3388 2193 3499 2249 sine
3538 2195 3869 2251 necessitate
3912 2191 3980 2251 ad

2383 2283 2855 2340 conservationem
2886 2283 3028 2338 vitae
3063 2283 3355 2338 intrinsece
3386 2279 3526 2338 mala
3550 2288 3668 2354 est3
3702 2288 3888 2339 tamen
3920 2284 3976 2338 in

2384 2389 2519 2429 casu
2558 2373 2905 2429 necessitatis
2943 2379 3169 2444 propter
3196 2370 3639 2429 conservandum
3686 2386 3895 2443 corpus
3924 2370 3985 2427 li·

2386 2469 2497 2534 cet,
2538 2462 2665 2535 quia
2708 2460 2797 2518 illa
2837 2461 3105 2518 mutilatio
3136 2477 3241 2517 non
3273 2460 3614 2533 prohibetur,
3646 2477 3749 2518 nec
3776 2468 3863 2517 est
3889 2476 3988 2533 per

2386 2567 2445 2606 se
2475 2551 2638 2621 mala,
2666 2550 2770 2606 nisi
2798 2557 2861 2606 ut
2886 2550 3046 2607 noxia
3075 2550 3243 2622 vitae,
3272 2557 3402 2606 tunc
3433 2557 3622 2608 autem
3650 2565 3761 2607 non
3780 2558 3866 2607 est
3889 2565 3989 2605 no·

2389 2640 2499 2709 xia,
2531 2637 2625 2694 sed
2654 2638 2983 2695 necessaria.
3016 2638 3107 2694 Sic
3134 2638 3298 2694 etiam
3321 2637 3551 2694 verbum
3576 2637 3851 2710 prolatum
3870 2638 3989 2694 sine

2390 2729 2491 2783 tine
2536 2727 2797 2797 honesto,
2840 2726 2927 2783 vel
2971 2726 3315 2783 convenienti
3354 2733 3616 2796 naturae,
3649 2725 3857 2784 malum
3882 2733 3991 2799 est,

2388 2824 2446 2873 et
2493 2819 2612 2873 iure
2663 2824 2895 2873 naturae
2940 2815 3306 2887 prohibitumz
3359 2817 3501 2874 idem
3544 2823 3731 2874 autem
3760 2817 3991 2874 verbum

2392 2911 2621 2977 propter
2660 2906 3075 2962 convenientem
3115 2906 3274 2962 tinem
3316 2921 3425 2961 non
3469 2905 3793 2977 prohibetur
3816 2948 3831 2969 .
3859 2898 3993 2980 quia

2393 3011 2498 3050 non
2530 3002 2649 3052 erat
2676 3010 2775 3066 per
2802 3009 2861 3050 se
2890 2993 3094 3050 malum
3124 3000 3188 3050 ut
3218 2993 3325 3051 tale
3355 2994 3603 3066 verbum,
3636 2994 3733 3052 sed
3760 3000 3826 3051 ut
3850 2997 3995 3052 otio-

2394 3101 2519 3141 sum
2545 3091 2602 3141 et
2629 3084 2845 3156 inutile,
2876 3099 3018 3157 quae
3046 3082 3365 3141 deformitas
3396 3082 3607 3141 tollitur
3630 3099 3696 3140 ex
3725 3084 3995 3141 relatione

2393 3173 2459 3229 ad
2502 3175 2659 3230 talem
2704 3173 2883 3230 tinem.
2930 3173 3017 3230 Sic
3060 3187 3195 3246 ergo
3237 3179 3443 3230 attente
3483 3180 3571 3231 est
3596 3172 3998 3231 consideranda

2393 3262 2631 3333 qualitas
2672 3268 2725 3318 et
2768 3262 3005 3318 conditio
3048 3262 3331 3332 materiae3
3377 3278 3502 3319 nam
3544 3263 3693 3318 iuxta
3718 3266 3997 3336 capacita-

2394 3356 2501 3405 tem
2534 3350 2651 3407 eius
2680 3357 2929 3406 mutatur
2957 3349 3232 3406 moraliter
3258 3352 3381 3407 eius
3404 3349 3643 3407 conditio
3664 3365 3733 3407 ex
3752 3351 3879 3423 fine,
3906 3352 3993 3410 vel

2396 3442 2713 3496 necessitate
2754 3446 3122 3511 occurrente,
3161 3439 3291 3512 quia
3328 3441 3474 3496 actio
3512 3438 3635 3497 talis
3662 3445 3779 3508 est,
3810 3447 3873 3497 ut
3898 3457 3998 3498 na-

2398 3533 2521 3585 tura
2562 3543 2663 3584 sua
2708 3535 2861 3599 petat
2896 3527 3141 3585 ordinem
3170 3529 3239 3585 ad
3268 3529 3430 3585 talem
3460 3529 3617 3586 tinem
3660 3531 3753 3586 tali
3791 3531 3877 3587 vel
3906 3533 3999 3588 tali

2400 3605 2583 3686 modo,
2614 3624 2671 3673 et
2700 3624 2831 3674 tunc
2862 3617 3161 3673 necessitas
3184 3632 3487 3674 occurrens
3510 3618 3784 3676 redundat
3803 3621 3859 3675 in
3882 3637 4000 3677 ma-

2396 3707 2590 3762 teriam
2620 3707 2921 3777 praecepti,
2951 3713 3009 3763 et
3038 3712 3215 3762 mutat
3240 3705 3414 3777 illam,
3446 3714 3502 3762 et
3529 3704 3653 3763 inde
3682 3707 3761 3778 tit,
3789 3713 3851 3764 ut
3872 3724 4000 3765 ces·

2399 3801 2486 3850 set
2528 3793 2785 3866 obligatio
2828 3795 3103 3866 praecepti
3144 3793 3443 3862 naturalis,
3474 3811 3581 3850 non
3610 3797 3738 3868 quia
3768 3813 4001 3868 praece-

2400 3888 2553 3955 ptum
2576 3885 2627 3938 in
2652 3899 2753 3939 sua
2784 3885 3009 3939 materia
3030 3899 3136 3938 non
3163 3882 3365 3955 obliget
3391 3897 3607 3954 semper
3634 3890 3691 3941 et
3716 3900 3817 3956 pro
3846 3903 3994 3943 sem-

2399 3987 2525 4044 per,
2556 3973 2671 4028 sine
2696 3973 3047 4042 exceptione,
3080 3969 3173 4026 sed
3202 3973 3333 4044 quia
3362 3977 3571 4026 mutata
3600 3974 3857 4042 materia,
3892 3975 4003 4031 iam

2401 4077 2503 4116 non
2546 4061 2710 4116 habet
2749 4061 2802 4116 in
2844 4059 2935 4116 illa
2975 4059 3158 4116 locum
3198 4058 3303 4117 tale
3335 4069 3717 4134 praeceptum,
3746 4069 3811 4118 ut
3838 4070 4007 4121 natu-

2399 4148 2512 4206 rale
2538 4157 2641 4206 est-

2488 4244 2572 4297 11.
2605 4239 2737 4294 Dico
2766 4240 2936 4310 igitur
2963 4239 3154 4294 tertio:
3188 4239 3241 4296 si
3263 4245 3557 4310 praecepta
3583 4240 3855 4297 naturalia
3878 4258 4002 4312 spe-

2400 4335 2655 4394 etentur,
2704 4334 2766 4384 ut
2807 4343 2902 4399 per
2944 4327 3115 4399 legem
3160 4327 3445 4399 positivam
3486 4331 3791 4386 constituta
3834 4339 4001 4402 sunt,

2402 4425 2537 4475 tunc
2583 4417 2856 4489 recipiunt
2890 4417 3270 4488 exceptionem
3310 4415 3564 4487 epiikiae,
3596 4419 3915 4488 praesertim
3945 4421 4001 4475 in

2402 4507 2594 4564 ordine
2632 4505 2699 4562 ad
2730 4507 3081 4563 intentionem
3113 4504 3437 4578 legislatoris
3470 4505 3726 4572 humani,
3762 4505 3889 4563 licet
3916 4523 4006 4563 se-

2404 4594 2652 4652 cundum
2690 4611 2748 4652 se
2768 4637 2782 4664 ,
2812 4600 2869 4650 et
2897 4601 2961 4650 ut
2989 4591 3253 4649 naturalia
3284 4599 3443 4664 sunt,
3474 4593 3618 4650 illam
3648 4596 3866 4665 proprie
3894 4612 4005 4652 non

2405 4686 2715 4743 admittant.
2758 4686 2912 4741 quta
2956 4682 3093 4738 hanc
3136 4683 3485 4739 assertionem
3529 4691 3761 4753 possunt
3799 4686 4003 4755 exponi

2403 4776 2718 4846 frequentes
2762 4773 3065 4829 locutiones
3108 4771 3341 4827 aliorum
3381 4776 3698 4827 auctorum.
3742 4773 3815 4828 Et
3842 4787 4007 4844 prae-

2406 4865 2594 4920 sertim
2636 4862 2927 4918 Caietanus
2970 4875 3227 4931 expresse
3272 4860 3514 4932 loquitur
3555 4858 3621 4915 de
3663 4859 3742 4915 his
3782 4877 4013 4933 praece·

2406 4953 2543 5024 ptis,
2576 4958 2641 5008 ut
2670 4949 2986 5006 constitutis
3014 4965 3110 5021 per
3139 4948 3288 5021 leges
3320 4947 3607 5020 humanas,
3640 4957 3697 5004 et
3724 4949 3813 5004 alii
3840 4951 4011 5008 etiam

2404 5040 2710 5114 loquuntur
2735 5037 2803 5095 de
2844 5038 2942 5095 iliis
2984 5043 3043 5093 ut
3080 5036 3203 5092 latis
3230 5051 3329 5108 per
3354 5035 3627 5110 generalia
3657 5037 3857 5109 verba,
3890 5040 4009 5096 sine

2406 5128 2799 5197 moderatione,
2832 5141 2995 5200 quam
3028 5131 3215 5197 postea
3242 5123 3458 5181 adhibet
3484 5123 3696 5197 epiikia,
3720 5127 3873 5200 quod
3897 5143 4011 5185 non

2408 5217 2571 5274 habet
2590 5217 2781 5274 locum
2802 5217 2853 5273 in
2880 5216 2963 5271 his
2986 5215 3295 5287 praeceptis
3318 5222 3381 5272 ut
3404 5215 3673 5272 naturalia
3692 5223 3851 5288 sunt,
3875 5219 4015 5290 quin
