4325 6267
793 258 876 319 18

716 414 840 455 nam
859 403 1043 455 autem
1065 411 1206 468 esse,
1244 410 1383 468 quae
1412 400 1498 451 est
1521 408 1666 451 vera.
1694 393 1764 451 Et
1781 390 1991 449 subdit:
2023 393 2140 449 Cui
2166 407 2302 448 con-

717 492 1018 562 sequenter
1045 484 1296 559 quidam
1321 482 1626 550 dimerunt,
1665 481 1848 557 leyem
1874 497 1996 537 esse
2013 482 2303 539 rationem

715 580 964 643 rectam,
999 590 1152 649 quae
1170 574 1332 632 iubet
1337 564 1656 646 facienda,
1682 575 1738 628 et
1749 571 2022 647 prohibet
2039 568 2307 643 quaesa—

716 666 935 726 aenda,
968 682 1088 723 non
1114 668 1289 731 πωπω
1326 670 1383 721 et
1409 662 1572 719 Basil.
1604 662 1654 718 in
1683 676 1805 733 cap.
1841 667 1892 720 8.
1923 660 2118 717 Isaiae:
2149 663 2297 724 Lex,

718 759 911 831 inquit,
939 760 1026 813 est
1053 754 1286 812 doctrix
1311 757 1368 810 et
1391 754 1708 826 maqistra.
1739 752 1992 808 Damaso.
2017 750 2184 807 etiam
2208 747 2303 805 lib.

721 854 778 917 4,
807 863 928 919 cap.
962 850 1058 917 23,
1089 844 1194 917 legi
1220 843 1413 901 tribuit
1437 841 1659 899 docere.

797 939 1082 993 Praeterea
1108 934 1263 991 Plato
1291 933 1346 988 in
1375 930 1581 1004 Dialog.
1613 930 1835 998 Minos,
1865 945 1968 986 sen
1992 927 2065 985 de
2083 927 2225 1001 leae,
2252 929 2307 983 in

719 1026 988 1100 principio
1027 1023 1203 1099 legem
1245 1028 1408 1078 vocat
1445 1024 1840 1095 operationem
1881 1020 2138 1077 civitatis
2168 1032 2309 1091 pro-

719 1120 876 1185 bam,
913 1115 964 1173 id
991 1122 1078 1172 est
1105 1129 1311 1185 veram,
1342 1118 1399 1168 et
1418 1111 1557 1169 infra
1582 1108 1730 1181 dicit,
1751 1124 1874 1167 esse
1891 1110 2160 1195 veritatis
2180 1121 2309 1181 ope-

717 1211 1036 1265 rationem.
1081 1201 1398 1274 Eodemque
1435 1199 1597 1256 modo
1633 1198 1794 1255 Arist.
1840 1197 1934 1255 lib.
1983 1200 2030 1255 1.
2061 1194 2306 1255 Είεποή.

718 1314 773 1354 ο.
815 1300 900 1353 12.
931 1294 982 1349 in
1024 1292 1125 1348 fine
1165 1290 1338 1363 legem
1377 1304 1499 1345 esse
1534 1287 1666 1345 dicit
1691 1290 2018 1363 opinionem
2043 1284 2311 1359 ntyltitu-

720 1386 898 1441 dinis.
942 1383 1013 1439 Et
1051 1382 1102 1437 in
1141 1382 1297 1452 epist.
1341 1377 1407 1434 ad
1447 1376 1600 1434 Alex.
1634 1384 1757 1433 ante
1793 1375 2124 1433 rhetoricam
2151 1373 2217 1431 ad
2248 1374 2309 1431 il-

722 1458 833 1530 lum
847 1516 860 1539 ,
889 1471 1100 1541 definit,
1127 1470 1298 1541 legem
1318 1466 1438 1523 esse
1459 1470 1806 1530 orationem.
1836 1481 1990 1538 quae
2011 1466 2311 1521 conamum‘

721 1564 975 1619 civitatis
1015 1573 1301 1617 consensu
1337 1556 1521 1622 iubet,
1565 1560 1674 1612 etc.
1716 1555 1788 1612 Et
1826 1556 2006 1610 statim
2045 1553 2224 1625 capite
2261 1557 2307 1610 1.

723 1652 1048 1710 Rhetoricae
1090 1649 1193 1718 ait,
1239 1645 1426 1720 leqem
1473 1658 1598 1703 esse
1644 1660 2010 1701 communem
2054 1646 2313 1701 civitat-is

725 1756 1070 1800 consensum
1090 1785 1104 1806 ,
1159 1740 1261 1811 qui
1309 1738 1526 1810 scripto
1578 1737 1972 1809 praeceperit,
2027 1730 2312 1807 quomodo

721 1829 1170 1904 unumquodque
1191 1823 1496 1900 ‘aqendum
1521 1828 1618 1881 sit.
1650 1825 1750 1883 Ubi
1778 1823 1954 1897 legem
1975 1824 2138 1880 etiam
2160 1824 2316 1896 ponit

725 1923 777 1979 in
805 1922 1050 1978 iussione
1075 1924 1135 1975 et
1161 1920 1480 1989 praecepto,
1511 1928 1642 1971 cum
1672 1919 1852 1970 tamen
1879 1927 2042 1984 saepe
2070 1912 2201 1969 alias
2226 1923 2315 1969 ra-

726 2012 856 2069 tioni
887 2016 944 2067 et
970 2006 1288 2081 prudentiae
1317 2003 1528 2060 tribuat
1553 2004 1846 2074 imperare.
1879 2005 1933 2059 6.
1969 2001 2159 2058 Ethic.
2184 2016 2309 2072 cap.
2342 2049 2355 2071 ,

725 2107 780 2161 9.
806 2105 861 2157 et
883 2096 1186 2173 sequentib.
1222 2099 1270 2154 1.
1295 2090 1525 2151 Politia.
1550 2108 1608 2148 ο.
1641 2096 1696 2149 3.
1721 2090 1876 2149 Unde
1898 2090 1986 2148 lib.
2011 2094 2096 2148 10.
2116 2080 2311 2148 ethic.

724 2208 792 2249 c.-
813 2195 867 2249 9.
898 2188 1064 2259 dixit,
1109 2186 1284 2258 legem
1319 2198 1444 2239 esse
1481 2191 1822 2238 sermonem·
1837 2180 1914 2238 ab
1941 2178 2153 2254 aliqua
2168 2196 2317 2254 pru-

721 2279 928 2338 dentia
951 2282 1009 2335 et
1041 2278 1234 2333 mente
1259 2270 1608 2348 profectum.
1641 2271 1723 2327 Ex
1746 2270 1922 2327 Cicer.
1953 2271 2114 2327 etiam
2145 2269 2317 2325 multa

727 2384 896 2441 supra
925 2364 1277 2432 adduximus,
1305 2359 1509 2435 quibus
1537 2358 1832 2432 significat,
1865 2359 2039 2431 legem
2069 2360 2121 2415 in
2149 2359 2317 2415 ratio·

726 2474 794 2516 ne
821 2474 942 2515 esse
959 2497 974 2525 ,
1006 2456 1246 2527 primum
1285 2450 1508 2523 quidem
1531 2450 1588 2505 in
1615 2454 1794 2506 mente
1821 2448 1940 2515 Dei,
1972 2462 2068 2518 per
2095 2446 2319 2518 partici-

721 2549 994 2622 pationem
1037 2548 1222 2599 autem
1261 2540 1380 2596 eius
1411 2538 1464 2595 in
1493 2537 1728 2595 bumana
1754 2537 1962 2593 ratione
1989 2550 2112 2591 esse
2139 2534 2317 2608 legem

722 2635 1032 2694 naturalem
1057 2639 1112 2689 et
1139 2628 1507 2703 prudentiam,
1530 2643 1562 2684 a
1589 2641 1698 2698 qua
1718 2626 1864 2699 leges
1888 2627 2173 2685 civitatum
2198 2640 2320 2697 pro·

725 2727 897 2784 ficisci
925 2723 1146 2793 debent,
1176 2725 1236 2777 ut
1264 2719 1372 2775 late
1399 2718 1754 2790 prosequitur
1782 2718 1836 2773 in
1867 2715 1959 2773 lib.
2001 2721 2047 2775 1.
2081 2721 2139 2772 et
2167 2720 2223 2773 2.
2250 2712 2322 2772 de

725 2822 864 2888 Ley.
889 2812 1054 2887 paulo
1077 2817 1202 2883 post
1223 2808 1573 2882 principium,
1600 2806 1690 2864 ubi
1713 2807 1852 2863 inter
1873 2806 1972 2863 alia
1991 2806 2070 2863 sic
2094 2806 2321 2863 conclu·

724 2906 835 2963 dit:
869 2908 996 2962 Lex
1019 2905 1106 2958 est
1130 2905 1297 2957 recta
1321 2902 1478 2955 ratio
1499 2901 1564 2954 tn
1582 2896 1833 2953 iubendo
1855 2901 1911 2954 et
1929 2896 2202 2955 vetando.
2228 2900 2317 2954 Sic

728 2994 962 3065 denique
1005 2989 1328 3061 Papinianus
1367 2988 1419 3043 i‘n
1465 2986 1504 3043 l.
1543 2989 1593 3059 1,
1623 2987 1678 3043 ff.
1711 2985 1778 3042 (1ο
1807 2985 1912 3059 leg.
1948 2986 2120 3059 legem
2162 2993 2324 3043 vocat

725 3095 1028 3140 commune
1062 3081 1476 3155 praeceptum,
1522 3080 1578 3131 et
1615 3073 1856 3131 declarat
1895 3090 2015 3130 esse
2049 3077 2323 3132 virorum

723 3168 1105 3247 medentium
1133 3164 1508 3225 consultum,-
1535 3170 1598 3241 et,
1619 3164 1786 3220 Marc.
1819 3164 1869 3219 in
1899 3163 1938 3221 1.
1971 3169 2032 3221 2.
2062 3180 2128 3221 ex
2149 3162 2315 3238 Chry·

727 3262 880 3333 sippo
911 3258 1108 3329 refert,
1141 3254 1322 3330 leyem
1349 3268 1472 3311 esse
1508 3252 1851 3310 divinarum
1879 3254 2321 3311 humanarum-

727 3364 838 3425 que
863 3364 1066 3406 rerum
1093 3349 1385 3419 reyinam.
1416 3346 1775 3417 principem,
1808 3358 1884 3398 ac
1910 3340 2142 3400 ducem.
2174 3344 2321 3400 Haec

727 3446 909 3495 autem
947 3444 1078 3493 sunt
1119 3448 1346 3491 munera
1389 3432 1650 3499 rationis,
1681 3430 1748 3487 ad
1787 3445 1952 3503 quam
1976 3437 2206 3503 spectat
2231 3446 2316 3489 re-

727 3544 885 3602 gere,
917 3532 974 3583 et
999 3524 1232 3595 dirigere
1261 3520 1620 3592 operationes.

807 3622 862 3675 2.
895 3616 1150 3673 Rationes
1178 3609 1243 3667 ad
1271 3607 1698 3674 confirmandam
1725 3606 1864 3664 hanc
1895 3608 2225 3665 sententiam
2247 3609 2326 3667 al*-

734 3711 987 3766 feruntur
1025 3704 1229 3760 variae.
1268 3700 1447 3759 Prima
1482 3704 1597 3768 est,
1643 3698 1770 3770 quia
1797 3696 1864 3754 ad
1891 3696 2065 3772 legem
2094 3700 2327 3771 pertinet

733 3796 1002 3861 ordinare,
1039 3790 1184 3847 unde
1218 3796 1276 3847 et
1312 3788 1518 3845 definiri
1555 3786 1714 3858 solet,
1746 3784 1896 3859 quod
1925 3788 2000 3843 sit
2023 3786 2325 3847 ordinatio

732 3886 1020 3948 rationisg
1060 3880 1158 3937 sed
1193 3877 1446 3936 ordinare
1482 3893 1586 3934 non
1622 3875 1693 3933 ad
1728 3876 2066 3934 voluntatem
2087 3916 2104 3949 ‚
2136 3878 2233 3934 sed
2258 3877 2326 3936 ad

735 3973 1070 4032 intellectum
1121 3974 1372 4041 spectat,
1413 3967 1539 4039 quia
1575 3966 1812 4023 includit
1860 3967 2325 4027 ratiocinationem

737 4063 1058 4139 quamdam3
1103 4059 1248 4116 unde
1284 4072 1426 4130 quae
1453 4058 1660 4113 ratione
1688 4062 1910 4128 carent,
1941 4056 2194 4115 ordinare
2220 4076 2331 4118 non

736 4158 1000 4227 possunt3
1042 4164 1174 4224 ergo
1214 4145 1300 4205 lex
1343 4153 1504 4203 actus
1545 4146 1858 4204 intellectus
1898 4154 2007 4205 est.
2041 4149 2325 4221 Secunda,

739 4243 874 4315 legis
901 4246 985 4298 est
1010 4238 1340 4309 illuminare,
1364 4242 1419 4293 et
1439 4236 1732 4303 instruere,
1757 4236 1902 4292 iuxta
1925 4236 2088 4293 illud:
2115 4242 2330 4297 Lucer-

736 4348 822 4389 na
841 4327 1090 4405 pedibus
1114 4328 1264 4384 meis
1289 4324 1532 4382 verbum
1557 4330 1765 4392 καιτοι,-
1793 4332 1851 4381 et
1871 4322 2036 4381 illud:
2063 4330 2189 4384 Leae
2214 4330 2331 4383 Do·

741 4422 888 4477 mini
905 4415 1306 4475 immaculata
1323 4417 1661 4471 convertens
1682 4416 1944 4480 animas,
1966 4416 2326 4487 sapientiam

735 4512 1054 4585 praestans
1087 4502 1399 4582 parvulis.-
1432 4502 1740 4561 illuminare
1787 4510 1968 4560 autem
2017 4504 2330 4562 intellectus

741 4604 844 4655 est.
875 4595 1078 4668 Tertia,
1099 4594 1184 4652 lex
1211 4598 1296 4649 est
1321 4591 1534 4664 regula,
1560 4600 1622 4649 ut
1648 4593 1702 4647 in
1728 4592 1995 4664 principio
2015 4592 2225 4651 dictum
2248 4600 2333 4650 est

742 4702 808 4743 ex
834 4684 1030 4742 Basilio
1057 4683 1110 4739 in
1138 4697 1263 4753 cap.
1301 4684 1352 4739 1.
1384 4681 1576 4752 Isaiae,
1603 4680 1694 4737 ubi
1719 4696 1838 4758 eam
1870 4689 2034 4740 vocat
2057 4680 2333 4756 remitam

635 4834 640 4841 ,
741 4778 1032 4832 iustorum
1061 4776 1117 4828 et
1141 4772 1496 4827 iniustorum
1518 4812 1532 4835 ,
1567 4768 1719 4843 quod
1752 4772 1918 4827 etiam
1945 4770 2183 4828 habetur
2208 4772 2259 4828 in
2290 4770 2329 4829 l.

746 4868 805 4936 2,
836 4863 910 4921 ff..
925 4862 992 4919 de
1014 4862 1120 4934 leg.
1144 4866 1199 4917 et
1217 4858 1339 4915 ideo·
1356 4856 1504 4931 leges
1527 4857 1930 4916 ecclesiasticae
1954 4866 2221 4917 vocantur
2242 4874 2335 4917 ea·

747 4968 938 5023 nones,
971 4950 1025 5007 id
1051 4956 1139 5023 est
1163 4946 1409 5021 regulae,
1438 4952 1499 5004 ut
1527 4948 1599 5004 ait
1622 4947 1816 5005 Isidor.
1840 4953 1896 5006 2.
1929 4948 2333 5024 Etymoloyia-

743 5058 877 5098 rum
895 5058 916 5107 ,·
945 5039 1042 5097 sed
1071 5036 1321 5094 voluntas
1359 5046 1465 5092 non
1505 5043 1593 5094 est
1615 5036 1828 5109 regula,
1859 5038 1986 5110 quin
2017 5039 2194 5109 potius
2221 5040 2334 5112 ipsa

748 5132 953 5189 ratione
981 5126 1282 5205 regulanda
1309 5132 1428 5198 est3
1455 5132 1540 5183 est
1567 5141 1700 5199 ergo
1730 5124 1813 5185 lex
1841 5128 1896 5183 in
1925 5128 2156 5187 ratione.

2195 226 2389 315 LtBEit
2418 266 2468 313 1.

2450 390 2684 468 Quarta,
2718 390 2847 462 quia
2873 389 3059 447 nullus
3086 396 3267 463 potest
3292 391 3559 465 assignari
3584 400 3751 451 actus
3785 386 3979 452 volun-

2374 482 2533 551 tatis,
2580 481 2673 552 qui
2713 482 2782 537 sit
2829 479 2941 550 lex;
2984 486 3080 537 aut
3112 482 3253 537 enim
3292 487 3379 538 est
3416 481 3670 557 soluntas
3714 482 3980 555 principis

2374 584 2471 626 seu
2508 570 2842 639 superioris,
2885 569 3033 641 quod
3070 570 3195 625 talis
3235 570 3383 628 actio
3422 570 3516 627 liat
3554 587 3587 627 a
3628 570 3895 641 subdito,
3928 582 3981 630 et

2374 656 2481 714 hoc
2508 672 2639 728 non,
2670 658 2797 731 quia
2826 656 2947 715 talis
2974 658 3227 715 voluntas
3254 659 3561 717 necessaria
3586 677 3693 718 non
3724 666 3849 731 est,
3882 677 3981 719 nec

2376 746 2582 805 sufficit
2600 789 2615 820 ‚
2660 762 2782 804 nam
2816 750 2957 805 Deus
2986 764 3177 804 verum
3205 756 3561 823 praeceptum
3588 752 3787 823 posuit
3812 752 3982 809 Abra·

2375 837 2475 894 hae
2512 834 2581 893 de
2624 836 2983 893 sacrificando
3010 837 3137 908 filio,
3169 838 3316 911 quod
3348 846 3526 897 tamen
3555 843 3705 897 Deus
3740 841 3861 898 fieri
3891 857 3981 898 no-

2376 926 2551 997 lebat3
2582 932 2639 983 et
2678 942 2709 983 ο
2751 942 3042 1002 converso,
3070 931 3427 1001 quantumvis
3456 934 3707 1004 superior
3738 932 3903 1004 velit,
3932 942 3985 990 et

2376 1015 2655 1074 desideret
2695 1016 2897 1092 aliquid
2936 1018 3047 1080 fieri
3089 1033 3121 1074 a
3160 1017 3407 1091 subdit03
3452 1023 3497 1078 si
3537 1038 3645 1079 non
3685 1023 3981 1095 praecipit,

2378 1121 2485 1163 non
2518 1104 2749 1178 obligat.
2782 1108 2849 1163 Et
2878 1105 2997 1163 ideo
3028 1106 3224 1164 dicunt
3252 1108 3508 1184 theologi,
3540 1126 3639 1168 nos
3664 1128 3783 1169 non
3812 1116 3981 1171 teneri

2378 1196 2711 1253 conformari
2739 1194 2950 1253 divinae
2976 1196 3265 1271 voluntati,
3294 1202 3453 1256 etiam
3483 1200 3719 1273 efficaci,
3756 1203 3867 1258 nisi
3896 1202 3985 1261 ad·

2377 1284 2540 1342 datur
2577 1292 2937 1357 praeceptum
2964 1284 3031 1342 de
3058 1288 3377 1360 exequenda
3402 1288 3495 1346 tali
3521 1289 3844 1359 voluntate3
3880 1308 3983 1349 non

2378 1390 2514 1449 ergo
2543 1374 2798 1431 consistit
2837 1375 2921 1431 lex
2956 1376 3009 1431 in
3056 1376 3149 1433 tali
3178 1376 3491 1449 voluntate3
3528 1379 3613 1436 vel
3641 1381 3909 1437 consistit
3934 1382 3985 1437 in

2380 1464 2661 1520 voluntate
2682 1461 2958 1536 obligandi
2980 1462 3259 1521 subditum
3276 1507 3291 1538 ‚
3312 1466 3523 1525 ethaeo
3551 1470 3715 1525 etiam
3739 1486 3856 1527 non
3878 1470 3986 1526 sul·-

2380 1553 2511 1623 lieit,
2542 1552 2642 1609 nisi
2672 1552 2967 1609 intimetur.
2999 1555 3111 1611 lmo
3141 1553 3351 1613 addunt
3372 1556 3570 1629 aliqui,
3603 1574 3712 1615 non
3744 1574 3875 1617 esse
3896 1576 3985 1616 ne·

2380 1643 2684 1699 cessariam
2715 1641 2879 1700 talem
2909 1642 3245 1701 voluntatem
3272 1646 3327 1701 in
3357 1646 3621 1719 principe,
3654 1656 3716 1705 ut
3748 1648 3984 1706 seratle-

2380 1748 2525 1805 gem,
2551 1733 2679 1805 quia
2706 1730 2838 1789 lieet
2862 1734 3116 1805 princeps
3143 1732 3271 1790 nihil
3302 1736 3506 1807 cogitet
3532 1734 3601 1793 de
3626 1736 3983 1813 obligatione,

2380 1822 2428 1877 si
2448 1821 2565 1880 vult
2584 1823 3204 1896 imperare,imperando
3225 1823 3330 1881 sert
3350 1824 3544 1899 legem.
3566 1828 3681 1884 lmo
3700 1826 3864 1886 addit
3882 1830 3983 1885 fle·

2382 1908 2509 1968 dina
2543 1918 2592 1971 1.
2624 1916 2681 1980 2,
2712 1928 2768 1985 q.
2802 1916 2896 1981 90,
2926 1919 3033 1969 art.
3076 1916 3124 1981 1,
3154 1914 3301 1987 quod
3329 1914 3455 1973 lieet
3479 1916 3613 1974 nolit
3639 1917 3912 1991 obligare,
3940 1917 3983 1973 si

2382 2000 2504 2058 vult
2540 2002 2835 2074 imperare,
2864 2002 3096 2075 obligat,
3126 2010 3182 2058 et
3207 2002 3311 2061 sert
3338 2004 3531 2078 legem.
3564 2005 3749 2077 Sicut,
3784 2007 3981 2082 inquit,

2385 2090 2477 2161 qui
2500 2097 2659 2147 vovet
2673 2092 2786 2147 sine
2803 2090 3081 2148 voluntate
3103 2106 3161 2147 se
3184 2091 3472 2175 obligandi,
3488 2094 3843 2154 nibilominus
3858 2086 3981 2154 rere

2384 2185 2565 2245 voret,
2590 2188 2645 2237 et
2663 2180 2931 2253 obligatus
2958 2186 3161 2251 manet3
3190 2188 3249 2238 et
3276 2183 3371 2255 qui
3398 2184 3671 2254 promittit
3696 2186 3809 2243 sub
3838 2187 3979 2244 iura-

2386 2278 2571 2325 mento
2596 2268 2785 2325 dolose
2810 2276 2869 2326 et
2893 2270 3009 2328 sine
3040 2270 3333 2327 intentione
3356 2286 3414 2329 se
3435 2272 3728 2347 obligandi,
3762 2283 3983 2333 tenetur

2388 2358 2615 2429 implere
2651 2360 2981 2430 promissum
3008 2376 3075 2418 ex
3104 2359 3365 2434 religione
3392 2364 3708 2438 iuramenti3
3740 2368 3827 2424 sic
3854 2380 3984 2439 ergo

2387 2448 2479 2520 qui
2518 2446 2634 2504 vult
2678 2449 2979 2521 imperare,
3018 2465 3083 2507 ex
3128 2451 3460 2509 efficacitate
3498 2454 3707 2527 imperii
3758 2454 3979 2529 obligat,

2384 2536 2545 2593 etiam
2584 2538 2629 2593 si
2660 2538 2817 2595 nolit.
2858 2539 3039 2606 Quare
3066 2538 3131 2595 ad
3162 2539 3333 2613 legem
3362 2558 3473 2598 non
3500 2544 3608 2621 ¹crit
3633 2547 3984 2601 necessarius

2389 2627 2721 2683 alius'actus
2760 2626 3052 2685 voluntatis
3075 2670 3089 2697 ,
3119 2630 3222 2686 nisi
3250 2631 3501 2689 voluntas
3530 2634 3867 2705 imperandi;
3897 2635 3984 2691 illa

2389 2722 2570 2773 autem
2600 2716 2853 2773 voluntas
2880 2733 2988 2772 non
3014 2722 3101 2773 est
3120 2718 3228 2791 lex,
3253 2718 3355 2775 nisi
3379 2728 3648 2794 sequatur
3669 2723 3982 2796 imperium,

2389 2804 2536 2878 quod
2567 2806 2805 2877 pertinet
2828 2805 2897 2861 ad
2924 2806 3293 2881 intellectum3
3326 2810 3379 2865 in
3410 2810 3499 2868 illo
3526 2826 3661 2885 ergo
3692 2812 3778 2871 lex
3807 2820 3913 2871 est.

2468 2898 2520 2951 3.
2562 2896 2664 2951 Est
2703 2900 2884 2952 autem
2926 2899 3301 2955 controversia
3340 2899 3482 2957 inter
3521 2907 3779 2959 auctores
3822 2903 3983 2961 huius

2389 2984 2715 3040 sententiae:
2764 2987 3017 3057 quisnam
3058 2994 3221 3043 actus
3256 2986 3569 3046 intellectus
3600 2990 3801 3050 habeat
3826 2994 3982 3049 ratio·

2387 3090 2511 3131 nem
2550 3073 2683 3147 legis
2703 3113 2718 3143 ,
2760 3090 2829 3129 an
2856 3074 3069 3132 seilicet
3096 3074 3355 3133 iudicium
3382 3079 3623 3151 rationis,
3655 3083 3807 3154 quod
3836 3088 3981 3139 ante·

2388 3161 2535 3220 cedit
2575 3162 2947 3241 voluntatem,
2979 3162 3061 3219 vel
3090 3166 3413 3240 imperium,
3442 3168 3589 3241 quod
3618 3170 3885 3246 subsequi
3906 3170 3981 3227 di-

2388 3252 2573 3310 citur?
2596 3254 2731 3310 Nam
2762 3252 2984 3326 quidam
3012 3254 3447 3328 eorumdicunt,
3471 3270 3593 3314 esse
3615 3259 3877 3318 iudicium
3902 3276 3981 3317 ra·-

2388 3340 2568 3415 tionis,
2599 3341 2748 3415 quod
2779 3343 2951 3420 tenuit
2976 3342 3245 3401 Guilielm.
3274 3344 3537 3403 Parisien.
3560 3354 3620 3403 et
3641 3360 3873 3408 secutus
3898 3356 3981 3406 est

2388 3430 2623 3489 Conrad.
2654 3430 2709 3488 d.
2740 3438 2845 3489 art.
2886 3436 2932 3491 1.
2967 3434 3037 3490 Et
3062 3432 3279 3506 quidem
3306 3432 3363 3492 (1.
3394 3435 3629 3493 Thomas
3665 3455 3723 3512 q.
3757 3444 3822 3499 91
3850 3484 3864 3512 ,
3894 3456 3981 3497 ar-

2388 3520 2485 3577 tie.
2516 3524 2583 3590 2,
2616 3519 2765 3577 clare
2792 3520 2953 3590 dicit,
2984 3520 3155 3593 legem
3184 3538 3305 3578 esse
3330 3523 3606 3582 dictamen
3633 3528 3683 3583 in
3712 3530 3973 3603 principe.

2389 3608 2460 3665 Et
2498 3609 2542 3664 si
2581 3608 3003 3666 considerentur
3040 3610 3345 3669 testimonia
3372 3612 3635 3680 adducta,
3668 3618 3979 3689 praesertim

2392 3696 2838 3769 pbilosophorum
2856 3739 2871 3769 ,
2902 3697 2971 3755 (1ο
2999 3699 3105 3756 boe
3132 3698 3331 3758 iudicio
3359 3702 3508 3775 loqui
3545 3702 3821 3765 videntur.
3851 3708 3979 3763 Item

2390 3786 2749 3861 proprietates
2788 3787 2939 3860 illae,
2985 3801 3129 3861 quae
3157 3796 3291 3845 sunt
3314 3790 3646 3863 illuminare,
3676 3810 3801 3853 esse
3824 3810 3983 3869 regu·

2394 3879 2500 3935 lam
2534 3882 2590 3933 et
2624 3890 2968 3949 mensuram,
3001 3878 3057 3933 in
3084 3876 3349 3935 iudicium
3377 3881 3601 3939 rationis
3628 3885 3976 3953 conveniunt,

2393 3973 2450 4025 et
2488 3982 2595 4023 non
2634 3967 2689 4023 in
2729 3965 2864 4023 illud
2900 3966 3186 4043 imperium
3207 4009 3223 4041 ,
3254 3967 3404 4041 quod
3428 3969 3609 4027 solum
3637 3972 3842 4031 dicitur
3867 3988 3983 4029 ease

2394 4055 2775 4129 impulsivum,
2812 4064 2868 4113 et
2903 4071 3012 4113 non
3038 4057 3498 4117 manifestativum
3527 4060 3763 4121 alicui-us
3791 4064 3984 4122 verita·

2394 4148 2485 4205 tis.
2515 4147 2653 4203 Huic
2688 4151 2869 4203 tamen
2908 4146 3209 4204 sententiae
3234 4149 3445 4221 obstat,
3476 4154 3606 4225 quia
3632 4153 3895 4212 iudicium
3922 4152 3983 4209 il-

2396 4236 2493 4294 lud
2533 4252 2637 4294 non
2678 4234 2841 4292 habet
2876 4234 3182 4293 efficaciam
3223 4236 3525 4312 obligandi,
3568 4256 3669 4299 nee
3708 4245 3983 4302 moraliter

2397 4325 2679 4392 movendig
2711 4324 2847 4383 haec
2884 4332 3069 4382 autem
3102 4327 3155 4382 in
3198 4325 3319 4407 lege
3345 4332 3654 4388 necessaria
3681 4340 3801 4390 est:
3832 4335 3975 4401 item,

2397 4414 2577 4488 quoad
2620 4414 2879 4471 iudicium
2920 4412 3049 4469 nibil
3086 4412 3303 4473 differre
3330 4415 3546 4475 videtur
3573 4428 3924 4494 praeceptum
3950 4434 3981 4475 a

2381 4490 2653 4576 consilio,
2682 4504 2811 4575 quia
2834 4503 2998 4559 etiam
3024 4502 3321 4561 consulens
3342 4504 3507 4564 habet
3526 4508 3701 4565 simile
3722 4508 3979 4567 iudicium

2396 4592 2463 4649 de
2504 4592 2717 4649 actione
2735 4633 2751 4665 ,
2782 4606 2949 4665 quam
2975 4590 3276 4651 taciendam
3304 4594 3563 4669 consulit,
3596 4596 3739 4655 unde
3766 4601 3813 4656 si
3841 4604 3981 4657 Deus

2398 4680 2526 4738 nihil
2555 4680 2705 4737 aliud
2742 4680 2895 4736 nobis
2931 4681 3334 4754 manifestaret,
3366 4698 3531 4757 quam
3560 4686 3667 4745 hoc
3698 4688 3977 4754 iudicium,

2397 4787 2505 4828 non
2532 4771 2727 4844 legem,
2758 4768 2854 4826 sed
2884 4770 3173 4828 consilium
3204 4774 3508 4846 praeberet,
3532 4775 3587 4844 in
3607 4778 3688 4834 his
3709 4778 3977 4845 videlicet,

2398 4855 2633 4935 quoru'm
2661 4862 2909 4934 opposita
2936 4862 3231 4919 intrinsece
3262 4862 3403 4921 mala
3430 4880 3537 4921 non
3564 4876 3715 4925 sunt.

2474 4950 2573 5007 Alii
2608 4966 2741 5025 ergo
2778 4956 3035 5007 auctores
3072 4957 3280 5022 ponunt
3318 4952 3487 5026 legem
3524 4956 3577 5011 in
3616 4964 3745 5015 actu
3783 4957 3981 5015 intelle-

2398 5046 2527 5098 ctus
2567 5039 2941 5112 subsequente
2981 5039 3355 5115 voluntatem,
3397 5048 3459 5099 et
3491 5052 3691 5103 vocant
3712 5045 3867 5103 illum
3892 5060 3980 5103 ac·-

2404 5136 2523 5187 tum
2562 5120 2877 5202 imperium
2909 5127 3003 5187 sed
3030 5130 3075 5188 si
3103 5128 3189 5187 bic
3220 5138 3378 5189 actus
3406 5148 3513 5191 non
3544 5133 3613 5193 sit
3637 5150 3737 5209 per
3762 5137 3979 5195 modum
