4325 6267
628 300 848 393 ‘144

722 468 953 527 Tandem
982 468 1207 526 adducit
1232 469 1509 526 Navarrus
1536 465 1844 539 exennium
1872 463 1941 523 de
1972 466 2111 523 votis
2136 508 2151 536 ,
2174 467 2228 522 in

644 558 845 632 quibus
873 575 1033 631 saepe
1056 559 1113 615 fit
1132 559 1531 629 interpretatio.
1559 556 1687 628 Sed,
1715 562 1777 613 ut
1795 554 2039 613 dicebam
2060 554 2129 611 de
2149 556 2232 613 iu-

642 654 917 720 ramento,
950 648 1023 705 ita
1064 647 1357 706 dicendum
1397 653 1484 705 est
1516 646 1585 705 de
1612 654 1775 718 vot03'
1802 662 1926 703 nam
1955 643 2230 702 interdum

641 738 698 794 fit
718 739 1090 809 interpretatio
1115 737 1293 794 solum
1314 736 1381 793 ad
1406 735 1781 808 explicandam
1808 742 2059 791 naturam
2084 735 2229 805 eius,

642 836 707 885 ut
731 826 878 900 quod
906 843 1011 882 non
1042 828 1240 899 obliget
1268 828 1323 881 in
1351 826 1577 883 materia
1604 824 1792 881 illicita
1821 824 1903 879 vel
1931 824 2230 895 impossibi-

641 916 707 979 li,
738 923 847 975 etc.
880 918 953 973 Et
988 922 1119 974 tunc
1150 915 1297 976 nulla
1323 922 1411 973 est
1436 914 1628 973 umbra
1653 912 1896 986 epiikiae.
1928 913 2230 987 Aliquando

643 1022 771 1063 vero
812 1007 926 1063 fieri
969 1014 1151 1079 potest
1190 1004 1562 1077 interpretatio
1604 1004 1915 1061 intentionis
1958 1005 2225 1073 voventis,

638 1096 911 1153 limitando
944 1096 1085 1153 illam
1103 1138 1117 1165 ,
1141 1096 1349 1153 etiamsi
1384 1096 1545 1152 verba
1568 1094 1676 1150 voti
1702 1093 1987 1150 videantur
2010 1094 2230 1150 univer-

638 1188 797 1256 salia,
834 1194 892 1243 et
935 1193 1065 1243 tunc
1109 1202 1167 1242 re
1206 1201 1334 1243 vera
1375 1185 1536 1241 habet
1566 1184 1787 1241 modum
1816 1182 2069 1253 epiikiae,
2102 1184 2230 1255 quia

638 1282 723 1333 est
758 1276 1065 1333 emendatio
1112 1275 1226 1331 voti
1275 1282 1498 1347 propter
1541 1272 1875 1330 universale:
1924 1281 2099 1328 tamen
2143 1271 2230 1328 illa

636 1366 832 1439 epiikia
876 1382 981 1421 non
1022 1365 1169 1422 cadit
1209 1367 1261 1421 in
1308 1365 1479 1436 legem
1521 1363 1821 1420 naturalem
1848 1362 2108 1435 implendi
2138 1375 2231 1417 vo-

638 1465 754 1513 tum
775 1498 790 1528 ,
826 1455 921 1512 sed
951 1456 1000 1511 in
1032 1462 1223 1513 votum
1248 1457 1426 1527 ipsum
1447 1495 1462 1524 ,
1493 1453 1641 1527 quod
1668 1462 1752 1511 est
1780 1454 1939 1526 quasi
1968 1452 2053 1509 lex
2081 1453 2227 1524 posi·

641 1547 749 1603 tiva
779 1548 984 1616 privata
1001 1588 1015 1615 ,
1038 1552 1095 1602 et
1124 1548 1197 1603 ita
1226 1560 1321 1617 per
1348 1544 1493 1601 illam
1522 1542 1769 1617 epiikiam
1795 1545 1901 1600 voti
1930 1543 2109 1599 solum
2131 1542 2225 1599 de·

635 1635 881 1691 claretur
921 1633 1117 1692 modus
1158 1634 1559 1706 promissionis,
1602 1644 1743 1705 quae
1772 1639 1856 1688 est
1882 1632 2137 1702 materia,
2173 1632 2225 1687 in

638 1741 803 1799 quam
851 1734 980 1782 tunc
1009 1725 1157 1781 cadit
1182 1724 1269 1782 lex
1298 1724 1593 1795 naturalis,
1622 1728 1677 1779 et
1703 1724 1776 1779 ita
1806 1729 2061 1794 respectu
2092 1722 2224 1793 legis

636 1813 901 1871 naturalis
949 1830 1057 1871 non
1102 1821 1187 1871 est
1230 1812 1452 1886 epiikia,
1505 1812 1600 1870 sed
1649 1813 1879 1885 simplex
1927 1811 2224 1869 declaratio

598 1903 835 1961 'obiecti
882 1905 1025 1961 eius.
1078 1904 1234 1959 Sicut
1277 1901 1626 1971 dicebamus,
1669 1901 2121 1973 dispensationem
2171 1902 2224 1956 in

637 1999 767 2050 voto
810 2010 916 2049 non
955 2008 1077 2049 esse
1113 1991 1574 2065 dispensationem
1612 1992 1664 2048 in
1702 1990 1792 2047 illa
1821 1991 1937 2064 lege
1966 1988 2222 2061 naturali,

534 2072 542 2080 “
636 2082 733 2139 sed
768 2083 817 2138 in
847 2082 1071 2139 materia
1092 2082 1209 2139 eius
1229 2122 1244 2153 ,
1269 2096 1381 2154 qua
1405 2082 1662 2152 remissa,
1688 2096 1784 2152 per
1806 2096 1865 2135 se
1886 2086 2070 2136 cessat
2090 2079 2224 2136 obli·

635 2173 780 2243 gatio
817 2170 1081 2229 naturalis
1109 2169 1272 2243 legis3
1306 2170 1377 2227 ita
1404 2171 1547 2227 enim
1574 2178 1660 2226 est
1691 2172 1746 2226 in
1777 2170 2077 2242 praesenti,
2108 2185 2224 2225 ser-

637 2268 760 2318 vata
791 2260 1156 2333 proportione.
1182 2261 1251 2317 Et
1274 2261 1349 2317 ita
1370 2261 1532 2316 etiam
1555 2266 1739 2316 cessat
1756 2259 2085 2331 exemplum,
2112 2275 2222 2331 quo

635 2352 811 2409 utitur
848 2355 976 2409 soto
1005 2350 1072 2408 de
1100 2349 1329 2408 naturali
1357 2356 1648 2422 praecepto
1665 2390 1680 2416 ,
1704 2365 1814 2422 quo
1838 2355 2088 2405 tenentur
2110 2342 2234 2421 epi-¹

633 2444 787 2515 scopi
826 2442 1089 2511 residere,
1132 2441 1277 2513 quod
1320 2440 1458 2498 dicit
1488 2440 1760 2505 interdum
1790 2438 1903 2496 tolli
1931 2454 2029 2511 per
2060 2438 2226 2495 inter-

634 2534 993 2604 pretationem
1036 2530 1277 2603 epiiltiae.
1323 2532 1397 2589 Ut
1434 2530 1575 2586 enim
1616 2531 1888 2597 omittam,
1934 2529 2074 2585 illam
2114 2544 2222 2584 non

630 2636 755 2678 esse
784 2620 1279 2692 interpretationem
1312 2621 1429 2675 sine
1450 2620 1630 2693 aliqua
1658 2620 1959 2675 mutatione
1982 2634 2045 2674 ex
2070 2624 2222 2689 parte

632 2710 972 2785 obligationis
992 2750 1007 2781 ,
1050 2725 1191 2782 quae
1234 2724 1361 2766 vere
1388 2709 1599 2782 inerat,
1629 2716 1685 2765 et
1710 2709 1981 2778 aufertur3
2014 2707 2223 2763 etiamsi

634 2806 781 2857 esset
802 2800 1197 2871 interpretatio,
1226 2815 1333 2855 non
1362 2804 1509 2855 esset
1536 2796 1725 2870 epiikia
1745 2800 1799 2854 in
1830 2797 1943 2869 lege
1966 2797 2222 2868 naturali,

630 2891 725 2947 sed
752 2892 804 2945 in
827 2896 988 2961 pacto
1016 2905 1113 2945 seu
1144 2888 1539 2965 promissione„
1584 2894 1684 2945 aut
1712 2886 1950 2959 vinculo,
1976 2903 2089 2961 quo
2116 2888 2225 2960 epi-

630 2995 833 3051 scopus
858 2978 1207 3051 coniungitur
1234 2993 1365 3036 suae
1392 2979 1689 3049 ecclesiae,
1723 2984 1779 3035 et
1804 2980 1857 3034 in
1888 2994 2001 3051 quo
2029 2977 2225 3034 sunda·

622 3078 719 3127 tur
747 3076 1098 3142 praeceptum
1130 3068 1267 3126 illud
1294 3068 1559 3126 naturalis
1594 3070 1856 3126 iustitiae.
1887 3068 1941 3125 Si
1964 3067 2106 3124 enim
2130 3067 2225 3124 ali-

627 3160 845 3233 quando
888 3166 1067 3232 potest
1106 3158 1228 3215 talis
1269 3159 1533 3231 obligatio
1578 3174 1675 3229 per
1715 3158 2222 3229 interpretationem

626 3264 844 3305 cessare
864 3288 881 3319 ,
908 3255 1021 3305 tota
1048 3249 1421 3320 interpretatio
1444 3253 1698 3303 versatur
1718 3247 1869 3302 circa
1893 3252 2143 3317 pactum,
2169 3251 2224 3300 et

626 3340 774 3395 circa
812 3340 1166 3395 intentionem
1212 3352 1273 3393 se
1312 3336 1617 3409 obligandi,
1660 3335 1981 3408 excipiendo
2024 3336 2091 3392 ab
2132 3334 2222 3391 illa

624 3443 817 3485 casum
858 3427 1334 3496 subintellectum,
1378 3425 1503 3484 licet
1529 3442 1635 3481 non
1668 3426 1829 3482 fuerit
1873 3440 2218 3497 expressum,

627 3526 688 3573 ut
726 3520 770 3573 si
810 3519 1260 3589 interpretemur,
1306 3532 1465 3588 posse
1505 3517 1694 3573 abesse
1751 3522 1971 3587 propter
2000 3531 2221 3587 gravem

625 3608 1017 3678 infirmitatem,
1049 3607 1131 3665 vel
1162 3605 1327 3662 aliam
1364 3606 1746 3663 necessitatem
1768 3604 1995 3662 similem
2018 3619 2216 3677 urgen-

628 3703 763 3765 tem,
794 3702 905 3753 etc.
1374 3711 1382 3723 ·

704 3788 755 3844 7.
789 3785 1014 3843 Ratione
1039 3783 1260 3841 demum
1281 3782 1614 3841 declaratur.
1643 3784 1822 3841 Primo
1842 3826 1856 3850 ,
1882 3784 2011 3857 quia
2032 3783 2222 3856 epiikia

625 3882 711 3933 est
736 3873 1040 3931 emendatio
1074 3874 1240 3946 legis,
1272 3888 1372 3929 seu
1398 3873 1524 3931 iusti
1552 3872 1769 3947 legalis,
1802 3881 1861 3930 at
1888 3873 1972 3929 lex
2001 3877 2222 3929 natura-

623 3965 689 4022 lis
714 3963 991 4021 emendari
1032 3978 1137 4018 non
1163 3968 1381 4034 potest,
1412 3978 1543 4018 cum
1571 3964 1747 4034 posita
1778 3964 1847 4017 sit
1874 3962 1925 4017 in
1953 3970 2104 4018 recta
2132 3977 2220 4017 ra·

624 4057 799 4127 tione,
842 4069 984 4127 quae
1025 4069 1053 4108 a
1084 4068 1213 4109 vero
1241 4051 1475 4110 deficere
1504 4068 1613 4108 non
1640 4058 1867 4123 potest,
1898 4068 2023 4107 nam
2052 4052 2097 4107 si
2124 4050 2220 4107 de-

624 4146 763 4217 ficit,
810 4145 911 4201 iam
953 4158 1059 4198 non
1100 4148 1185 4198 est
1223 4149 1375 4199 recta
1415 4140 1587 4212 ratio,
1620 4156 1751 4213 ergo
1790 4139 1981 4197 eadem
2008 4142 2216 4199 ratione

622 4234 857 4292 deficere
903 4248 1009 4288 non
1054 4238 1231 4303 potest
1269 4231 1477 4289 iustum
1529 4230 1656 4287 huic
1709 4230 1814 4303 legi
1856 4229 2214 4303 respondens,

624 4328 755 4399 quia
782 4328 858 4382 ita
886 4322 1055 4397 legale
1082 4328 1197 4395 est,
1224 4328 1287 4379 ut
1308 4322 1377 4379 sit
1397 4322 1557 4379 etiam
1580 4321 1861 4377 naturale:
1888 4323 2094 4378 iustum
2120 4336 2219 4375 au-

624 4424 734 4472 tem
774 4414 1052 4480 naturale,
1084 4428 1215 4469 cum
1242 4413 1452 4469 oriatur
1478 4428 1545 4468 ex
1572 4412 1906 4478 extrinseca,
1940 4417 2004 4467 ut
2030 4410 2107 4467 sic
2138 4409 2220 4466 di·

625 4520 747 4560 cam
766 4544 782 4567 ,
813 4502 1227 4574 conformitate,
1250 4509 1306 4560 et
1323 4500 1681 4558 consonantia
1700 4506 2097 4569 extremorum,
2124 4498 2219 4555 de-

625 4594 788 4650 ficere
820 4609 927 4649 non
956 4598 1166 4665 potest,
1190 4592 1295 4647 nisi
1323 4591 1541 4665 aliquod
1568 4606 1636 4647 ex
1667 4588 1921 4647 extremis
1942 4595 2210 4660 mutetur,

624 4691 681 4741 et
707 4690 843 4741 tunc
872 4683 979 4739 iam
1012 4688 1260 4739 mutatur
1286 4682 1517 4739 materia
1545 4680 1716 4754 legis,
1746 4685 1800 4737 et
1826 4694 1933 4736 non
1962 4684 2049 4736 est
2075 4678 2217 4735 idem

623 4772 859 4829 medium
902 4774 1153 4845 virtutis,
1192 4778 1251 4827 et
1288 4781 1692 4846 consequenter
1732 4786 1908 4845 neque
1950 4769 2089 4829 idem
2132 4773 2217 4827 iu-

624 4870 801 4935 stum,
832 4867 887 4918 et
910 4864 987 4919 ita
1014 4861 1145 4919 licet
1169 4868 1350 4919 cesset
1376 4861 1631 4935 obligatio
1661 4861 1794 4935 legis
1810 4904 1827 4935 ,
1851 4878 1960 4919 non
1980 4867 2067 4919 est
2086 4878 2214 4934 pro-

624 4958 742 5023 pter
768 4951 1012 5024 epiikiam
1029 4993 1047 5023 ,
1075 4951 1170 5007 sed
1197 4957 1422 5024 propter
1444 4952 1797 5009 mutationem
1820 4953 2094 5009 materiae.
2121 4954 2217 5009 Se-

622 5043 805 5099 cundo
834 5042 1143 5099 declaratur
1165 5040 1421 5113 amplius,
1452 5044 1582 5115 quia
1604 5043 1657 5097 in
1682 5042 1801 5115 lege
1822 5041 2054 5099 naturali
2075 5058 2216 5098 nun-

624 5148 789 5206 quam
832 5132 890 5188 fit
928 5146 1025 5204 per
1064 5132 1566 5204 interpretationem
1606 5134 1877 5205 exemptio
1918 5131 1986 5189 ab
2024 5130 2215 5188 eadem

628 5234 743 5296 lege
782 5221 1101 5291 universali,
1143 5236 1209 5279 eo
1236 5221 1384 5293 quod
1412 5223 1483 5279 sit
1508 5222 1885 5280 universaliter
1912 5222 2210 5295 proposita,

2123 342 2328 393 LIBER
2367 343 2444 391 11.

2302 480 2447 539 quae
2477 412 2598 521 solat
2617 472 2702 522 est
2727 465 2944 539 epiiltia,
2977 472 3036 523 ut
3056 466 3266 525 dictum
3288 475 3394 525 est.
3419 470 3777 539 Assumptum
3797 484 3896 540 pa·

2302 561 2406 627 tet,
2440 553 2565 627 quia
2591 553 2864 612 dictamen
2887 564 3072 613 rectae
3094 556 3319 613 rationis
3348 557 3657 613 secundum
3685 574 3743 613 se
3769 574 3894 631 spe-

2306 650 2545 713 ctatum,
2570 651 2628 700 et
2653 650 2716 702 ut
2741 645 2987 715 practice
3015 660 3240 717 verum,
3267 662 3374 702 non
3398 646 3576 702 fertur
3603 646 3654 701 in
3679 649 3896 704 univer-

2302 735 2443 807 sale,
2488 740 2648 805 prout
2690 740 2868 805 potest
2905 734 3168 808 deficere,
3213 735 3305 793 sed
3349 743 3514 807 prout
3542 737 3626 792 his
3653 739 3894 795 circum·

2299 825 2509 882 stantiis
2537 824 2792 882 affectum
2814 866 2828 897 ,
2853 841 2983 881 cum
3004 826 3206 898 quibus
3227 842 3507 900 nunquam
3528 826 3730 899 deficit3
3757 828 3892 884 alias

2297 930 2406 972 non
2435 921 2581 972 esset
2605 913 2874 971 dictamen
2905 930 3116 987 verum,
3141 922 3200 972 et
3225 921 3630 989 consequenter
3659 932 3762 972 nec
3793 932 3890 973 ne·

2300 1004 2632 1068 cessarium,
2677 1018 2778 1059 nec
2820 1010 3069 1077 rectum,
3112 1020 3216 1061 nec
3257 1011 3613 1077 praeceptum
3639 1005 3892 1062 naturale

2299 1092 2604 1149 continens.
2651 1093 2809 1149 Sicut
2847 1094 3072 1150 scientia
3115 1093 3484 1166 philosophiae
3531 1109 3637 1151 non
3689 1093 3895 1150 iudicat

2297 1182 2636 1265 simpliciter,
2657 1198 2876 1239 omnem
2895 1182 3165 1240 hominem
3189 1182 3390 1240 habere
3412 1190 3625 1241 tantum
3648 1186 3892 1257 quinque

2297 1270 2517 1343 digitos,
2543 1271 2638 1327 sed
2673 1288 2801 1328 cum
2827 1272 3172 1344 limitatione,
3200 1274 3244 1329 si
3265 1289 3464 1331 causae
3487 1274 3763 1331 naturales
3785 1276 3894 1330 sint

2295 1367 2484 1431 aptae,
2512 1369 2569 1415 et
2609 1376 2714 1416 non
2755 1360 3155 1433 impediantur,
3187 1369 3245 1418 et
3272 1363 3346 1419 ita
3376 1378 3654 1435 nunquam
3681 1362 3887 1433 delicit,

2297 1449 2428 1505 alias
2458 1465 2564 1505 non
2591 1456 2740 1507 esset
2764 1449 3048 1507 conclusio
3079 1454 3399 1510 scientifica.

2369 1539 2546 1595 Tertio
2573 1538 2884 1595 declaratur
2911 1539 3224 1597 inductione
3251 1541 3520 1614 quadam3
3563 1558 3686 1598 nam
3729 1556 3886 1613 prae·

2295 1634 2448 1699 cepta
2476 1626 2608 1700 legis
2636 1635 2893 1694 naturae,
2927 1635 3025 1686 aut
3061 1629 3385 1687 affirmativa
3411 1637 3567 1701 sunt,
3599 1636 3694 1687 aut
3721 1646 3883 1702 nega-

2296 1719 2423 1775 tiva.
2459 1720 2642 1775 Priora
2681 1718 2797 1775 talis
2835 1720 3356 1793 sunt.conditionis,
3403 1727 3464 1776 ut
3499 1736 3714 1793 semper
3745 1720 3878 1776 obli-

2293 1815 2442 1881 gent,
2474 1824 2579 1865 non
2609 1815 2790 1866 tamen
2818 1826 2914 1881 pro
2941 1825 3186 1882 semper:
3218 1812 3268 1867 in
3307 1813 3387 1867 eis
3427 1818 3608 1868 autem
3647 1819 3710 1868 ut
3737 1828 3881 1867 sem·

2293 1913 2389 1969 per
2415 1898 2676 1971 obligant,
2706 1915 2812 1954 non
2840 1899 2987 1955 cadit
3015 1901 3406 1972 interpretatio,
3435 1902 3564 1973 quia
3593 1916 3698 1955 non
3729 1898 3879 1955 cadit
3941 1942 3950 1951 .

2294 1989 2550 2060 variatio,
2581 2004 2806 2045 necesse
2832 1995 2916 2044 est
2939 1990 3107 2060 enim,
3144 1996 3201 2047 ut
3229 2007 3328 2062 pro
3355 1991 3471 2047 suis
3499 1991 3881 2062 opportunita-

2293 2079 2436 2135 tibus
2459 2094 2671 2149 semper
2693 2086 2748 2134 et
2767 2078 3109 2135 infallibiliter
3136 2079 3394 2151 obligent.
3413 2080 3469 2136 ln
3497 2078 3699 2135 eisdem
3723 2094 3852 2134 vero
3875 2120 3890 2147 ,

2295 2174 2479 2224 utnon
2503 2167 2748 2239 obligant·
2763 2184 2858 2240 pro
2881 2183 3117 2240 semper,
3143 2169 3434 2241 dupliciter
3457 2176 3636 2242 potest
3657 2170 3768 2224 fieri
3789 2167 3886 2225 de-

2295 2257 2605 2313 terminatio
2630 2258 2908 2331 temporis,
2937 2275 3032 2329 pro
3054 2275 3165 2333 quo
3186 2260 3448 2333 obligant,
3471 2275 3580 2315 uno
3597 2259 3760 2316 modo
3783 2274 3880 2331 per

2295 2346 2470 2421 legem
2499 2348 2823 2421 positivam,
2855 2354 2911 2405 et
2947 2356 3078 2405 tunc
3105 2351 3156 2404 in
3194 2350 3284 2406 illa
3319 2349 3762 2406 determinatione
3789 2365 3884 2405 ca-

2293 2438 2422 2494 dere
2450 2440 2648 2510 poterit
2687 2454 2792 2494 non
2835 2438 3012 2495 solum
3049 2441 3418 2512 interpretatio
3453 2444 3510 2495 et
3543 2437 3757 2511 epiikia,
3789 2438 3884 2495 sed

2294 2528 2453 2585 etiam
2484 2527 2832 2599 dispensatio,
2865 2543 3004 2600 quae
3041 2544 3149 2585 non
3186 2528 3454 2601 pertinent
3490 2527 3554 2584 ad
3599 2544 3878 2600 praesens,

2291 2617 2419 2697 quia
2448 2633 2552 2673 non
2583 2626 2712 2674 sunt
2735 2620 2788 2674 in
2819 2618 2932 2691 lege
2961 2618 3226 2691 naturali,
3257 2618 3350 2675 sed
3388 2619 3439 2674 in
3481 2619 3730 2691 positiva.
3763 2618 3883 2675 Alio

2293 2722 2424 2781 ergo
2467 2706 2627 2764 modo
2665 2709 2722 2763 fit
2759 2706 3129 2766 determinatio
3167 2724 3264 2780 per
3297 2709 3544 2765 eamdem
3581 2707 3887 2765 naturalem

2293 2797 2586 2864 rationem,
2619 2804 2678 2853 et
2711 2804 2842 2854 tunc
2885 2797 3012 2854 licet
3048 2800 3190 2855 ratio
3226 2798 3571 2869 determinet,
3603 2814 3705 2871 pro
3738 2812 3888 2854 nunc

2295 2885 2531 2959 obligare
2567 2894 2961 2960 praeceptum3
3000 2902 3102 2960 pro
3137 2895 3272 2945 tunc
3309 2903 3436 2946 vero
3475 2901 3582 2944 non
3619 2888 3884 2960 obligare,

2295 2974 2443 3031 nulla
2469 2982 2554 3032 est
2579 2975 2792 3049 epiikia,
2823 2979 2953 3050 quia
2978 2978 3126 3034 nulla
3153 2985 3239 3036 est
3267 2980 3524 3050 exceptio
3553 2994 3584 3036 a
3611 2978 3753 3051 lege,
3781 2992 3886 3035 nec

2292 3066 2592 3123 emendatio
2623 3068 2922 3140 praecepti,
2957 3067 3055 3125 sed
3081 3068 3306 3140 simplex
3335 3068 3686 3142 intelligentia
3715 3067 3886 3141 illius3

2291 3170 2426 3229 ergo
2457 3158 2509 3213 in
2538 3156 2620 3212 his
2651 3158 2955 3228 praeceptis
2983 3174 3089 3214 non
3117 3158 3280 3215 babet
3305 3157 3488 3215 locum
3517 3158 3729 3230 epiikia,
3753 3161 3884 3231 quia

2292 3262 2399 3301 non
2429 3252 2608 3317 potest
2634 3247 2684 3301 in
2713 3248 2790 3302 eis
2819 3246 3038 3321 intelligi
3074 3246 3210 3304 alius
3248 3248 3442 3305 modus
3479 3246 3885 3304 determinatio·

2297 3337 2383 3392 nis
2427 3342 2524 3391 aut
2562 3337 2830 3393 carentiae
2859 3337 3197 3411 obligationis
3223 3353 3324 3409 pro
3353 3338 3533 3411 aliquo
3559 3353 3728 3408 casu3
3757 3352 3884 3393 nam

2295 3425 2340 3480 si
2367 3428 2503 3481 ratio
2533 3423 2855 3481 determinat
2879 3441 2978 3497 pro
3005 3425 3188 3498 aliquo
3217 3431 3462 3499 ternpore
3491 3442 3599 3482 non
3625 3426 3884 3499 obligare,

2299 3516 2405 3572 hoc
2445 3518 2563 3587 ipso
2606 3516 2958 3589 intelligitur,
3003 3515 3110 3572 tale
3152 3524 3506 3589 praeceptum
3549 3522 3746 3573 natura
3785 3530 3888 3573 sua

2292 3621 2400 3662 non
2429 3620 2550 3662 esse
2579 3605 2752 3662 latum
2779 3621 2878 3678 pro
2907 3607 3228 3679 occasione,
3257 3614 3314 3665 et
3342 3607 3768 3664 circumstantiis
3796 3606 3887 3662 illo

2295 3701 2538 3765 tempore
2565 3696 3006 3763 occurrentibus,
3035 3704 3101 3754 ut
3127 3714 3182 3753 v.
3205 3714 3262 3771 g.
3288 3698 3340 3753 in
3366 3704 3659 3769 praecepto
3687 3712 3880 3754 corre-

2293 3786 2491 3842 ctionis
2535 3785 2823 3857 fraternae,
2853 3793 3124 3859 quatenus
3165 3787 3413 3845 naturale
3451 3795 3560 3861 est,
3591 3789 3703 3861 ipsa
3743 3788 3882 3845 ratio

2291 3875 2615 3932 determinat
2649 3892 2757 3932 non
2793 3875 3053 3948 obligare,
3087 3878 3306 3950 quando
3345 3893 3454 3934 non
3490 3884 3576 3934 est
3611 3893 3735 3948 spes
3763 3876 3883 3933 fru-

2289 3971 2448 4033 ctus,
2479 3982 2586 4021 non
2625 3981 2720 4038 per
2755 3964 3031 4038 epiikiam,
3063 3966 3154 4022 sed
3193 3969 3321 4039 quia
3354 3973 3708 4040 praeceptum
3747 3965 3884 4024 illud

2292 4060 2490 4111 natura
2533 4071 2633 4111 sua
2671 4070 2776 4110 non
2814 4054 3016 4128 obligat
3055 4071 3154 4127 pro
3197 4071 3429 4129 semper,
3458 4063 3513 4114 et
3551 4056 3634 4114 illa
3661 4066 3747 4113 est
3775 4070 3882 4112 una

2287 4161 2354 4201 ex
2381 4144 2824 4216 circumstantiis,
2850 4160 2948 4217 pro
2975 4161 3084 4218 qua
3114 4162 3220 4202 non
3245 4146 3465 4221 obligat.
3491 4148 3580 4204 Sic
3605 4147 3766 4203 etiam
3797 4148 3881 4202 in-

2291 4234 2475 4307 telligo
2504 4241 2858 4306 praeceptum
2888 4233 2954 4289 de
2976 4233 3250 4291 reddendo
3277 4235 3545 4308 deposito,
3569 4237 3616 4292 si
3641 4251 3736 4307 per
3759 4251 3875 4291 mo·

2291 4324 2424 4381 dum
2451 4324 2760 4381 affirmativi
2789 4324 3064 4397 praecepti
3083 4326 3589 4401 concipiatur,quia
3611 4341 3720 4383 non
3741 4324 3878 4382 obli-

2287 4420 2383 4488 gat
2409 4430 2506 4486 pro
2537 4429 2770 4485 semper,
2796 4412 2890 4470 sed
2913 4430 3011 4484 pro
3036 4422 3299 4487 tempore,
3323 4417 3376 4471 in
3396 4432 3512 4489 quo
3533 4417 3705 4489 possit
3723 4430 3878 4472 com-

2289 4504 2468 4577 mode,
2497 4504 2548 4561 id
2578 4511 2662 4562 est
2689 4504 2804 4561 sine
2827 4505 3052 4562 alterius
3076 4506 3408 4577 praeiudicio
3431 4506 3514 4562 vel
3535 4506 3728 4563 iniuria
3753 4504 3875 4562 red·

2285 4593 2356 4651 di.
2389 4596 2472 4652 lta
2497 4610 2628 4667 ergo
2654 4596 2708 4651 in
2735 4594 2817 4651 his
2845 4598 3146 4667 praeceptis
3175 4595 3326 4651 nulla
3351 4602 3439 4652 est
3462 4595 3679 4668 epiikia.

2363 4683 2531 4742 Venio
2559 4683 2627 4741 ad
2651 4684 2917 4757 negativa,
2941 4700 3179 4757 quorum
3201 4690 3391 4741 natura
3412 4690 3517 4757 est,
3545 4690 3607 4741 ut
3623 4672 3859 4756 semper,

2285 4781 2343 4831 et
2381 4789 2481 4846 pro
2523 4780 2736 4846 semper
2776 4773 3045 4847 obligent,
3091 4774 3306 4830 vitando
3347 4774 3524 4845 mala,
3566 4775 3694 4847 quia
3735 4774 3874 4831 mala

2286 4870 2448 4934 sunt,
2480 4863 2582 4920 hoc
2609 4866 2752 4919 enim
2779 4870 2865 4920 est
2891 4861 2958 4920 de
2977 4864 3180 4921 ratione
3203 4865 3472 4935 praecepti
3494 4864 3755 4921 naturalis
3778 4880 3873 4920 ne·

2285 4953 2470 5027 gativi,
2500 4960 2559 5009 et
2585 4953 2654 5010 ob
2680 4953 2821 5010 hanc
2856 4952 3097 5009 ultimam
3129 4960 3338 5025 partem
3369 4969 3476 5009 non
3505 4954 3708 5025 patitur
3735 4954 3871 5026 epii-

2283 5041 2448 5099 kiam.
2478 5042 2613 5110 Quia
2639 5042 2968 5115 impossibile
2995 5048 3080 5099 est
3104 5042 3178 5114 id,
3207 5042 3356 5116 quod
3385 5050 3472 5101 est
3497 5060 3596 5116 per
3623 5059 3681 5099 se
3707 5052 3768 5101 et
3795 5045 3883 5099 in-

2289 5134 2518 5189 trinsece
2555 5131 2758 5189 malum
2797 5132 2908 5189 lieri
2945 5132 3178 5203 bonum,
3219 5138 3318 5190 aut
3355 5146 3462 5189 non
3493 5132 3726 5204 malum,
3759 5147 3874 5189 ma-

2288 5229 2448 5280 nente
2477 5221 2669 5281 eodem
2697 5222 2929 5293 obiecto,
2955 5228 3013 5279 et
3037 5221 3492 5295 circumstantiis,
3514 5230 3571 5279 et
3595 5221 3714 5280 ideo
3741 5221 3878 5279 dici-
