<?xml version="1.0" encoding="UTF-8"?>
<!DOCTYPE html PUBLIC "-//W3C//DTD XHTML 1.0 Transitional//EN"
    "http://www.w3.org/TR/xhtml1/DTD/xhtml1-transitional.dtd">
<html xmlns="http://www.w3.org/1999/xhtml" xml:lang="en" lang="en">
 <head>
  <title>
</title>
<meta http-equiv="Content-Type" content="text/html;charset=utf-8" />
  <meta name='ocr-system' content='tesseract 3.04.00' />
  <meta name='ocr-capabilities' content='ocr_page ocr_carea ocr_par ocr_line ocrx_word'/>
</head>
<body>
  <div class='ocr_page' id='page_1' title='image "./tractatusdelegi01sugoog_0310.png"; bbox 0 0 4325 6267; ppageno 0'>
   <div class='ocr_carea' id='block_1_1' title="bbox 830 342 953 415">
    <p class='ocr_par' dir='ltr' id='par_1_1' title="bbox 830 342 953 415">
     <span class='ocr_line' id='line_1_1' title="bbox 830 342 953 415; baseline -0.016 0"><span class='ocrx_word' id='word_1_1' title='bbox 830 342 953 415; x_wconf 81' lang='lat'><strong>298</strong></span> 
     </span>
    </p>
   </div>
   <div class='ocr_carea' id='block_1_2' title="bbox 682 490 2364 1643">
    <p class='ocr_par' dir='ltr' id='par_1_2' title="bbox 682 490 2364 1643">
     <span class='ocr_line' id='line_1_2' title="bbox 823 490 2354 565; baseline -0.002 -13"><span class='ocrx_word' id='word_1_2' title='bbox 823 498 879 552; x_wconf 86' lang='grc'><strong>2.</strong></span> <span class='ocrx_word' id='word_1_3' title='bbox 910 493 1287 550; x_wconf 78' lang='lat' dir='ltr'><strong>Fundamenta</strong></span> <span class='ocrx_word' id='word_1_4' title='bbox 1317 490 1481 549; x_wconf 86' lang='lat' dir='ltr'><strong>huius</strong></span> <span class='ocrx_word' id='word_1_5' title='bbox 1505 494 1712 551; x_wconf 89' lang='lat' dir='ltr'><strong>erroris</strong></span> <span class='ocrx_word' id='word_1_6' title='bbox 1735 494 1931 565; x_wconf 88' lang='lat' dir='ltr'><strong>partim</strong></span> <span class='ocrx_word' id='word_1_7' title='bbox 1956 499 2257 551; x_wconf 87' lang='lat' dir='ltr'><strong>sumuntur</strong></span> <span class='ocrx_word' id='word_1_8' title='bbox 2285 509 2354 549; x_wconf 83' lang='lat' dir='ltr'><strong>ex</strong></span> 
     </span>
     <span class='ocr_line' id='line_1_3' title="bbox 747 580 2356 656; baseline 0.002 -20"><span class='ocrx_word' id='word_1_9' title='bbox 747 580 835 637; x_wconf 85' lang='lat' dir='ltr'><strong>his</strong></span> <span class='ocrx_word' id='word_1_10' title='bbox 868 581 1193 637; x_wconf 75' lang='lat' dir='ltr'><strong>testimoniis</strong></span> <span class='ocrx_word' id='word_1_11' title='bbox 1222 581 1572 655; x_wconf 85' lang='lat' dir='ltr'><strong>scripturae,</strong></span> <span class='ocrx_word' id='word_1_12' title='bbox 1605 597 1745 655; x_wconf 86' lang='lat' dir='ltr'><strong>quae</strong></span> <span class='ocrx_word' id='word_1_13' title='bbox 1773 581 1863 638; x_wconf 90' lang='lat' dir='ltr'><strong>lib.</strong></span> <span class='ocrx_word' id='word_1_14' title='bbox 1897 584 1996 655; x_wconf 88' lang='lat'><strong>111,</strong></span> <span class='ocrx_word' id='word_1_15' title='bbox 2028 598 2153 656; x_wconf 86' lang='lat' dir='ltr'><strong>cap.</strong></span> <span class='ocrx_word' id='word_1_16' title='bbox 2187 586 2228 641; x_wconf 89' lang='lat'><strong>1.</strong></span> <span class='ocrx_word' id='word_1_17' title='bbox 2265 582 2356 639; x_wconf 92' lang='lat' dir='ltr'><strong>ad·</strong></span> 
     </span>
     <span class='ocr_line' id='line_1_4' title="bbox 682 668 2361 745; baseline 0 -18"><span class='ocrx_word' id='word_1_18' title='bbox 682 684 686 697; x_wconf 69' lang='lat'><strong>¹</strong></span> <span class='ocrx_word' id='word_1_19' title='bbox 752 670 1011 727; x_wconf 86' lang='lat' dir='ltr'><strong>duximus</strong></span> <span class='ocrx_word' id='word_1_20' title='bbox 1050 668 1117 727; x_wconf 89' lang='lat' dir='ltr'><strong>ad</strong></span> <span class='ocrx_word' id='word_1_21' title='bbox 1160 669 1538 742; x_wconf 86' lang='lat' dir='ltr'><strong>suadendum,</strong></span> <span class='ocrx_word' id='word_1_22' title='bbox 1580 672 1821 729; x_wconf 88' lang='lat' dir='ltr'><strong>homines</strong></span> <span class='ocrx_word' id='word_1_23' title='bbox 1860 674 2180 745; x_wconf 88' lang='lat' dir='ltr'><strong>praesertim</strong></span> <span class='ocrx_word' id='word_1_24' title='bbox 2213 671 2361 730; x_wconf 90' lang='lat' dir='ltr'><strong>chri-</strong></span> 
     </span>
     <span class='ocr_line' id='line_1_5' title="bbox 750 758 2361 833; baseline 0.001 -18"><span class='ocrx_word' id='word_1_25' title='bbox 750 760 963 816; x_wconf 89' lang='lat' dir='ltr'><strong>stianos</strong></span> <span class='ocrx_word' id='word_1_26' title='bbox 1004 775 1111 816; x_wconf 88' lang='lat' dir='ltr'><strong>non</strong></span> <span class='ocrx_word' id='word_1_27' title='bbox 1142 758 1340 816; x_wconf 90' lang='lat' dir='ltr'><strong>debere</strong></span> <span class='ocrx_word' id='word_1_28' title='bbox 1368 760 1560 817; x_wconf 88' lang='lat' dir='ltr'><strong>subiici</strong></span> <span class='ocrx_word' id='word_1_29' title='bbox 1588 760 1925 832; x_wconf 80' lang='lat' dir='ltr'><strong>hominibus3</strong></span> <span class='ocrx_word' id='word_1_30' title='bbox 1961 778 2085 819; x_wconf 89' lang='lat' dir='ltr'><strong>nam</strong></span> <span class='ocrx_word' id='word_1_31' title='bbox 2116 762 2218 819; x_wconf 92' lang='lat' dir='ltr'><strong>illa·</strong></span> <span class='ocrx_word' id='word_1_32' title='bbox 2236 776 2361 833; x_wconf 87' lang='lat' dir='ltr'><strong>pos-</strong></span> 
     </span>
     <span class='ocr_line' id='line_1_6' title="bbox 751 848 2360 925; baseline 0.001 -21"><span class='ocrx_word' id='word_1_33' title='bbox 751 854 884 906; x_wconf 83' lang='lat' dir='ltr'><strong>sunt</strong></span> <span class='ocrx_word' id='word_1_34' title='bbox 904 851 1068 907; x_wconf 87' lang='lat' dir='ltr'><strong>etiam</strong></span> <span class='ocrx_word' id='word_1_35' title='bbox 1092 848 1161 906; x_wconf 89' lang='lat' dir='ltr'><strong>ad</strong></span> <span class='ocrx_word' id='word_1_36' title='bbox 1189 849 1458 923; x_wconf 88' lang='lat' dir='ltr'><strong>praelatos</strong></span> <span class='ocrx_word' id='word_1_37' title='bbox 1481 849 1891 909; x_wconf 87' lang='lat' dir='ltr'><strong>ecclesiasticos</strong></span> <span class='ocrx_word' id='word_1_38' title='bbox 1915 852 2202 925; x_wconf 89' lang='lat' dir='ltr'><strong>applicari,</strong></span> <span class='ocrx_word' id='word_1_39' title='bbox 2227 866 2360 907; x_wconf 89' lang='lat' dir='ltr'><strong>cum</strong></span> 
     </span>
     <span class='ocr_line' id='line_1_7' title="bbox 748 938 2362 1011; baseline 0.001 -16"><span class='ocrx_word' id='word_1_40' title='bbox 748 940 852 1011; x_wconf 85' lang='lat' dir='ltr'><strong>ipsi</strong></span> <span class='ocrx_word' id='word_1_41' title='bbox 897 938 1145 996; x_wconf 90' lang='lat' dir='ltr'><strong>homines</strong></span> <span class='ocrx_word' id='word_1_42' title='bbox 1188 940 1328 997; x_wconf 85' lang='lat' dir='ltr'><strong>sint=</strong></span> <span class='ocrx_word' id='word_1_43' title='bbox 1366 939 1463 996; x_wconf 90' lang='lat' dir='ltr'><strong>sed</strong></span> <span class='ocrx_word' id='word_1_44' title='bbox 1492 940 1560 997; x_wconf 89' lang='lat' dir='ltr'><strong>ad</strong></span> <span class='ocrx_word' id='word_1_45' title='bbox 1596 940 1687 999; x_wconf 87' lang='lat' dir='ltr'><strong>illa</strong></span> <span class='ocrx_word' id='word_1_46' title='bbox 1714 941 1923 999; x_wconf 88' lang='lat' dir='ltr'><strong>eisdem</strong></span> <span class='ocrx_word' id='word_1_47' title='bbox 1951 942 2089 999; x_wconf 89' lang='lat' dir='ltr'><strong>locis</strong></span> <span class='ocrx_word' id='word_1_48' title='bbox 2118 942 2248 999; x_wconf 87' lang='lat' dir='ltr'><strong>satis</strong></span> <span class='ocrx_word' id='word_1_49' title='bbox 2277 956 2362 997; x_wconf 93' lang='lat' dir='ltr'><strong>re-</strong></span> 
     </span>
     <span class='ocr_line' id='line_1_8' title="bbox 750 1028 2364 1099; baseline 0.003 -17"><span class='ocrx_word' id='word_1_50' title='bbox 750 1043 1017 1099; x_wconf 89' lang='lat' dir='ltr'><strong>sponsum</strong></span> <span class='ocrx_word' id='word_1_51' title='bbox 1069 1036 1175 1087; x_wconf 88' lang='lat' dir='ltr'><strong>est.</strong></span> <span class='ocrx_word' id='word_1_52' title='bbox 1229 1032 1514 1088; x_wconf 87' lang='lat' dir='ltr'><strong>Praeterea</strong></span> <span class='ocrx_word' id='word_1_53' title='bbox 1568 1028 1656 1086; x_wconf 89' lang='lat' dir='ltr'><strong>hic</strong></span> <span class='ocrx_word' id='word_1_54' title='bbox 1713 1033 1947 1089; x_wconf 81' lang='lat' dir='ltr'><strong>maxime</strong></span> <span class='ocrx_word' id='word_1_55' title='bbox 2002 1029 2364 1089; x_wconf 77' lang='lat' dir='ltr'><strong>accumulant</strong></span> 
     </span>
     <span class='ocr_line' id='line_1_9' title="bbox 750 1106 2361 1192; baseline 0.004 -22"><span class='ocrx_word' id='word_1_56' title='bbox 750 1114 1011 1174; x_wconf 86' lang='lat' dir='ltr'><strong>haeretici</strong></span> <span class='ocrx_word' id='word_1_57' title='bbox 1032 1118 1126 1174; x_wconf 85' lang='lat' dir='ltr'><strong>iila</strong></span> <span class='ocrx_word' id='word_1_58' title='bbox 1148 1118 1490 1191; x_wconf 89' lang='lat' dir='ltr'><strong>testimonia,</strong></span> <span class='ocrx_word' id='word_1_59' title='bbox 1518 1135 1661 1192; x_wconf 90' lang='lat' dir='ltr'><strong>quae</strong></span> <span class='ocrx_word' id='word_1_60' title='bbox 1684 1106 1815 1178; x_wconf 69' lang='lat' dir='ltr'><strong>sunt</strong></span> <span class='ocrx_word' id='word_1_61' title='bbox 1844 1122 1911 1179; x_wconf 91' lang='lat' dir='ltr'><strong>de</strong></span> <span class='ocrx_word' id='word_1_62' title='bbox 1938 1120 2186 1178; x_wconf 90' lang='lat' dir='ltr'><strong>libertate</strong></span> <span class='ocrx_word' id='word_1_63' title='bbox 2217 1119 2361 1177; x_wconf 87' lang='lat' dir='ltr'><strong>chri-</strong></span> 
     </span>
     <span class='ocr_line' id='line_1_10' title="bbox 753 1202 2358 1283; baseline 0.004 -22"><span class='ocrx_word' id='word_1_64' title='bbox 753 1206 961 1281; x_wconf 89' lang='lat' dir='ltr'><strong>stiana,</strong></span> <span class='ocrx_word' id='word_1_65' title='bbox 994 1222 1060 1265; x_wconf 84' lang='lat' dir='ltr'><strong>ex</strong></span> <span class='ocrx_word' id='word_1_66' title='bbox 1101 1208 1301 1282; x_wconf 89' lang='lat' dir='ltr'><strong>quibus</strong></span> <span class='ocrx_word' id='word_1_67' title='bbox 1323 1202 1359 1279; x_wconf 78' lang='lat'><strong>,&#39;</strong></span> <span class='ocrx_word' id='word_1_68' title='bbox 1382 1224 1523 1281; x_wconf 89' lang='lat' dir='ltr'><strong>quae</strong></span> <span class='ocrx_word' id='word_1_69' title='bbox 1554 1208 1621 1266; x_wconf 90' lang='lat' dir='ltr'><strong>ad</strong></span> <span class='ocrx_word' id='word_1_70' title='bbox 1649 1212 1923 1269; x_wconf 89' lang='lat' dir='ltr'><strong>iustorum</strong></span> <span class='ocrx_word' id='word_1_71' title='bbox 1954 1211 2358 1283; x_wconf 79' lang='lat' dir='ltr'><strong>exemptionem</strong></span> 
     </span>
     <span class='ocr_line' id='line_1_11' title="bbox 753 1296 2354 1372; baseline 0.002 -21"><span class='ocrx_word' id='word_1_72' title='bbox 753 1312 785 1351; x_wconf 90' lang='lat' dir='ltr'><strong>a</strong></span> <span class='ocrx_word' id='word_1_73' title='bbox 814 1296 931 1369; x_wconf 88' lang='lat' dir='ltr'><strong>lege</strong></span> <span class='ocrx_word' id='word_1_74' title='bbox 972 1296 1274 1369; x_wconf 84' lang='lat' dir='ltr'><strong>pertinent,</strong></span> <span class='ocrx_word' id='word_1_75' title='bbox 1306 1298 1357 1354; x_wconf 90' lang='lat' dir='ltr'><strong>in</strong></span> <span class='ocrx_word' id='word_1_76' title='bbox 1398 1298 1441 1355; x_wconf 93' lang='lat'><strong>1.</strong></span> <span class='ocrx_word' id='word_1_77' title='bbox 1484 1298 1573 1355; x_wconf 88' lang='lat' dir='ltr'><strong>lib.</strong></span> <span class='ocrx_word' id='word_1_78' title='bbox 1608 1315 1733 1372; x_wconf 90' lang='lat' dir='ltr'><strong>cap.</strong></span> <span class='ocrx_word' id='word_1_79' title='bbox 1765 1301 1899 1358; x_wconf 78' lang='lat' dir='ltr'><strong>xvi.</strong></span> <span class='ocrx_word' id='word_1_80' title='bbox 1934 1296 2173 1357; x_wconf 75' lang='lat' dir='ltr'><strong>tractata</strong></span> <span class='ocrx_word' id='word_1_81' title='bbox 2203 1306 2354 1372; x_wconf 79' lang='lat' dir='ltr'><strong>sunt3</strong></span> 
     </span>
     <span class='ocr_line' id='line_1_12' title="bbox 758 1384 2356 1471; baseline 0.003 -30"><span class='ocrx_word' id='word_1_82' title='bbox 758 1384 863 1441; x_wconf 89' lang='lat' dir='ltr'><strong>alia</strong></span> <span class='ocrx_word' id='word_1_83' title='bbox 892 1400 1021 1441; x_wconf 92' lang='lat' dir='ltr'><strong>vero</strong></span> <span class='ocrx_word' id='word_1_84' title='bbox 1043 1426 1058 1456; x_wconf 90' lang='lat'><strong>,</strong></span> <span class='ocrx_word' id='word_1_85' title='bbox 1084 1402 1225 1459; x_wconf 87' lang='lat' dir='ltr'><strong>quae</strong></span> <span class='ocrx_word' id='word_1_86' title='bbox 1253 1387 1523 1460; x_wconf 86' lang='lat' dir='ltr'><strong>pertinent</strong></span> <span class='ocrx_word' id='word_1_87' title='bbox 1542 1387 1614 1444; x_wconf 91' lang='lat' dir='ltr'><strong>ad</strong></span> <span class='ocrx_word' id='word_1_88' title='bbox 1638 1388 1943 1447; x_wconf 86' lang='lat' dir='ltr'><strong>libertatem</strong></span> <span class='ocrx_word' id='word_1_89' title='bbox 1966 1390 2105 1463; x_wconf 89' lang='lat' dir='ltr'><strong>legis</strong></span> <span class='ocrx_word' id='word_1_90' title='bbox 2127 1390 2356 1471; x_wconf 40' lang='lat' dir='ltr'><strong>grati-ae,</strong></span> 
     </span>
     <span class='ocr_line' id='line_1_13' title="bbox 754 1474 2360 1553; baseline 0.001 -22"><span class='ocrx_word' id='word_1_91' title='bbox 754 1474 977 1532; x_wconf 77' lang='lat' dir='ltr'><strong>inferius</strong></span> <span class='ocrx_word' id='word_1_92' title='bbox 997 1474 1064 1531; x_wconf 92' lang='lat' dir='ltr'><strong>de</strong></span> <span class='ocrx_word' id='word_1_93' title='bbox 1084 1476 1175 1532; x_wconf 91' lang='lat' dir='ltr'><strong>illa</strong></span> <span class='ocrx_word' id='word_1_94' title='bbox 1195 1476 1484 1533; x_wconf 87' lang='lat' dir='ltr'><strong>tractando</strong></span> <span class='ocrx_word' id='word_1_95' title='bbox 1504 1478 1904 1550; x_wconf 82' lang='lat' dir='ltr'><strong>expendentur.</strong></span> <span class='ocrx_word' id='word_1_96' title='bbox 1920 1479 2029 1536; x_wconf 87' lang='lat' dir='ltr'><strong>Illis</strong></span> <span class='ocrx_word' id='word_1_97' title='bbox 2044 1496 2179 1553; x_wconf 88' lang='lat' dir='ltr'><strong>ergo</strong></span> <span class='ocrx_word' id='word_1_98' title='bbox 2196 1480 2360 1536; x_wconf 89' lang='lat' dir='ltr'><strong>omis-</strong></span> 
     </span>
     <span class='ocr_line' id='line_1_14' title="bbox 756 1566 2360 1643; baseline 0.001 -22"><span class='ocrx_word' id='word_1_99' title='bbox 756 1566 829 1621; x_wconf 85' lang='lat' dir='ltr'><strong>sis</strong></span> <span class='ocrx_word' id='word_1_100' title='bbox 853 1607 867 1636; x_wconf 86' lang='lat'><strong>,</strong></span> <span class='ocrx_word' id='word_1_101' title='bbox 895 1581 1193 1639; x_wconf 89' lang='lat' dir='ltr'><strong>possumus</strong></span> <span class='ocrx_word' id='word_1_102' title='bbox 1223 1566 1277 1622; x_wconf 89' lang='lat' dir='ltr'><strong>in</strong></span> <span class='ocrx_word' id='word_1_103' title='bbox 1306 1566 1547 1624; x_wconf 84' lang='lat' dir='ltr'><strong>savorem</strong></span> <span class='ocrx_word' id='word_1_104' title='bbox 1570 1566 1735 1626; x_wconf 88' lang='lat' dir='ltr'><strong>huius</strong></span> <span class='ocrx_word' id='word_1_105' title='bbox 1762 1569 1964 1626; x_wconf 87' lang='lat' dir='ltr'><strong>erroris</strong></span> <span class='ocrx_word' id='word_1_106' title='bbox 1986 1566 2360 1643; x_wconf 87' lang='lat' dir='ltr'><strong>argumentari</strong></span> 
     </span>
    </p>
   </div>
   <div class='ocr_carea' id='block_1_3' title="bbox 2207 350 2546 416">
    <p class='ocr_par' dir='ltr' id='par_1_3' title="bbox 2207 350 2546 416">
     <span class='ocr_line' id='line_1_15' title="bbox 2207 350 2546 416; baseline -0.003 -1"><span class='ocrx_word' id='word_1_107' title='bbox 2207 356 2420 415; x_wconf 73' lang='lat' dir='ltr'><strong>nana</strong></span> <span class='ocrx_word' id='word_1_108' title='bbox 2443 350 2546 416; x_wconf 73' lang='lat' dir='ltr'><strong>iv.</strong></span> 
     </span>
    </p>
   </div>
   <div class='ocr_carea' id='block_1_4' title="bbox 2427 476 4042 1643">
    <p class='ocr_par' dir='ltr' id='par_1_4' title="bbox 2427 476 4042 1643">
     <span class='ocr_line' id='line_1_16' title="bbox 2430 476 4030 566; baseline -0.006 -16"><span class='ocrx_word' id='word_1_109' title='bbox 2430 496 2532 550; x_wconf 81' lang='lat'><strong>21:</strong></span> <span class='ocrx_word' id='word_1_110' title='bbox 2576 494 2768 550; x_wconf 83' lang='lat' dir='ltr'><strong>Pasce</strong></span> <span class='ocrx_word' id='word_1_111' title='bbox 2807 506 2938 549; x_wconf 85' lang='lat' dir='ltr'><strong>oves</strong></span> <span class='ocrx_word' id='word_1_112' title='bbox 2975 506 3176 559; x_wconf 74' lang='lat' dir='ltr'><strong>meas:</strong></span> <span class='ocrx_word' id='word_1_113' title='bbox 3217 506 3359 566; x_wconf 87' lang='lat' dir='ltr'><strong>quae</strong></span> <span class='ocrx_word' id='word_1_114' title='bbox 3401 489 3563 548; x_wconf 82' lang='lat' dir='ltr'><strong>verba</strong></span> <span class='ocrx_word' id='word_1_115' title='bbox 3603 488 3828 547; x_wconf 83' lang='lat' dir='ltr'><strong>inferius</strong></span> <span class='ocrx_word' id='word_1_116' title='bbox 3856 476 4030 545; x_wconf 89' lang='lat' dir='ltr'><strong>latius</strong></span> 
     </span>
     <span class='ocr_line' id='line_1_17' title="bbox 2428 580 4038 653; baseline -0.003 -16"><span class='ocrx_word' id='word_1_117' title='bbox 2428 582 2818 653; x_wconf 81' lang='lat' dir='ltr'><strong>expendemus.</strong></span> <span class='ocrx_word' id='word_1_118' title='bbox 2849 580 3049 643; x_wconf 80' lang='lat' dir='ltr'><strong>Deinde</strong></span> <span class='ocrx_word' id='word_1_119' title='bbox 3076 582 3343 653; x_wconf 89' lang='lat' dir='ltr'><strong>probatur</strong></span> <span class='ocrx_word' id='word_1_120' title='bbox 3369 598 3434 639; x_wconf 82' lang='lat' dir='ltr'><strong>ex</strong></span> <span class='ocrx_word' id='word_1_121' title='bbox 3459 581 3637 637; x_wconf 83' lang='lat' dir='ltr'><strong>verbis</strong></span> <span class='ocrx_word' id='word_1_122' title='bbox 3661 623 3675 649; x_wconf 93' lang='lat'><strong>,</strong></span> <span class='ocrx_word' id='word_1_123' title='bbox 3701 594 3844 653; x_wconf 91' lang='lat' dir='ltr'><strong>quae</strong></span> <span class='ocrx_word' id='word_1_124' title='bbox 3867 591 4038 651; x_wconf 88' lang='lat' dir='ltr'><strong>gene-</strong></span> 
     </span>
     <span class='ocr_line' id='line_1_18' title="bbox 2428 667 4037 747; baseline -0.006 -16"><span class='ocrx_word' id='word_1_125' title='bbox 2428 676 2590 731; x_wconf 88' lang='lat' dir='ltr'><strong>ratim</strong></span> <span class='ocrx_word' id='word_1_126' title='bbox 2617 672 2755 731; x_wconf 82' lang='lat' dir='ltr'><strong>dixit</strong></span> <span class='ocrx_word' id='word_1_127' title='bbox 2789 671 3065 745; x_wconf 65' lang='lat' dir='ltr'><strong>apostolis</strong></span> <span class='ocrx_word' id='word_1_128' title='bbox 3099 674 3239 730; x_wconf 87' lang='lat' dir='ltr'><strong>Luc.</strong></span> <span class='ocrx_word' id='word_1_129' title='bbox 3280 678 3376 731; x_wconf 84' lang='lat'><strong>10:</strong></span> <span class='ocrx_word' id='word_1_130' title='bbox 3415 674 3532 747; x_wconf 76' lang='lat' dir='ltr'><strong>Qui</strong></span> <span class='ocrx_word' id='word_1_131' title='bbox 3559 686 3663 727; x_wconf 87' lang='lat' dir='ltr'><strong>vos</strong></span> <span class='ocrx_word' id='word_1_132' title='bbox 3692 667 3914 733; x_wconf 64' lang='lat' dir='ltr'><strong>audit„</strong></span> <span class='ocrx_word' id='word_1_133' title='bbox 3937 680 4037 723; x_wconf 87' lang='lat' dir='ltr'><strong>me</strong></span> 
     </span>
     <span class='ocr_line' id='line_1_19' title="bbox 2429 757 4040 837; baseline -0.006 -17"><span class='ocrx_word' id='word_1_134' title='bbox 2429 762 2644 825; x_wconf 71' lang='lat' dir='ltr'><strong>audit:</strong></span> <span class='ocrx_word' id='word_1_135' title='bbox 2669 767 2726 819; x_wconf 75' lang='lat' dir='ltr'><strong>et</strong></span> <span class='ocrx_word' id='word_1_136' title='bbox 2757 765 2858 837; x_wconf 78' lang='lat' dir='ltr'><strong>qui</strong></span> <span class='ocrx_word' id='word_1_137' title='bbox 2886 777 2986 819; x_wconf 83' lang='lat' dir='ltr'><strong>vos</strong></span> <span class='ocrx_word' id='word_1_138' title='bbox 3014 764 3273 835; x_wconf 77' lang='lat' dir='ltr'><strong>spernit,</strong></span> <span class='ocrx_word' id='word_1_139' title='bbox 3304 777 3398 818; x_wconf 86' lang='lat' dir='ltr'><strong>me</strong></span> <span class='ocrx_word' id='word_1_140' title='bbox 3418 764 3662 836; x_wconf 75' lang='lat' dir='ltr'><strong>spernit.</strong></span> <span class='ocrx_word' id='word_1_141' title='bbox 3687 760 3836 827; x_wconf 84' lang='lat' dir='ltr'><strong>Quae</strong></span> <span class='ocrx_word' id='word_1_142' title='bbox 3865 757 4040 814; x_wconf 84' lang='lat' dir='ltr'><strong>verba</strong></span> 
     </span>
     <span class='ocr_line' id='line_1_20' title="bbox 2428 848 4038 925; baseline -0.003 -17"><span class='ocrx_word' id='word_1_143' title='bbox 2428 866 2538 909; x_wconf 90' lang='lat' dir='ltr'><strong>non</strong></span> <span class='ocrx_word' id='word_1_144' title='bbox 2569 852 2750 911; x_wconf 88' lang='lat' dir='ltr'><strong>solum</strong></span> <span class='ocrx_word' id='word_1_145' title='bbox 2778 850 3050 925; x_wconf 82' lang='lat' dir='ltr'><strong>quantum</strong></span> <span class='ocrx_word' id='word_1_146' title='bbox 3077 852 3146 909; x_wconf 89' lang='lat' dir='ltr'><strong>ad</strong></span> <span class='ocrx_word' id='word_1_147' title='bbox 3176 851 3517 920; x_wconf 76' lang='lat' dir='ltr'><strong>doctrinam,</strong></span> <span class='ocrx_word' id='word_1_148' title='bbox 3543 848 3637 907; x_wconf 89' lang='lat' dir='ltr'><strong>sed</strong></span> <span class='ocrx_word' id='word_1_149' title='bbox 3663 849 3826 906; x_wconf 87' lang='lat' dir='ltr'><strong>etiam</strong></span> <span class='ocrx_word' id='word_1_150' title='bbox 3854 863 4038 921; x_wconf 88' lang='lat' dir='ltr'><strong>quan-</strong></span> 
     </span>
     <span class='ocr_line' id='line_1_21' title="bbox 2429 939 4040 1015; baseline -0.005 -15"><span class='ocrx_word' id='word_1_151' title='bbox 2429 949 2550 1001; x_wconf 90' lang='lat' dir='ltr'><strong>tum</strong></span> <span class='ocrx_word' id='word_1_152' title='bbox 2578 941 2648 999; x_wconf 90' lang='lat' dir='ltr'><strong>ad</strong></span> <span class='ocrx_word' id='word_1_153' title='bbox 2676 948 2968 1015; x_wconf 88' lang='lat' dir='ltr'><strong>praecepta</strong></span> <span class='ocrx_word' id='word_1_154' title='bbox 2994 939 3340 1014; x_wconf 88' lang='lat' dir='ltr'><strong>intelligenda</strong></span> <span class='ocrx_word' id='word_1_155' title='bbox 3366 956 3487 997; x_wconf 89' lang='lat' dir='ltr'><strong>esse</strong></span> <span class='ocrx_word' id='word_1_156' title='bbox 3517 946 3732 1012; x_wconf 88' lang='lat' dir='ltr'><strong>praeter</strong></span> <span class='ocrx_word' id='word_1_157' title='bbox 3753 939 4040 1010; x_wconf 84' lang='lat' dir='ltr'><strong>exposito·</strong></span> 
     </span>
     <span class='ocr_line' id='line_1_22' title="bbox 2429 1029 4042 1107; baseline -0.004 -18"><span class='ocrx_word' id='word_1_158' title='bbox 2429 1047 2517 1089; x_wconf 90' lang='lat' dir='ltr'><strong>res</strong></span> <span class='ocrx_word' id='word_1_159' title='bbox 2547 1032 2649 1103; x_wconf 88' lang='lat' dir='ltr'><strong>ibi,</strong></span> <span class='ocrx_word' id='word_1_160' title='bbox 2674 1030 2970 1089; x_wconf 85' lang='lat' dir='ltr'><strong>declaravit</strong></span> <span class='ocrx_word' id='word_1_161' title='bbox 2991 1032 3192 1103; x_wconf 89' lang='lat' dir='ltr'><strong>optime</strong></span> <span class='ocrx_word' id='word_1_162' title='bbox 3212 1031 3520 1107; x_wconf 77' lang='lat' dir='ltr'><strong>Cyprianus</strong></span> <span class='ocrx_word' id='word_1_163' title='bbox 3542 1032 3702 1103; x_wconf 84' lang='lat' dir='ltr'><strong>epist.</strong></span> <span class='ocrx_word' id='word_1_164' title='bbox 3732 1032 3801 1087; x_wconf 84' lang='grc'><strong>69</strong></span> <span class='ocrx_word' id='word_1_165' title='bbox 3816 1071 3830 1100; x_wconf 85' lang='lat'><strong>,</strong></span> <span class='ocrx_word' id='word_1_166' title='bbox 3851 1035 3911 1084; x_wconf 89' lang='lat' dir='ltr'><strong>et</strong></span> <span class='ocrx_word' id='word_1_167' title='bbox 3931 1029 4042 1083; x_wconf 88' lang='lat' dir='ltr'><strong>Ba·</strong></span> 
     </span>
     <span class='ocr_line' id='line_1_23' title="bbox 2427 1118 4037 1192; baseline -0.003 -15"><span class='ocrx_word' id='word_1_168' title='bbox 2427 1122 2584 1178; x_wconf 86' lang='lat' dir='ltr'><strong>silius</strong></span> <span class='ocrx_word' id='word_1_169' title='bbox 2613 1123 2669 1178; x_wconf 89' lang='lat' dir='ltr'><strong>in</strong></span> <span class='ocrx_word' id='word_1_170' title='bbox 2695 1121 2927 1179; x_wconf 87' lang='lat' dir='ltr'><strong>Constit.</strong></span> <span class='ocrx_word' id='word_1_171' title='bbox 2963 1126 3200 1177; x_wconf 89' lang='lat' dir='ltr'><strong>monast.</strong></span> <span class='ocrx_word' id='word_1_172' title='bbox 3227 1136 3353 1192; x_wconf 90' lang='lat' dir='ltr'><strong>cap.</strong></span> <span class='ocrx_word' id='word_1_173' title='bbox 3379 1124 3473 1178; x_wconf 77' lang='lat'><strong>22.</strong></span> <span class='ocrx_word' id='word_1_174' title='bbox 3497 1128 3554 1177; x_wconf 86' lang='lat' dir='ltr'><strong>et</strong></span> <span class='ocrx_word' id='word_1_175' title='bbox 3580 1123 3676 1189; x_wconf 79' lang='lat'><strong>23,</strong></span> <span class='ocrx_word' id='word_1_176' title='bbox 3709 1125 3768 1175; x_wconf 90' lang='lat' dir='ltr'><strong>et</strong></span> <span class='ocrx_word' id='word_1_177' title='bbox 3789 1118 4037 1174; x_wconf 86' lang='lat' dir='ltr'><strong>sumitur</strong></span> 
     </span>
     <span class='ocr_line' id='line_1_24' title="bbox 2427 1209 4040 1281; baseline -0.004 -14"><span class='ocrx_word' id='word_1_178' title='bbox 2427 1227 2493 1267; x_wconf 86' lang='lat' dir='ltr'><strong>ex</strong></span> <span class='ocrx_word' id='word_1_179' title='bbox 2524 1211 2644 1268; x_wconf 88' lang='lat' dir='ltr'><strong>aliis</strong></span> <span class='ocrx_word' id='word_1_180' title='bbox 2673 1210 2853 1270; x_wconf 83' lang='lat' dir='ltr'><strong>verbis</strong></span> <span class='ocrx_word' id='word_1_181' title='bbox 2879 1209 3124 1267; x_wconf 89' lang='lat' dir='ltr'><strong>eiusdem</strong></span> <span class='ocrx_word' id='word_1_182' title='bbox 3151 1209 3374 1281; x_wconf 85' lang='lat' dir='ltr'><strong>Christi,</strong></span> <span class='ocrx_word' id='word_1_183' title='bbox 3399 1210 3546 1267; x_wconf 90' lang='lat' dir='ltr'><strong>loan.</strong></span> <span class='ocrx_word' id='word_1_184' title='bbox 3574 1213 3668 1267; x_wconf 82' lang='lat'><strong>20:</strong></span> <span class='ocrx_word' id='word_1_185' title='bbox 3691 1209 3854 1265; x_wconf 70' lang='lat' dir='ltr'><strong>Sicut</strong></span> <span class='ocrx_word' id='word_1_186' title='bbox 3874 1209 4040 1264; x_wconf 77' lang='lat' dir='ltr'><strong>misit</strong></span> 
     </span>
     <span class='ocr_line' id='line_1_25' title="bbox 2429 1300 4040 1374; baseline -0.004 -16"><span class='ocrx_word' id='word_1_187' title='bbox 2429 1316 2523 1358; x_wconf 84' lang='lat' dir='ltr'><strong>me</strong></span> <span class='ocrx_word' id='word_1_188' title='bbox 2551 1303 2751 1357; x_wconf 80' lang='lat' dir='ltr'><strong>vivens</strong></span> <span class='ocrx_word' id='word_1_189' title='bbox 2778 1302 2989 1364; x_wconf 79' lang='lat' dir='ltr'><strong>Pater,</strong></span> <span class='ocrx_word' id='word_1_190' title='bbox 3027 1305 3085 1357; x_wconf 80' lang='lat' dir='ltr'><strong>ct</strong></span> <span class='ocrx_word' id='word_1_191' title='bbox 3112 1315 3214 1374; x_wconf 75' lang='lat' dir='ltr'><strong>eqo</strong></span> <span class='ocrx_word' id='word_1_192' title='bbox 3240 1302 3409 1356; x_wconf 78' lang='lat' dir='ltr'><strong>mitto</strong></span> <span class='ocrx_word' id='word_1_193' title='bbox 3433 1314 3568 1367; x_wconf 86' lang='lat' dir='ltr'><strong>vos,·</strong></span> <span class='ocrx_word' id='word_1_194' title='bbox 3593 1300 3796 1355; x_wconf 86' lang='lat' dir='ltr'><strong>missus</strong></span> <span class='ocrx_word' id='word_1_195' title='bbox 3825 1304 3910 1355; x_wconf 88' lang='lat' dir='ltr'><strong>est</strong></span> <span class='ocrx_word' id='word_1_196' title='bbox 3937 1312 4040 1353; x_wconf 90' lang='lat' dir='ltr'><strong>au-</strong></span> 
     </span>
     <span class='ocr_line' id='line_1_26' title="bbox 2432 1385 4038 1457; baseline -0.004 -9"><span class='ocrx_word' id='word_1_197' title='bbox 2432 1397 2540 1452; x_wconf 88' lang='lat' dir='ltr'><strong>tem</strong></span> <span class='ocrx_word' id='word_1_198' title='bbox 2567 1390 2816 1448; x_wconf 87' lang='lat' dir='ltr'><strong>Christus</strong></span> <span class='ocrx_word' id='word_1_199' title='bbox 2847 1406 2954 1447; x_wconf 90' lang='lat' dir='ltr'><strong>non</strong></span> <span class='ocrx_word' id='word_1_200' title='bbox 2983 1389 3162 1446; x_wconf 89' lang='lat' dir='ltr'><strong>solum</strong></span> <span class='ocrx_word' id='word_1_201' title='bbox 3193 1396 3255 1447; x_wconf 90' lang='lat' dir='ltr'><strong>ut</strong></span> <span class='ocrx_word' id='word_1_202' title='bbox 3281 1388 3480 1447; x_wconf 87' lang='lat' dir='ltr'><strong>doctor</strong></span> <span class='ocrx_word' id='word_1_203' title='bbox 3501 1432 3514 1457; x_wconf 87' lang='lat'><strong>,</strong></span> <span class='ocrx_word' id='word_1_204' title='bbox 3547 1388 3642 1446; x_wconf 88' lang='lat' dir='ltr'><strong>sed</strong></span> <span class='ocrx_word' id='word_1_205' title='bbox 3669 1388 3833 1446; x_wconf 89' lang='lat' dir='ltr'><strong>etiam</strong></span> <span class='ocrx_word' id='word_1_206' title='bbox 3861 1392 3928 1443; x_wconf 94' lang='lat' dir='ltr'><strong>ut</strong></span> <span class='ocrx_word' id='word_1_207' title='bbox 3959 1385 4038 1442; x_wconf 90' lang='lat' dir='ltr'><strong>le-</strong></span> 
     </span>
     <span class='ocr_line' id='line_1_27' title="bbox 2429 1474 4037 1553; baseline -0.004 -18"><span class='ocrx_word' id='word_1_208' title='bbox 2429 1479 2656 1553; x_wconf 89' lang='lat' dir='ltr'><strong>gislator</strong></span> <span class='ocrx_word' id='word_1_209' title='bbox 2693 1486 2751 1538; x_wconf 84' lang='lat' dir='ltr'><strong>et</strong></span> <span class='ocrx_word' id='word_1_210' title='bbox 2790 1480 3126 1553; x_wconf 84' lang='lat' dir='ltr'><strong>gubernator</strong></span> <span class='ocrx_word' id='word_1_211' title='bbox 3147 1521 3162 1550; x_wconf 91' lang='lat'><strong>,</strong></span> <span class='ocrx_word' id='word_1_212' title='bbox 3202 1478 3350 1536; x_wconf 87' lang='lat' dir='ltr'><strong>iuxta</strong></span> <span class='ocrx_word' id='word_1_213' title='bbox 3380 1477 3511 1536; x_wconf 86' lang='lat' dir='ltr'><strong>illud</strong></span> <span class='ocrx_word' id='word_1_214' title='bbox 3541 1476 3735 1550; x_wconf 84' lang='lat' dir='ltr'><strong>psalmi</strong></span> <span class='ocrx_word' id='word_1_215' title='bbox 3762 1482 3828 1537; x_wconf 82' lang='lat'><strong>2:</strong></span> <span class='ocrx_word' id='word_1_216' title='bbox 3861 1474 4037 1533; x_wconf 87' lang='lat' dir='ltr'><em>Dabo</em></span> 
     </span>
     <span class='ocr_line' id='line_1_28' title="bbox 2429 1567 4040 1643; baseline -0.004 -16"><span class='ocrx_word' id='word_1_217' title='bbox 2429 1568 2533 1627; x_wconf 77' lang='lat' dir='ltr'><strong>ttbt</strong></span> <span class='ocrx_word' id='word_1_218' title='bbox 2560 1576 2758 1643; x_wconf 75' lang='lat' dir='ltr'><strong>qentes</strong></span> <span class='ocrx_word' id='word_1_219' title='bbox 2785 1567 3217 1627; x_wconf 78' lang='lat' dir='ltr'><strong>haereditatem</strong></span> <span class='ocrx_word' id='word_1_220' title='bbox 3241 1574 3439 1631; x_wconf 81' lang='lat' dir='ltr'><strong>tuam.</strong></span> <span class='ocrx_word' id='word_1_221' title='bbox 3463 1583 3630 1641; x_wconf 72' lang='lat' dir='ltr'><strong>reyes</strong></span> <span class='ocrx_word' id='word_1_222' title='bbox 3653 1584 3747 1625; x_wconf 87' lang='lat' dir='ltr'><strong>eos</strong></span> <span class='ocrx_word' id='word_1_223' title='bbox 3769 1572 3835 1624; x_wconf 79' lang='lat' dir='ltr'><strong>in</strong></span> <span class='ocrx_word' id='word_1_224' title='bbox 3861 1570 4040 1639; x_wconf 67' lang='lat' dir='ltr'><strong>virga</strong></span> 
     </span>
    </p>
   </div>
   <div class='ocr_carea' id='block_1_5' title="bbox 754 1654 4040 1733">
    <p class='ocr_par' dir='ltr' id='par_1_5' title="bbox 754 1654 4040 1733">
     <span class='ocr_line' id='line_1_29' title="bbox 754 1654 4040 1733; baseline 0.001 -24"><span class='ocrx_word' id='word_1_225' title='bbox 754 1654 963 1727; x_wconf 87' lang='lat' dir='ltr'><strong>primo,</strong></span> <span class='ocrx_word' id='word_1_226' title='bbox 993 1656 1121 1729; x_wconf 86' lang='lat' dir='ltr'><strong>quia</strong></span> <span class='ocrx_word' id='word_1_227' title='bbox 1150 1656 1202 1712; x_wconf 92' lang='lat' dir='ltr'><strong>in</strong></span> <span class='ocrx_word' id='word_1_228' title='bbox 1232 1656 1351 1729; x_wconf 83' lang='lat' dir='ltr'><strong>lege</strong></span> <span class='ocrx_word' id='word_1_229' title='bbox 1392 1660 1563 1714; x_wconf 88' lang='lat' dir='ltr'><strong>veteri</strong></span> <span class='ocrx_word' id='word_1_230' title='bbox 1600 1674 1711 1716; x_wconf 90' lang='lat' dir='ltr'><strong>non</strong></span> <span class='ocrx_word' id='word_1_231' title='bbox 1752 1664 1873 1716; x_wconf 90' lang='lat' dir='ltr'><strong>erat</strong></span> <span class='ocrx_word' id='word_1_232' title='bbox 1908 1659 2120 1717; x_wconf 86' lang='lat' dir='ltr'><strong>licitum</strong></span> <span class='ocrx_word' id='word_1_233' title='bbox 2159 1657 2360 1715; x_wconf 84' lang='lat' dir='ltr'><strong>addere</strong></span> <span class='ocrx_word' id='word_1_234' title='bbox 2412 1658 2672 1733; x_wconf 56' lang='lat' dir='ltr'><strong>serrem·</strong></span> <span class='ocrx_word' id='word_1_235' title='bbox 2713 1666 2769 1717; x_wconf 88' lang='lat' dir='ltr'><strong>et</strong></span> <span class='ocrx_word' id='word_1_236' title='bbox 2809 1658 2974 1718; x_wconf 85' lang='lat' dir='ltr'><strong>latius</strong></span> <span class='ocrx_word' id='word_1_237' title='bbox 3011 1662 3067 1716; x_wconf 87' lang='lat' dir='ltr'><strong>in</strong></span> <span class='ocrx_word' id='word_1_238' title='bbox 3108 1660 3202 1717; x_wconf 90' lang='lat' dir='ltr'><strong>lib.</strong></span> <span class='ocrx_word' id='word_1_239' title='bbox 3246 1660 3314 1717; x_wconf 80' lang='lat' dir='ltr'><strong>X.</strong></span> <span class='ocrx_word' id='word_1_240' title='bbox 3347 1658 3684 1729; x_wconf 82' lang='lat' dir='ltr'><strong>videbimus3</strong></span> <span class='ocrx_word' id='word_1_241' title='bbox 3715 1673 3845 1732; x_wconf 88' lang='lat' dir='ltr'><strong>ergo</strong></span> <span class='ocrx_word' id='word_1_242' title='bbox 3871 1657 4040 1714; x_wconf 88' lang='lat' dir='ltr'><strong>etiam</strong></span> 
     </span>
    </p>
   </div>
   <div class='ocr_carea' id='block_1_6' title="bbox 732 1745 2368 5321">
    <p class='ocr_par' dir='ltr' id='par_1_6' title="bbox 732 1745 2368 5321">
     <span class='ocr_line' id='line_1_30' title="bbox 756 1745 2360 1821; baseline 0.002 -21"><span class='ocrx_word' id='word_1_243' title='bbox 756 1745 994 1801; x_wconf 85' lang='lat' dir='ltr'><strong>humana</strong></span> <span class='ocrx_word' id='word_1_244' title='bbox 1038 1754 1329 1818; x_wconf 87' lang='lat' dir='ltr'><strong>praecepta</strong></span> <span class='ocrx_word' id='word_1_245' title='bbox 1370 1746 1592 1818; x_wconf 87' lang='lat' dir='ltr'><strong>divinis,</strong></span> <span class='ocrx_word' id='word_1_246' title='bbox 1634 1749 1763 1821; x_wconf 91' lang='lat' dir='ltr'><strong>quia</strong></span> <span class='ocrx_word' id='word_1_247' title='bbox 1792 1751 2055 1806; x_wconf 86' lang='lat' dir='ltr'><strong>Dominus</strong></span> <span class='ocrx_word' id='word_1_248' title='bbox 2086 1748 2272 1805; x_wconf 76' lang='lat' dir='ltr'><strong>iuerat</strong></span> <span class='ocrx_word' id='word_1_249' title='bbox 2300 1746 2360 1803; x_wconf 90' lang='lat' dir='ltr'><strong>il·</strong></span> 
     </span>
     <span class='ocr_line' id='line_1_31' title="bbox 756 1833 2356 1912; baseline 0.003 -21"><span class='ocrx_word' id='word_1_250' title='bbox 756 1833 863 1891; x_wconf 90' lang='lat' dir='ltr'><strong>lius</strong></span> <span class='ocrx_word' id='word_1_251' title='bbox 894 1835 1079 1907; x_wconf 88' lang='lat' dir='ltr'><strong>populi</strong></span> <span class='ocrx_word' id='word_1_252' title='bbox 1112 1837 1369 1909; x_wconf 88' lang='lat' dir='ltr'><strong>proprius</strong></span> <span class='ocrx_word' id='word_1_253' title='bbox 1398 1836 1675 1911; x_wconf 87' lang='lat' dir='ltr'><strong>legislator</strong></span> <span class='ocrx_word' id='word_1_254' title='bbox 1698 1879 1714 1912; x_wconf 90' lang='lat'><strong>,</strong></span> <span class='ocrx_word' id='word_1_255' title='bbox 1738 1846 1803 1896; x_wconf 91' lang='lat' dir='ltr'><strong>ut</strong></span> <span class='ocrx_word' id='word_1_256' title='bbox 1828 1837 2030 1896; x_wconf 90' lang='lat' dir='ltr'><strong>dicitur</strong></span> <span class='ocrx_word' id='word_1_257' title='bbox 2062 1839 2239 1896; x_wconf 84' lang='lat' dir='ltr'><strong>Isaiae</strong></span> <span class='ocrx_word' id='word_1_258' title='bbox 2262 1842 2356 1909; x_wconf 81' lang='lat'><strong>333</strong></span> 
     </span>
     <span class='ocr_line' id='line_1_32' title="bbox 757 1926 2360 2002; baseline 0.001 -21"><span class='ocrx_word' id='word_1_259' title='bbox 757 1940 888 1998; x_wconf 88' lang='lat' dir='ltr'><strong>ergo</strong></span> <span class='ocrx_word' id='word_1_260' title='bbox 920 1940 1095 2000; x_wconf 90' lang='lat' dir='ltr'><strong>neque</strong></span> <span class='ocrx_word' id='word_1_261' title='bbox 1122 1926 1175 1981; x_wconf 93' lang='lat' dir='ltr'><strong>in</strong></span> <span class='ocrx_word' id='word_1_262' title='bbox 1203 1942 1342 1982; x_wconf 87' lang='lat' dir='ltr'><strong>nova</strong></span> <span class='ocrx_word' id='word_1_263' title='bbox 1382 1927 1502 1999; x_wconf 89' lang='lat' dir='ltr'><strong>lege</strong></span> <span class='ocrx_word' id='word_1_264' title='bbox 1540 1927 1686 1984; x_wconf 91' lang='lat' dir='ltr'><strong>licet.</strong></span> <span class='ocrx_word' id='word_1_265' title='bbox 1720 1930 2125 2002; x_wconf 89' lang='lat' dir='ltr'><strong>Consequentia</strong></span> <span class='ocrx_word' id='word_1_266' title='bbox 2154 1943 2360 2000; x_wconf 89' lang='lat' dir='ltr'><strong>suppo·</strong></span> 
     </span>
     <span class='ocr_line' id='line_1_33' title="bbox 757 2016 2361 2091; baseline 0.001 -21"><span class='ocrx_word' id='word_1_267' title='bbox 757 2016 940 2087; x_wconf 87' lang='lat' dir='ltr'><strong>nitur,</strong></span> <span class='ocrx_word' id='word_1_268' title='bbox 972 2017 1101 2089; x_wconf 90' lang='lat' dir='ltr'><strong>quia</strong></span> <span class='ocrx_word' id='word_1_269' title='bbox 1140 2018 1312 2072; x_wconf 90' lang='lat' dir='ltr'><strong>maior</strong></span> <span class='ocrx_word' id='word_1_270' title='bbox 1345 2023 1431 2072; x_wconf 90' lang='lat' dir='ltr'><strong>est</strong></span> <span class='ocrx_word' id='word_1_271' title='bbox 1468 2016 1699 2089; x_wconf 80' lang='lat' dir='ltr'><strong>dignitas</strong></span> <span class='ocrx_word' id='word_1_272' title='bbox 1729 2024 1785 2075; x_wconf 87' lang='lat' dir='ltr'><strong>et</strong></span> <span class='ocrx_word' id='word_1_273' title='bbox 1810 2017 2031 2075; x_wconf 86' lang='lat' dir='ltr'><strong>libertas</strong></span> <span class='ocrx_word' id='word_1_274' title='bbox 2061 2017 2361 2091; x_wconf 85' lang='lat' dir='ltr'><strong>praesentis</strong></span> 
     </span>
     <span class='ocr_line' id='line_1_34' title="bbox 761 2106 2357 2181; baseline 0.001 -21"><span class='ocrx_word' id='word_1_275' title='bbox 761 2113 973 2177; x_wconf 78' lang='lat' dir='ltr'><strong>statuS,</strong></span> <span class='ocrx_word' id='word_1_276' title='bbox 1018 2120 1185 2177; x_wconf 88' lang='lat' dir='ltr'><strong>quam</strong></span> <span class='ocrx_word' id='word_1_277' title='bbox 1227 2106 1447 2181; x_wconf 82' lang='lat' dir='ltr'><strong>veteris.</strong></span> <span class='ocrx_word' id='word_1_278' title='bbox 1480 2106 1819 2163; x_wconf 83' lang='lat' dir='ltr'><strong>Antecedens</strong></span> <span class='ocrx_word' id='word_1_279' title='bbox 1860 2112 2041 2164; x_wconf 87' lang='lat' dir='ltr'><strong>autem</strong></span> <span class='ocrx_word' id='word_1_280' title='bbox 2072 2108 2357 2180; x_wconf 88' lang='lat' dir='ltr'><strong>probatur,</strong></span> 
     </span>
     <span class='ocr_line' id='line_1_35' title="bbox 756 2193 2361 2269; baseline -0.001 -18"><span class='ocrx_word' id='word_1_281' title='bbox 756 2195 884 2267; x_wconf 85' lang='lat' dir='ltr'><strong>quia</strong></span> <span class='ocrx_word' id='word_1_282' title='bbox 905 2196 1199 2252; x_wconf 90' lang='lat' dir='ltr'><strong>Deuteron.</strong></span> <span class='ocrx_word' id='word_1_283' title='bbox 1226 2200 1258 2253; x_wconf 72' lang='grc'>4</span> <span class='ocrx_word' id='word_1_284' title='bbox 1277 2236 1292 2263; x_wconf 86' lang='grc'><em>,</em></span> <span class='ocrx_word' id='word_1_285' title='bbox 1316 2202 1373 2251; x_wconf 88' lang='lat' dir='ltr'><strong>et</strong></span> <span class='ocrx_word' id='word_1_286' title='bbox 1403 2199 1490 2267; x_wconf 83' lang='lat'><strong>12,</strong></span> <span class='ocrx_word' id='word_1_287' title='bbox 1516 2211 1689 2269; x_wconf 82' lang='lat' dir='ltr'><strong>aeque</strong></span> <span class='ocrx_word' id='word_1_288' title='bbox 1712 2196 1965 2269; x_wconf 89' lang='lat' dir='ltr'><strong>prohibet</strong></span> <span class='ocrx_word' id='word_1_289' title='bbox 1985 2200 2131 2254; x_wconf 89' lang='lat' dir='ltr'><strong>Deus</strong></span> <span class='ocrx_word' id='word_1_290' title='bbox 2154 2193 2361 2269; x_wconf 89' lang='lat' dir='ltr'><strong>aliquid</strong></span> 
     </span>
     <span class='ocr_line' id='line_1_36' title="bbox 760 2282 2362 2356; baseline 0.001 -17"><span class='ocrx_word' id='word_1_291' title='bbox 760 2282 961 2339; x_wconf 87' lang='lat' dir='ltr'><strong>addere</strong></span> <span class='ocrx_word' id='word_1_292' title='bbox 990 2283 1124 2356; x_wconf 83' lang='lat' dir='ltr'><strong>legi.</strong></span> <span class='ocrx_word' id='word_1_293' title='bbox 1172 2286 1319 2341; x_wconf 88' lang='lat' dir='ltr'><strong>sicut</strong></span> <span class='ocrx_word' id='word_1_294' title='bbox 1358 2291 1417 2339; x_wconf 88' lang='lat' dir='ltr'><strong>et</strong></span> <span class='ocrx_word' id='word_1_295' title='bbox 1454 2286 1723 2342; x_wconf 86' lang='lat' dir='ltr'><strong>minuere.</strong></span> <span class='ocrx_word' id='word_1_296' title='bbox 1756 2286 1909 2343; x_wconf 90' lang='lat' dir='ltr'><strong>Unde</strong></span> <span class='ocrx_word' id='word_1_297' title='bbox 1938 2286 2061 2343; x_wconf 88' lang='lat' dir='ltr'><strong>lsai.</strong></span> <span class='ocrx_word' id='word_1_298' title='bbox 2098 2290 2192 2344; x_wconf 85' lang='grc'><strong>29.</strong></span> <span class='ocrx_word' id='word_1_299' title='bbox 2230 2300 2362 2341; x_wconf 91' lang='lat' dir='ltr'><strong>con-</strong></span> 
     </span>
     <span class='ocr_line' id='line_1_37' title="bbox 732 2371 2360 2447; baseline 0.002 -20"><span class='ocrx_word' id='word_1_300' title='bbox 732 2375 1012 2445; x_wconf 82' lang='lat' dir='ltr'><strong>.queritur</strong></span> <span class='ocrx_word' id='word_1_301' title='bbox 1039 2375 1185 2429; x_wconf 86' lang='lat' dir='ltr'><strong>Deus</strong></span> <span class='ocrx_word' id='word_1_302' title='bbox 1214 2371 1279 2429; x_wconf 93' lang='lat' dir='ltr'><strong>de</strong></span> <span class='ocrx_word' id='word_1_303' title='bbox 1320 2372 1532 2429; x_wconf 90' lang='lat' dir='ltr'><strong>ludaeis</strong></span> <span class='ocrx_word' id='word_1_304' title='bbox 1558 2417 1572 2445; x_wconf 90' lang='lat'><strong>,</strong></span> <span class='ocrx_word' id='word_1_305' title='bbox 1606 2374 1753 2447; x_wconf 89' lang='lat' dir='ltr'><strong>quod</strong></span> <span class='ocrx_word' id='word_1_306' title='bbox 1792 2374 2038 2432; x_wconf 87' lang='lat' dir='ltr'><strong>colerent</strong></span> <span class='ocrx_word' id='word_1_307' title='bbox 2066 2376 2246 2447; x_wconf 90' lang='lat' dir='ltr'><strong>ipsum</strong></span> <span class='ocrx_word' id='word_1_308' title='bbox 2275 2389 2360 2431; x_wconf 91' lang='lat' dir='ltr'><strong>se-</strong></span> 
     </span>
     <span class='ocr_line' id='line_1_38' title="bbox 759 2461 2363 2537; baseline -0.002 -16"><span class='ocrx_word' id='word_1_309' title='bbox 759 2463 1007 2521; x_wconf 90' lang='lat' dir='ltr'><strong>cundum</strong></span> <span class='ocrx_word' id='word_1_310' title='bbox 1035 2461 1289 2519; x_wconf 90' lang='lat' dir='ltr'><strong>mandata</strong></span> <span class='ocrx_word' id='word_1_311' title='bbox 1328 2462 1633 2520; x_wconf 86' lang='lat' dir='ltr'><strong>hominum.</strong></span> <span class='ocrx_word' id='word_1_312' title='bbox 1679 2466 1750 2521; x_wconf 89' lang='lat' dir='ltr'><strong>Et</strong></span> <span class='ocrx_word' id='word_1_313' title='bbox 1786 2469 1843 2523; x_wconf 76' lang='grc'><strong>4.</strong></span> <span class='ocrx_word' id='word_1_314' title='bbox 1877 2466 2015 2537; x_wconf 83' lang='lat' dir='ltr'><strong>Reg.</strong></span> <span class='ocrx_word' id='word_1_315' title='bbox 2048 2469 2143 2524; x_wconf 82' lang='grc'><strong>21.</strong></span> <span class='ocrx_word' id='word_1_316' title='bbox 2177 2478 2363 2535; x_wconf 88' lang='lat' dir='ltr'><strong>repre-</strong></span> 
     </span>
     <span class='ocr_line' id='line_1_39' title="bbox 759 2551 2361 2625; baseline 0 -16"><span class='ocrx_word' id='word_1_317' title='bbox 759 2551 948 2609; x_wconf 88' lang='lat' dir='ltr'><strong>hendit</strong></span> <span class='ocrx_word' id='word_1_318' title='bbox 985 2552 1319 2623; x_wconf 78' lang='lat' dir='ltr'><strong>Manassem,</strong></span> <span class='ocrx_word' id='word_1_319' title='bbox 1364 2551 1513 2625; x_wconf 90' lang='lat' dir='ltr'><strong>quod</strong></span> <span class='ocrx_word' id='word_1_320' title='bbox 1554 2568 1723 2609; x_wconf 82' lang='lat' dir='ltr'><strong>novas</strong></span> <span class='ocrx_word' id='word_1_321' title='bbox 1763 2569 1884 2610; x_wconf 88' lang='lat' dir='ltr'><strong>aras</strong></span> <span class='ocrx_word' id='word_1_322' title='bbox 1924 2554 1979 2610; x_wconf 89' lang='lat' dir='ltr'><strong>in</strong></span> <span class='ocrx_word' id='word_1_323' title='bbox 2023 2552 2227 2624; x_wconf 89' lang='lat' dir='ltr'><strong>templo</strong></span> <span class='ocrx_word' id='word_1_324' title='bbox 2268 2553 2361 2610; x_wconf 89' lang='lat' dir='ltr'><strong>Dei</strong></span> 
     </span>
     <span class='ocr_line' id='line_1_40' title="bbox 762 2640 2357 2717; baseline 0.001 -20"><span class='ocrx_word' id='word_1_325' title='bbox 762 2642 879 2717; x_wconf 88' lang='lat' dir='ltr'><strong>sine</strong></span> <span class='ocrx_word' id='word_1_326' title='bbox 916 2641 1041 2697; x_wconf 87' lang='lat' dir='ltr'><strong>eius</strong></span> <span class='ocrx_word' id='word_1_327' title='bbox 1082 2641 1341 2699; x_wconf 87' lang='lat' dir='ltr'><strong>mandato</strong></span> <span class='ocrx_word' id='word_1_328' title='bbox 1384 2640 1705 2700; x_wconf 87' lang='lat' dir='ltr'><strong>addidisset.</strong></span> <span class='ocrx_word' id='word_1_329' title='bbox 1751 2643 1823 2699; x_wconf 91' lang='lat' dir='ltr'><strong>Et</strong></span> <span class='ocrx_word' id='word_1_330' title='bbox 1861 2642 2109 2699; x_wconf 87' lang='lat' dir='ltr'><strong>similiter</strong></span> <span class='ocrx_word' id='word_1_331' title='bbox 2140 2646 2192 2701; x_wconf 73' lang='lat'><strong>4.</strong></span> <span class='ocrx_word' id='word_1_332' title='bbox 2225 2643 2357 2715; x_wconf 87' lang='lat' dir='ltr'><strong>Reg.</strong></span> 
     </span>
     <span class='ocr_line' id='line_1_41' title="bbox 770 2730 2362 2805; baseline -0.001 -13"><span class='ocrx_word' id='word_1_333' title='bbox 770 2734 859 2792; x_wconf 84' lang='grc'><strong>16.</strong></span> <span class='ocrx_word' id='word_1_334' title='bbox 890 2730 1307 2803; x_wconf 87' lang='lat' dir='ltr'><strong>reprehenditur</strong></span> <span class='ocrx_word' id='word_1_335' title='bbox 1346 2730 1559 2805; x_wconf 81' lang='lat' dir='ltr'><strong>Achaz,</strong></span> <span class='ocrx_word' id='word_1_336' title='bbox 1592 2733 1721 2805; x_wconf 84' lang='lat' dir='ltr'><strong>quia</strong></span> <span class='ocrx_word' id='word_1_337' title='bbox 1750 2733 1921 2790; x_wconf 89' lang='lat' dir='ltr'><strong>altare</strong></span> <span class='ocrx_word' id='word_1_338' title='bbox 1948 2734 2002 2789; x_wconf 88' lang='lat' dir='ltr'><strong>in</strong></span> <span class='ocrx_word' id='word_1_339' title='bbox 2032 2733 2240 2805; x_wconf 88' lang='lat' dir='ltr'><strong>templo</strong></span> <span class='ocrx_word' id='word_1_340' title='bbox 2269 2733 2362 2791; x_wconf 91' lang='lat' dir='ltr'><strong>ad·</strong></span> 
     </span>
     <span class='ocr_line' id='line_1_42' title="bbox 764 2819 2361 2895; baseline 0.001 -18"><span class='ocrx_word' id='word_1_341' title='bbox 764 2819 920 2877; x_wconf 86' lang='lat' dir='ltr'><strong>didit.</strong></span> <span class='ocrx_word' id='word_1_342' title='bbox 936 2819 1189 2881; x_wconf 87' lang='lat' dir='ltr'><strong>Secundo</strong></span> <span class='ocrx_word' id='word_1_343' title='bbox 1207 2819 1459 2877; x_wconf 88' lang='lat' dir='ltr'><strong>Christus</strong></span> <span class='ocrx_word' id='word_1_344' title='bbox 1482 2821 1709 2881; x_wconf 85' lang='lat' dir='ltr'><strong>abstulit</strong></span> <span class='ocrx_word' id='word_1_345' title='bbox 1724 2838 1755 2878; x_wconf 91' lang='lat' dir='ltr'><strong>a</strong></span> <span class='ocrx_word' id='word_1_346' title='bbox 1777 2838 1879 2879; x_wconf 90' lang='lat' dir='ltr'><strong>sua</strong></span> <span class='ocrx_word' id='word_1_347' title='bbox 1898 2822 2154 2880; x_wconf 86' lang='lat' dir='ltr'><strong>Ecclesia</strong></span> <span class='ocrx_word' id='word_1_348' title='bbox 2168 2822 2361 2895; x_wconf 87' lang='lat' dir='ltr'><strong>iugum</strong></span> 
     </span>
     <span class='ocr_line' id='line_1_43' title="bbox 764 2909 2364 2985; baseline 0.003 -19"><span class='ocrx_word' id='word_1_349' title='bbox 764 2909 899 2983; x_wconf 88' lang='lat' dir='ltr'><strong>legis</strong></span> <span class='ocrx_word' id='word_1_350' title='bbox 926 2911 1155 2984; x_wconf 81' lang='lat' dir='ltr'><strong>veteris3</strong></span> <span class='ocrx_word' id='word_1_351' title='bbox 1188 2926 1315 2967; x_wconf 90' lang='lat' dir='ltr'><strong>nam</strong></span> <span class='ocrx_word' id='word_1_352' title='bbox 1344 2909 1539 2967; x_wconf 86' lang='lat' dir='ltr'><strong>saltem</strong></span> <span class='ocrx_word' id='word_1_353' title='bbox 1566 2909 1633 2969; x_wconf 90' lang='lat' dir='ltr'><strong>de</strong></span> <span class='ocrx_word' id='word_1_354' title='bbox 1661 2910 1767 2969; x_wconf 86' lang='lat' dir='ltr'><strong>hac</strong></span> <span class='ocrx_word' id='word_1_355' title='bbox 1796 2910 2045 2969; x_wconf 87' lang='lat' dir='ltr'><strong>libertate</strong></span> <span class='ocrx_word' id='word_1_356' title='bbox 2074 2911 2208 2985; x_wconf 88' lang='lat' dir='ltr'><strong>legis</strong></span> <span class='ocrx_word' id='word_1_357' title='bbox 2235 2927 2364 2985; x_wconf 84' lang='lat' dir='ltr'><strong>gra-</strong></span> 
     </span>
     <span class='ocr_line' id='line_1_44' title="bbox 761 2999 2362 3061; baseline 0 -2"><span class='ocrx_word' id='word_1_358' title='bbox 761 3000 867 3060; x_wconf 88' lang='lat' dir='ltr'><strong>tiae</strong></span> <span class='ocrx_word' id='word_1_359' title='bbox 893 3017 1001 3057; x_wconf 90' lang='lat' dir='ltr'><strong>non</strong></span> <span class='ocrx_word' id='word_1_360' title='bbox 1024 3007 1109 3058; x_wconf 89' lang='lat' dir='ltr'><strong>est</strong></span> <span class='ocrx_word' id='word_1_361' title='bbox 1132 3002 1271 3058; x_wconf 88' lang='lat' dir='ltr'><strong>inter</strong></span> <span class='ocrx_word' id='word_1_362' title='bbox 1294 2999 1601 3059; x_wconf 87' lang='lat' dir='ltr'><strong>catholicos</strong></span> <span class='ocrx_word' id='word_1_363' title='bbox 1622 3008 1678 3058; x_wconf 88' lang='lat' dir='ltr'><strong>et</strong></span> <span class='ocrx_word' id='word_1_364' title='bbox 1698 3016 1875 3057; x_wconf 90' lang='lat' dir='ltr'><strong>novos</strong></span> <span class='ocrx_word' id='word_1_365' title='bbox 1896 3000 2204 3061; x_wconf 84' lang='lat' dir='ltr'><strong>haereticos</strong></span> <span class='ocrx_word' id='word_1_366' title='bbox 2227 3018 2362 3061; x_wconf 88' lang='lat' dir='ltr'><strong>con·</strong></span> 
     </span>
     <span class='ocr_line' id='line_1_45' title="bbox 764 3090 2363 3166; baseline 0.002 -19"><span class='ocrx_word' id='word_1_367' title='bbox 764 3091 1059 3161; x_wconf 78' lang='lat' dir='ltr'><strong>tr,oversia;</strong></span> <span class='ocrx_word' id='word_1_368' title='bbox 1089 3106 1223 3165; x_wconf 87' lang='lat' dir='ltr'><strong>ergo</strong></span> <span class='ocrx_word' id='word_1_369' title='bbox 1247 3091 1421 3148; x_wconf 88' lang='lat' dir='ltr'><strong>multo</strong></span> <span class='ocrx_word' id='word_1_370' title='bbox 1462 3092 1632 3164; x_wconf 88' lang='lat' dir='ltr'><strong>magis</strong></span> <span class='ocrx_word' id='word_1_371' title='bbox 1677 3090 1907 3149; x_wconf 89' lang='lat' dir='ltr'><strong>abstulit</strong></span> <span class='ocrx_word' id='word_1_372' title='bbox 1945 3092 2138 3166; x_wconf 87' lang='lat' dir='ltr'><strong>iugum</strong></span> <span class='ocrx_word' id='word_1_373' title='bbox 2177 3090 2363 3166; x_wconf 87' lang='lat' dir='ltr'><strong>legum</strong></span> 
     </span>
     <span class='ocr_line' id='line_1_46' title="bbox 758 3180 2364 3253; baseline 0.001 -16"><span class='ocrx_word' id='word_1_374' title='bbox 758 3180 1289 3252; x_wconf 81' lang='lat' dir='ltr'><strong>ecclesiasticarum3</strong></span> <span class='ocrx_word' id='word_1_375' title='bbox 1316 3196 1425 3237; x_wconf 90' lang='lat' dir='ltr'><strong>non</strong></span> <span class='ocrx_word' id='word_1_376' title='bbox 1448 3196 1581 3253; x_wconf 87' lang='lat' dir='ltr'><strong>ergo</strong></span> <span class='ocrx_word' id='word_1_377' title='bbox 1610 3180 1762 3239; x_wconf 89' lang='lat' dir='ltr'><strong>dedit</strong></span> <span class='ocrx_word' id='word_1_378' title='bbox 1790 3188 2115 3253; x_wconf 85' lang='lat' dir='ltr'><strong>potestatem</strong></span> <span class='ocrx_word' id='word_1_379' title='bbox 2146 3181 2215 3238; x_wconf 92' lang='lat' dir='ltr'><strong>ad</strong></span> <span class='ocrx_word' id='word_1_380' title='bbox 2242 3182 2364 3241; x_wconf 89' lang='lat' dir='ltr'><strong>illas</strong></span> 
     </span>
     <span class='ocr_line' id='line_1_47' title="bbox 757 3269 2360 3346; baseline 0.002 -20"><span class='ocrx_word' id='word_1_381' title='bbox 757 3269 1091 3327; x_wconf 88' lang='lat' dir='ltr'><strong>condendas.</strong></span> <span class='ocrx_word' id='word_1_382' title='bbox 1124 3270 1398 3327; x_wconf 84' lang='lat' dir='ltr'><strong>Probatur</strong></span> <span class='ocrx_word' id='word_1_383' title='bbox 1426 3272 1602 3342; x_wconf 87' lang='lat' dir='ltr'><strong>prima</strong></span> <span class='ocrx_word' id='word_1_384' title='bbox 1622 3273 2041 3346; x_wconf 79' lang='lat' dir='ltr'><strong>consequentia,</strong></span> <span class='ocrx_word' id='word_1_385' title='bbox 2067 3272 2197 3345; x_wconf 87' lang='lat' dir='ltr'><strong>quia</strong></span> <span class='ocrx_word' id='word_1_386' title='bbox 2219 3288 2360 3329; x_wconf 79' lang='lat' dir='ltr'><strong>onus</strong></span> 
     </span>
     <span class='ocr_line' id='line_1_48' title="bbox 759 3359 2361 3433; baseline 0 -14"><span class='ocrx_word' id='word_1_387' title='bbox 759 3366 845 3419; x_wconf 89' lang='lat' dir='ltr'><strong>tot</strong></span> <span class='ocrx_word' id='word_1_388' title='bbox 865 3359 1049 3433; x_wconf 86' lang='lat' dir='ltr'><strong>legum</strong></span> <span class='ocrx_word' id='word_1_389' title='bbox 1080 3360 1473 3417; x_wconf 87' lang='lat' dir='ltr'><strong>canonicarum</strong></span> <span class='ocrx_word' id='word_1_390' title='bbox 1497 3375 1605 3418; x_wconf 90' lang='lat' dir='ltr'><strong>non</strong></span> <span class='ocrx_word' id='word_1_391' title='bbox 1628 3362 1807 3419; x_wconf 87' lang='lat' dir='ltr'><strong>minus</strong></span> <span class='ocrx_word' id='word_1_392' title='bbox 1830 3368 2105 3433; x_wconf 81' lang='lat' dir='ltr'><strong>repugnat</strong></span> <span class='ocrx_word' id='word_1_393' title='bbox 2124 3361 2361 3419; x_wconf 86' lang='lat' dir='ltr'><strong>libertati</strong></span> 
     </span>
     <span class='ocr_line' id='line_1_49' title="bbox 760 3448 2362 3524; baseline 0.001 -19"><span class='ocrx_word' id='word_1_394' title='bbox 760 3449 1111 3523; x_wconf 84' lang='lat' dir='ltr'><strong>christianae,</strong></span> <span class='ocrx_word' id='word_1_395' title='bbox 1138 3464 1238 3507; x_wconf 87' lang='lat' dir='ltr'><strong>nec</strong></span> <span class='ocrx_word' id='word_1_396' title='bbox 1260 3449 1440 3507; x_wconf 89' lang='lat' dir='ltr'><strong>minus</strong></span> <span class='ocrx_word' id='word_1_397' title='bbox 1464 3464 1766 3507; x_wconf 86' lang='lat' dir='ltr'><strong>onerosum</strong></span> <span class='ocrx_word' id='word_1_398' title='bbox 1788 3448 1969 3507; x_wconf 88' lang='lat' dir='ltr'><strong>reddit</strong></span> <span class='ocrx_word' id='word_1_399' title='bbox 1988 3451 2184 3524; x_wconf 87' lang='lat' dir='ltr'><strong>iugum</strong></span> <span class='ocrx_word' id='word_1_400' title='bbox 2207 3450 2362 3509; x_wconf 89' lang='lat' dir='ltr'><strong>Chri·</strong></span> 
     </span>
     <span class='ocr_line' id='line_1_50' title="bbox 759 3537 2362 3613; baseline 0.001 -17"><span class='ocrx_word' id='word_1_401' title='bbox 759 3541 831 3605; x_wconf 81' lang='lat' dir='ltr'><strong>sti</strong></span> <span class='ocrx_word' id='word_1_402' title='bbox 850 3582 863 3609; x_wconf 95' lang='lat'><strong>,</strong></span> <span class='ocrx_word' id='word_1_403' title='bbox 887 3537 1037 3613; x_wconf 82' lang='lat' dir='ltr'><strong>quod</strong></span> <span class='ocrx_word' id='word_1_404' title='bbox 1060 3539 1177 3610; x_wconf 87' lang='lat' dir='ltr'><strong>ipse</strong></span> <span class='ocrx_word' id='word_1_405' title='bbox 1200 3554 1367 3597; x_wconf 84' lang='lat' dir='ltr'><strong>suave</strong></span> <span class='ocrx_word' id='word_1_406' title='bbox 1388 3555 1510 3597; x_wconf 81' lang='lat' dir='ltr'><strong>esse</strong></span> <span class='ocrx_word' id='word_1_407' title='bbox 1534 3538 1701 3613; x_wconf 83' lang='lat' dir='ltr'><strong>dixit,</strong></span> <span class='ocrx_word' id='word_1_408' title='bbox 1725 3555 1894 3613; x_wconf 77' lang='lat' dir='ltr'><strong>quam</strong></span> <span class='ocrx_word' id='word_1_409' title='bbox 1920 3539 1972 3596; x_wconf 91' lang='lat' dir='ltr'><strong>id</strong></span> <span class='ocrx_word' id='word_1_410' title='bbox 1993 3540 2202 3599; x_wconf 78' lang='lat' dir='ltr'><strong>faceret</strong></span> <span class='ocrx_word' id='word_1_411' title='bbox 2221 3558 2362 3601; x_wconf 87' lang='lat' dir='ltr'><strong>onus</strong></span> 
     </span>
     <span class='ocr_line' id='line_1_51' title="bbox 760 3627 2366 3704; baseline 0.002 -19"><span class='ocrx_word' id='word_1_412' title='bbox 760 3629 957 3685; x_wconf 83' lang='lat' dir='ltr'><strong>veteris</strong></span> <span class='ocrx_word' id='word_1_413' title='bbox 984 3628 1140 3701; x_wconf 82' lang='lat' dir='ltr'><strong>legis.</strong></span> <span class='ocrx_word' id='word_1_414' title='bbox 1176 3627 1327 3687; x_wconf 87' lang='lat' dir='ltr'><strong>Unde</strong></span> <span class='ocrx_word' id='word_1_415' title='bbox 1350 3631 1595 3701; x_wconf 77' lang='lat' dir='ltr'><strong>August.</strong></span> <span class='ocrx_word' id='word_1_416' title='bbox 1624 3630 1785 3701; x_wconf 86' lang='lat' dir='ltr'><strong>epist.</strong></span> <span class='ocrx_word' id='word_1_417' title='bbox 1820 3632 1945 3687; x_wconf 90' lang='grc'><strong>119.</strong></span> <span class='ocrx_word' id='word_1_418' title='bbox 1970 3630 2127 3704; x_wconf 87' lang='lat' dir='ltr'><strong>dicit,</strong></span> <span class='ocrx_word' id='word_1_419' title='bbox 2156 3630 2366 3690; x_wconf 77' lang='lat' dir='ltr'><strong>voluis·</strong></span> 
     </span>
     <span class='ocr_line' id='line_1_52' title="bbox 760 3717 2366 3795; baseline 0.004 -22"><span class='ocrx_word' id='word_1_420' title='bbox 760 3734 819 3775; x_wconf 90' lang='lat' dir='ltr'><strong>se</strong></span> <span class='ocrx_word' id='word_1_421' title='bbox 848 3718 1125 3775; x_wconf 88' lang='lat' dir='ltr'><strong>Christum</strong></span> <span class='ocrx_word' id='word_1_422' title='bbox 1166 3717 1481 3790; x_wconf 79' lang='lat' dir='ltr'><strong>religionem</strong></span> <span class='ocrx_word' id='word_1_423' title='bbox 1522 3734 1705 3791; x_wconf 82' lang='lat' dir='ltr'><strong>quam</strong></span> <span class='ocrx_word' id='word_1_424' title='bbox 1737 3721 2128 3795; x_wconf 78' lang='lat' dir='ltr'><strong>paucissimis</strong></span> <span class='ocrx_word' id='word_1_425' title='bbox 2155 3736 2366 3779; x_wconf 84' lang='lat' dir='ltr'><strong>sacra·</strong></span> 
     </span>
     <span class='ocr_line' id='line_1_53' title="bbox 758 3804 2363 3878; baseline 0.001 -14"><span class='ocrx_word' id='word_1_426' title='bbox 758 3810 973 3865; x_wconf 78' lang='lat' dir='ltr'><strong>mentis</strong></span> <span class='ocrx_word' id='word_1_427' title='bbox 1002 3822 1125 3865; x_wconf 83' lang='lat' dir='ltr'><strong>esse</strong></span> <span class='ocrx_word' id='word_1_428' title='bbox 1152 3804 1436 3873; x_wconf 85' lang='lat' dir='ltr'><strong>liberam,</strong></span> <span class='ocrx_word' id='word_1_429' title='bbox 1474 3814 1533 3863; x_wconf 91' lang='lat' dir='ltr'><strong>et</strong></span> <span class='ocrx_word' id='word_1_430' title='bbox 1559 3806 1789 3878; x_wconf 87' lang='lat' dir='ltr'><strong>subdit,</strong></span> <span class='ocrx_word' id='word_1_431' title='bbox 1826 3808 1987 3865; x_wconf 72' lang='lat' dir='ltr'><strong>lianc</strong></span> <span class='ocrx_word' id='word_1_432' title='bbox 2028 3806 2363 3867; x_wconf 75' lang='lat' dir='ltr'><strong>libertatem</strong></span> 
     </span>
     <span class='ocr_line' id='line_1_54' title="bbox 751 3894 2364 3972; baseline 0 -19"><span class='ocrx_word' id='word_1_433' title='bbox 751 3900 951 3972; x_wconf 84' lang='lat' dir='ltr'><strong>premi</strong></span> <span class='ocrx_word' id='word_1_434' title='bbox 989 3897 1268 3955; x_wconf 76' lang='lat' dir='ltr'><strong>humanis</strong></span> <span class='ocrx_word' id='word_1_435' title='bbox 1310 3894 1727 3963; x_wconf 73' lang='lat' dir='ltr'><strong>observantiis,</strong></span> <span class='ocrx_word' id='word_1_436' title='bbox 1774 3903 1835 3954; x_wconf 87' lang='lat' dir='ltr'><strong>et</strong></span> <span class='ocrx_word' id='word_1_437' title='bbox 1874 3902 2090 3968; x_wconf 83' lang='lat' dir='ltr'><strong>cetera,</strong></span> <span class='ocrx_word' id='word_1_438' title='bbox 2120 3913 2262 3970; x_wconf 87' lang='lat' dir='ltr'><strong>quae</strong></span> <span class='ocrx_word' id='word_1_439' title='bbox 2290 3898 2364 3953; x_wconf 89' lang='lat' dir='ltr'><strong>ibi</strong></span> 
     </span>
     <span class='ocr_line' id='line_1_55' title="bbox 759 3984 2365 4059; baseline 0.001 -18"><span class='ocrx_word' id='word_1_440' title='bbox 759 3986 933 4043; x_wconf 85' lang='lat' dir='ltr'><strong>videri</strong></span> <span class='ocrx_word' id='word_1_441' title='bbox 961 3992 1216 4058; x_wconf 88' lang='lat' dir='ltr'><strong>possunt.</strong></span> <span class='ocrx_word' id='word_1_442' title='bbox 1248 3984 1429 4042; x_wconf 84' lang='lat' dir='ltr'><strong>Tertio</strong></span> <span class='ocrx_word' id='word_1_443' title='bbox 1460 4000 1757 4056; x_wconf 86' lang='lat' dir='ltr'><strong>possumus</strong></span> <span class='ocrx_word' id='word_1_444' title='bbox 1786 3988 2161 4059; x_wconf 86' lang='lat' dir='ltr'><strong>argumentari</strong></span> <span class='ocrx_word' id='word_1_445' title='bbox 2191 4029 2204 4059; x_wconf 88' lang='lat'><strong>,</strong></span> <span class='ocrx_word' id='word_1_446' title='bbox 2235 3987 2365 4059; x_wconf 88' lang='lat' dir='ltr'><strong>quia</strong></span> 
     </span>
     <span class='ocr_line' id='line_1_56' title="bbox 761 4074 2360 4149; baseline -0.001 -16"><span class='ocrx_word' id='word_1_447' title='bbox 761 4078 849 4135; x_wconf 81' lang='lat' dir='ltr'><strong>vel</strong></span> <span class='ocrx_word' id='word_1_448' title='bbox 866 4077 997 4134; x_wconf 88' lang='lat' dir='ltr'><strong>haec</strong></span> <span class='ocrx_word' id='word_1_449' title='bbox 1020 4083 1263 4149; x_wconf 89' lang='lat' dir='ltr'><strong>potestas</strong></span> <span class='ocrx_word' id='word_1_450' title='bbox 1283 4074 1469 4149; x_wconf 80' lang='lat' dir='ltr'><strong>dirigit</strong></span> <span class='ocrx_word' id='word_1_451' title='bbox 1492 4075 1733 4131; x_wconf 87' lang='lat' dir='ltr'><strong>homines</strong></span> <span class='ocrx_word' id='word_1_452' title='bbox 1755 4074 1823 4131; x_wconf 89' lang='lat' dir='ltr'><strong>ad</strong></span> <span class='ocrx_word' id='word_1_453' title='bbox 1848 4077 2152 4133; x_wconf 84' lang='lat' dir='ltr'><strong>naturalem</strong></span> <span class='ocrx_word' id='word_1_454' title='bbox 2179 4077 2360 4147; x_wconf 82' lang='lat' dir='ltr'><strong>linem,</strong></span> 
     </span>
     <span class='ocr_line' id='line_1_57' title="bbox 762 4163 2365 4237; baseline -0.002 -14"><span class='ocrx_word' id='word_1_455' title='bbox 762 4166 848 4224; x_wconf 81' lang='lat' dir='ltr'><strong>vel</strong></span> <span class='ocrx_word' id='word_1_456' title='bbox 886 4166 954 4224; x_wconf 94' lang='lat' dir='ltr'><strong>ad</strong></span> <span class='ocrx_word' id='word_1_457' title='bbox 994 4164 1503 4237; x_wconf 86' lang='lat' dir='ltr'><strong>supernaturalem:</strong></span> <span class='ocrx_word' id='word_1_458' title='bbox 1536 4163 1605 4220; x_wconf 88' lang='lat' dir='ltr'><strong>ad</strong></span> <span class='ocrx_word' id='word_1_459' title='bbox 1643 4166 1883 4236; x_wconf 87' lang='lat' dir='ltr'><strong>primum</strong></span> <span class='ocrx_word' id='word_1_460' title='bbox 1920 4165 2230 4221; x_wconf 85' lang='lat' dir='ltr'><strong>necessaria</strong></span> <span class='ocrx_word' id='word_1_461' title='bbox 2255 4181 2365 4221; x_wconf 91' lang='lat' dir='ltr'><strong>non</strong></span> 
     </span>
     <span class='ocr_line' id='line_1_58' title="bbox 762 4253 2365 4329; baseline -0.001 -16"><span class='ocrx_word' id='word_1_462' title='bbox 762 4263 877 4329; x_wconf 90' lang='lat' dir='ltr'><strong>est,</strong></span> <span class='ocrx_word' id='word_1_463' title='bbox 907 4254 1114 4313; x_wconf 83' lang='lat' dir='ltr'><strong>sufficit</strong></span> <span class='ocrx_word' id='word_1_464' title='bbox 1139 4256 1285 4311; x_wconf 88' lang='lat' dir='ltr'><strong>enim</strong></span> <span class='ocrx_word' id='word_1_465' title='bbox 1307 4258 1549 4326; x_wconf 87' lang='lat' dir='ltr'><strong>potestas</strong></span> <span class='ocrx_word' id='word_1_466' title='bbox 1570 4253 1821 4326; x_wconf 80' lang='lat' dir='ltr'><strong>politica3</strong></span> <span class='ocrx_word' id='word_1_467' title='bbox 1846 4254 1913 4311; x_wconf 86' lang='lat' dir='ltr'><strong>ad</strong></span> <span class='ocrx_word' id='word_1_468' title='bbox 1937 4253 2244 4311; x_wconf 87' lang='lat' dir='ltr'><strong>secundum</strong></span> <span class='ocrx_word' id='word_1_469' title='bbox 2267 4270 2365 4311; x_wconf 89' lang='lat' dir='ltr'><strong>au-</strong></span> 
     </span>
     <span class='ocr_line' id='line_1_59' title="bbox 762 4342 2366 4419; baseline 0 -16"><span class='ocrx_word' id='word_1_470' title='bbox 762 4354 873 4403; x_wconf 88' lang='lat' dir='ltr'><strong>tem</strong></span> <span class='ocrx_word' id='word_1_471' title='bbox 897 4344 1245 4419; x_wconf 81' lang='lat' dir='ltr'><strong>impossibssis</strong></span> <span class='ocrx_word' id='word_1_472' title='bbox 1266 4349 1392 4415; x_wconf 88' lang='lat' dir='ltr'><strong>est,</strong></span> <span class='ocrx_word' id='word_1_473' title='bbox 1414 4342 1632 4401; x_wconf 85' lang='lat' dir='ltr'><strong>excedit</strong></span> <span class='ocrx_word' id='word_1_474' title='bbox 1650 4345 1797 4402; x_wconf 90' lang='lat' dir='ltr'><strong>enim</strong></span> <span class='ocrx_word' id='word_1_475' title='bbox 1820 4344 2119 4403; x_wconf 85' lang='lat' dir='ltr'><strong>humanam</strong></span> <span class='ocrx_word' id='word_1_476' title='bbox 2144 4346 2366 4418; x_wconf 87' lang='lat' dir='ltr'><strong>capaci·</strong></span> 
     </span>
     <span class='ocr_line' id='line_1_60' title="bbox 765 4434 2364 4509; baseline 0 -16"><span class='ocrx_word' id='word_1_477' title='bbox 765 4442 960 4507; x_wconf 88' lang='lat' dir='ltr'><strong>tatem,</strong></span> <span class='ocrx_word' id='word_1_478' title='bbox 1002 4436 1133 4509; x_wconf 89' lang='lat' dir='ltr'><strong>quia</strong></span> <span class='ocrx_word' id='word_1_479' title='bbox 1173 4449 1333 4493; x_wconf 90' lang='lat' dir='ltr'><strong>nemo</strong></span> <span class='ocrx_word' id='word_1_480' title='bbox 1370 4440 1549 4507; x_wconf 82' lang='lat' dir='ltr'><strong>potest</strong></span> <span class='ocrx_word' id='word_1_481' title='bbox 1586 4434 1886 4493; x_wconf 86' lang='lat' dir='ltr'><strong>efficaciter</strong></span> <span class='ocrx_word' id='word_1_482' title='bbox 1925 4452 2147 4495; x_wconf 85' lang='lat' dir='ltr'><strong>movere</strong></span> <span class='ocrx_word' id='word_1_483' title='bbox 2189 4436 2364 4493; x_wconf 89' lang='lat' dir='ltr'><strong>homi·</strong></span> 
     </span>
     <span class='ocr_line' id='line_1_61' title="bbox 762 4523 2364 4598; baseline 0 -14"><span class='ocrx_word' id='word_1_484' title='bbox 762 4542 891 4584; x_wconf 87' lang='lat' dir='ltr'><strong>nem</strong></span> <span class='ocrx_word' id='word_1_485' title='bbox 917 4524 987 4583; x_wconf 91' lang='lat' dir='ltr'><strong>ad</strong></span> <span class='ocrx_word' id='word_1_486' title='bbox 1012 4528 1173 4581; x_wconf 83' lang='lat' dir='ltr'><strong>tinem</strong></span> <span class='ocrx_word' id='word_1_487' title='bbox 1200 4523 1705 4596; x_wconf 87' lang='lat' dir='ltr'><strong>supernaturalem,</strong></span> <span class='ocrx_word' id='word_1_488' title='bbox 1735 4524 1837 4580; x_wconf 90' lang='lat' dir='ltr'><strong>nisi</strong></span> <span class='ocrx_word' id='word_1_489' title='bbox 1864 4524 2018 4581; x_wconf 85' lang='lat' dir='ltr'><strong>solus</strong></span> <span class='ocrx_word' id='word_1_490' title='bbox 2040 4529 2207 4598; x_wconf 80' lang='lat' dir='ltr'><strong>Deus3</strong></span> <span class='ocrx_word' id='word_1_491' title='bbox 2231 4542 2364 4598; x_wconf 85' lang='lat' dir='ltr'><strong>ergo</strong></span> 
     </span>
     <span class='ocr_line' id='line_1_62' title="bbox 764 4614 2358 4692; baseline -0.001 -19"><span class='ocrx_word' id='word_1_492' title='bbox 764 4634 867 4675; x_wconf 90' lang='lat' dir='ltr'><strong>nec</strong></span> <span class='ocrx_word' id='word_1_493' title='bbox 897 4616 1046 4689; x_wconf 88' lang='lat' dir='ltr'><strong>leges</strong></span> <span class='ocrx_word' id='word_1_494' title='bbox 1073 4614 1311 4672; x_wconf 86' lang='lat' dir='ltr'><strong>condere</strong></span> <span class='ocrx_word' id='word_1_495' title='bbox 1332 4658 1345 4685; x_wconf 94' lang='lat'><strong>,</strong></span> <span class='ocrx_word' id='word_1_496' title='bbox 1376 4630 1519 4688; x_wconf 90' lang='lat' dir='ltr'><strong>quae</strong></span> <span class='ocrx_word' id='word_1_497' title='bbox 1563 4614 1631 4672; x_wconf 88' lang='lat' dir='ltr'><strong>ad</strong></span> <span class='ocrx_word' id='word_1_498' title='bbox 1660 4614 1813 4671; x_wconf 88' lang='lat' dir='ltr'><strong>illum</strong></span> <span class='ocrx_word' id='word_1_499' title='bbox 1842 4614 2001 4692; x_wconf 79' lang='lat' dir='ltr'><strong>linem</strong></span> <span class='ocrx_word' id='word_1_500' title='bbox 2032 4614 2358 4687; x_wconf 82' lang='lat' dir='ltr'><strong>perducant3</strong></span> 
     </span>
     <span class='ocr_line' id='line_1_63' title="bbox 766 4702 2366 4777; baseline -0.002 -14"><span class='ocrx_word' id='word_1_501' title='bbox 766 4723 891 4763; x_wconf 89' lang='lat' dir='ltr'><strong>nam</strong></span> <span class='ocrx_word' id='word_1_502' title='bbox 918 4704 1161 4763; x_wconf 85' lang='lat' dir='ltr'><strong>eiusdem</strong></span> <span class='ocrx_word' id='word_1_503' title='bbox 1190 4711 1275 4761; x_wconf 86' lang='lat' dir='ltr'><strong>est</strong></span> <span class='ocrx_word' id='word_1_504' title='bbox 1296 4704 1437 4761; x_wconf 86' lang='lat' dir='ltr'><strong>serre</strong></span> <span class='ocrx_word' id='word_1_505' title='bbox 1466 4704 1613 4777; x_wconf 88' lang='lat' dir='ltr'><strong>leges</strong></span> <span class='ocrx_word' id='word_1_506' title='bbox 1636 4704 1914 4762; x_wconf 87' lang='lat' dir='ltr'><strong>ordinatas</strong></span> <span class='ocrx_word' id='word_1_507' title='bbox 1943 4702 2014 4763; x_wconf 86' lang='lat' dir='ltr'><strong>ad</strong></span> <span class='ocrx_word' id='word_1_508' title='bbox 2039 4704 2278 4777; x_wconf 89' lang='lat' dir='ltr'><strong>aliquem</strong></span> <span class='ocrx_word' id='word_1_509' title='bbox 2305 4705 2366 4760; x_wconf 83' lang='lat' dir='ltr'><strong>fi·</strong></span> 
     </span>
     <span class='ocr_line' id='line_1_64' title="bbox 766 4793 2360 4868; baseline -0.002 -15"><span class='ocrx_word' id='word_1_510' title='bbox 766 4814 889 4855; x_wconf 88' lang='lat' dir='ltr'><strong>nem</strong></span> <span class='ocrx_word' id='word_1_511' title='bbox 911 4840 925 4868; x_wconf 90' lang='lat'><strong>,</strong></span> <span class='ocrx_word' id='word_1_512' title='bbox 950 4796 1113 4854; x_wconf 89' lang='lat' dir='ltr'><strong>cuius</strong></span> <span class='ocrx_word' id='word_1_513' title='bbox 1135 4802 1221 4852; x_wconf 89' lang='lat' dir='ltr'><strong>est</strong></span> <span class='ocrx_word' id='word_1_514' title='bbox 1240 4794 1544 4852; x_wconf 80' lang='lat' dir='ltr'><strong>efficaciter</strong></span> <span class='ocrx_word' id='word_1_515' title='bbox 1571 4809 1793 4851; x_wconf 86' lang='lat' dir='ltr'><strong>movere</strong></span> <span class='ocrx_word' id='word_1_516' title='bbox 1816 4794 1869 4850; x_wconf 89' lang='lat' dir='ltr'><strong>in</strong></span> <span class='ocrx_word' id='word_1_517' title='bbox 1893 4793 2149 4851; x_wconf 87' lang='lat' dir='ltr'><strong>eumdem</strong></span> <span class='ocrx_word' id='word_1_518' title='bbox 2177 4796 2360 4851; x_wconf 85' lang='lat' dir='ltr'><strong>finem.</strong></span> 
     </span>
     <span class='ocr_line' id='line_1_65' title="bbox 844 4884 2366 4957; baseline -0.004 -10"><span class='ocrx_word' id='word_1_519' title='bbox 844 4894 897 4947; x_wconf 85' lang='grc'><strong>3.</strong></span> <span class='ocrx_word' id='word_1_520' title='bbox 930 4884 1234 4944; x_wconf 84' lang='lat' dir='ltr'><strong>Dicendum</strong></span> <span class='ocrx_word' id='word_1_521' title='bbox 1263 4900 1389 4941; x_wconf 84' lang='lat' dir='ltr'><strong>vero</strong></span> <span class='ocrx_word' id='word_1_522' title='bbox 1421 4891 1508 4942; x_wconf 86' lang='lat' dir='ltr'><strong>est</strong></span> <span class='ocrx_word' id='word_1_523' title='bbox 1532 4885 1747 4957; x_wconf 88' lang='lat' dir='ltr'><strong>primo,</strong></span> <span class='ocrx_word' id='word_1_524' title='bbox 1774 4900 1895 4941; x_wconf 87' lang='lat' dir='ltr'><strong>esse</strong></span> <span class='ocrx_word' id='word_1_525' title='bbox 1918 4884 1969 4941; x_wconf 89' lang='lat' dir='ltr'><strong>in</strong></span> <span class='ocrx_word' id='word_1_526' title='bbox 1998 4884 2252 4941; x_wconf 86' lang='lat' dir='ltr'><strong>Ecclesia</strong></span> <span class='ocrx_word' id='word_1_527' title='bbox 2272 4898 2366 4956; x_wconf 90' lang='lat' dir='ltr'><strong>pe-</strong></span> 
     </span>
     <span class='ocr_line' id='line_1_66' title="bbox 766 4973 2365 5049; baseline -0.003 -13"><span class='ocrx_word' id='word_1_528' title='bbox 766 4978 1029 5035; x_wconf 86' lang='lat' dir='ltr'><strong>culiarem</strong></span> <span class='ocrx_word' id='word_1_529' title='bbox 1070 4981 1399 5049; x_wconf 89' lang='lat' dir='ltr'><strong>potestatem</strong></span> <span class='ocrx_word' id='word_1_530' title='bbox 1438 4973 1505 5031; x_wconf 88' lang='lat' dir='ltr'><strong>ad</strong></span> <span class='ocrx_word' id='word_1_531' title='bbox 1549 4974 1843 5048; x_wconf 87' lang='lat' dir='ltr'><strong>regendam</strong></span> <span class='ocrx_word' id='word_1_532' title='bbox 1868 4981 1927 5031; x_wconf 88' lang='lat' dir='ltr'><strong>et</strong></span> <span class='ocrx_word' id='word_1_533' title='bbox 1951 4974 2365 5049; x_wconf 79' lang='lat' dir='ltr'><strong>gubernandam</strong></span> 
     </span>
     <span class='ocr_line' id='line_1_67' title="bbox 764 5062 2366 5138; baseline -0.004 -11"><span class='ocrx_word' id='word_1_534' title='bbox 764 5068 933 5127; x_wconf 87' lang='lat' dir='ltr'><strong>illam.</strong></span> <span class='ocrx_word' id='word_1_535' title='bbox 966 5067 1111 5123; x_wconf 84' lang='lat' dir='ltr'><strong>Haec</strong></span> <span class='ocrx_word' id='word_1_536' title='bbox 1142 5064 1368 5121; x_wconf 87' lang='lat' dir='ltr'><strong>assertio</strong></span> <span class='ocrx_word' id='word_1_537' title='bbox 1396 5071 1483 5121; x_wconf 87' lang='lat' dir='ltr'><strong>est</strong></span> <span class='ocrx_word' id='word_1_538' title='bbox 1502 5062 1570 5122; x_wconf 91' lang='lat' dir='ltr'><strong>de</strong></span> <span class='ocrx_word' id='word_1_539' title='bbox 1592 5064 1725 5133; x_wconf 82' lang='lat' dir='ltr'><strong>tide,</strong></span> <span class='ocrx_word' id='word_1_540' title='bbox 1748 5078 1890 5138; x_wconf 87' lang='lat' dir='ltr'><strong>quae</strong></span> <span class='ocrx_word' id='word_1_541' title='bbox 1918 5063 2188 5135; x_wconf 88' lang='lat' dir='ltr'><strong>probatur</strong></span> <span class='ocrx_word' id='word_1_542' title='bbox 2209 5080 2366 5136; x_wconf 89' lang='lat' dir='ltr'><strong>prae·</strong></span> 
     </span>
     <span class='ocr_line' id='line_1_68' title="bbox 768 5151 2368 5229; baseline -0.004 -14"><span class='ocrx_word' id='word_1_543' title='bbox 768 5158 932 5229; x_wconf 86' lang='lat' dir='ltr'><strong>cipue</strong></span> <span class='ocrx_word' id='word_1_544' title='bbox 960 5172 1025 5213; x_wconf 83' lang='lat' dir='ltr'><strong>ex</strong></span> <span class='ocrx_word' id='word_1_545' title='bbox 1056 5153 1237 5210; x_wconf 81' lang='lat' dir='ltr'><strong>verbis</strong></span> <span class='ocrx_word' id='word_1_546' title='bbox 1266 5152 1465 5209; x_wconf 88' lang='lat' dir='ltr'><strong>Christi</strong></span> <span class='ocrx_word' id='word_1_547' title='bbox 1495 5151 1653 5209; x_wconf 88' lang='lat' dir='ltr'><strong>dictis</strong></span> <span class='ocrx_word' id='word_1_548' title='bbox 1681 5154 1866 5223; x_wconf 88' lang='lat' dir='ltr'><strong>Petro,</strong></span> <span class='ocrx_word' id='word_1_549' title='bbox 1896 5151 2082 5209; x_wconf 69' lang='lat' dir='ltr'><strong>matth.</strong></span> <span class='ocrx_word' id='word_1_550' title='bbox 2119 5156 2204 5211; x_wconf 82' lang='lat' dir='ltr'><strong>tG:</strong></span> <span class='ocrx_word' id='word_1_551' title='bbox 2241 5152 2368 5209; x_wconf 78' lang='lat' dir='ltr'><strong>Tibi</strong></span> 
     </span>
     <span class='ocr_line' id='line_1_69' title="bbox 766 5240 2360 5321; baseline -0.007 -13"><span class='ocrx_word' id='word_1_552' title='bbox 766 5245 921 5309; x_wconf 82' lang='lat' dir='ltr'><strong>dabo</strong></span> <span class='ocrx_word' id='word_1_553' title='bbox 950 5245 1165 5315; x_wconf 82' lang='lat' dir='ltr'><strong>claves,</strong></span> <span class='ocrx_word' id='word_1_554' title='bbox 1189 5250 1245 5303; x_wconf 90' lang='lat' dir='ltr'><strong>et</strong></span> <span class='ocrx_word' id='word_1_555' title='bbox 1264 5240 1665 5319; x_wconf 72' lang='lat' dir='ltr'><strong>quodcumque</strong></span> <span class='ocrx_word' id='word_1_556' title='bbox 1687 5240 1981 5321; x_wconf 61' lang='lat' dir='ltr'><strong>ligaveris,</strong></span> <span class='ocrx_word' id='word_1_557' title='bbox 2002 5250 2111 5300; x_wconf 90' lang='lat' dir='ltr'><strong>etc.</strong></span> <span class='ocrx_word' id='word_1_558' title='bbox 2132 5249 2188 5301; x_wconf 85' lang='lat' dir='ltr'><strong>et</strong></span> <span class='ocrx_word' id='word_1_559' title='bbox 2211 5242 2360 5304; x_wconf 89' lang='lat' dir='ltr'><strong>loan.</strong></span> 
     </span>
    </p>
   </div>
   <div class='ocr_carea' id='block_1_7' title="bbox 2429 1746 4124 4509">
    <p class='ocr_par' dir='ltr' id='par_1_7' title="bbox 2429 1746 4040 2613">
     <span class='ocr_line' id='line_1_70' title="bbox 2430 1746 4038 1822; baseline -0.002 -17"><span class='ocrx_word' id='word_1_560' title='bbox 2430 1750 2575 1805; x_wconf 87' lang='lat' dir='ltr'><strong>misit</strong></span> <span class='ocrx_word' id='word_1_561' title='bbox 2615 1765 2750 1806; x_wconf 87' lang='lat' dir='ltr'><strong>suos</strong></span> <span class='ocrx_word' id='word_1_562' title='bbox 2793 1748 3070 1821; x_wconf 88' lang='lat' dir='ltr'><strong>apostolos</strong></span> <span class='ocrx_word' id='word_1_563' title='bbox 3111 1764 3243 1805; x_wconf 90' lang='lat' dir='ltr'><strong>cum</strong></span> <span class='ocrx_word' id='word_1_564' title='bbox 3284 1746 3580 1805; x_wconf 84' lang='lat' dir='ltr'><strong>sufficienti</strong></span> <span class='ocrx_word' id='word_1_565' title='bbox 3619 1746 4038 1822; x_wconf 87' lang='lat' dir='ltr'><strong>participatione</strong></span> 
     </span>
     <span class='ocr_line' id='line_1_71' title="bbox 2429 1835 4038 1911; baseline -0.002 -17"><span class='ocrx_word' id='word_1_566' title='bbox 2429 1837 2570 1895; x_wconf 88' lang='lat' dir='ltr'><strong>illius</strong></span> <span class='ocrx_word' id='word_1_567' title='bbox 2609 1840 2918 1911; x_wconf 83' lang='lat' dir='ltr'><strong>potestatis.</strong></span> <span class='ocrx_word' id='word_1_568' title='bbox 2951 1840 3204 1911; x_wconf 82' lang='lat' dir='ltr'><strong>Regnum</strong></span> <span class='ocrx_word' id='word_1_569' title='bbox 3229 1840 3374 1893; x_wconf 90' lang='lat' dir='ltr'><strong>enim</strong></span> <span class='ocrx_word' id='word_1_570' title='bbox 3402 1844 3456 1894; x_wconf 90' lang='lat' dir='ltr'><strong>et</strong></span> <span class='ocrx_word' id='word_1_571' title='bbox 3484 1837 3724 1910; x_wconf 86' lang='lat' dir='ltr'><strong>regimen</strong></span> <span class='ocrx_word' id='word_1_572' title='bbox 3754 1835 3955 1892; x_wconf 88' lang='lat' dir='ltr'><strong>Christi</strong></span> <span class='ocrx_word' id='word_1_573' title='bbox 3985 1835 4038 1889; x_wconf 90' lang='lat' dir='ltr'><strong>in</strong></span> 
     </span>
     <span class='ocr_line' id='line_1_72' title="bbox 2430 1926 4038 1987; baseline -0.004 -1"><span class='ocrx_word' id='word_1_574' title='bbox 2430 1929 2679 1987; x_wconf 86' lang='lat' dir='ltr'><strong>Ecclesia</strong></span> <span class='ocrx_word' id='word_1_575' title='bbox 2710 1928 2974 1985; x_wconf 89' lang='lat' dir='ltr'><strong>militante</strong></span> <span class='ocrx_word' id='word_1_576' title='bbox 2996 1944 3102 1985; x_wconf 90' lang='lat' dir='ltr'><strong>non</strong></span> <span class='ocrx_word' id='word_1_577' title='bbox 3132 1934 3252 1985; x_wconf 89' lang='lat' dir='ltr'><strong>erat</strong></span> <span class='ocrx_word' id='word_1_578' title='bbox 3278 1926 3574 1984; x_wconf 84' lang='lat' dir='ltr'><strong>finiendum</strong></span> <span class='ocrx_word' id='word_1_579' title='bbox 3595 1942 3726 1983; x_wconf 90' lang='lat' dir='ltr'><strong>cum</strong></span> <span class='ocrx_word' id='word_1_580' title='bbox 3757 1926 3867 1981; x_wconf 82' lang='lat' dir='ltr'><strong>vita</strong></span> <span class='ocrx_word' id='word_1_581' title='bbox 3889 1938 4038 1980; x_wconf 88' lang='lat' dir='ltr'><strong>mor-</strong></span> 
     </span>
     <span class='ocr_line' id='line_1_73' title="bbox 2429 2013 4038 2089; baseline -0.004 -13"><span class='ocrx_word' id='word_1_582' title='bbox 2429 2017 2522 2076; x_wconf 87' lang='lat' dir='ltr'><strong>tali</strong></span> <span class='ocrx_word' id='word_1_583' title='bbox 2561 2020 2708 2089; x_wconf 89' lang='lat' dir='ltr'><strong>eius,</strong></span> <span class='ocrx_word' id='word_1_584' title='bbox 2750 2023 2848 2075; x_wconf 90' lang='lat' dir='ltr'><strong>aut</strong></span> <span class='ocrx_word' id='word_1_585' title='bbox 2887 2032 3017 2074; x_wconf 89' lang='lat' dir='ltr'><strong>cum</strong></span> <span class='ocrx_word' id='word_1_586' title='bbox 3047 2018 3348 2088; x_wconf 89' lang='lat' dir='ltr'><strong>praesentia</strong></span> <span class='ocrx_word' id='word_1_587' title='bbox 3377 2015 3568 2073; x_wconf 86' lang='lat' dir='ltr'><strong>visibili</strong></span> <span class='ocrx_word' id='word_1_588' title='bbox 3592 2023 3650 2073; x_wconf 89' lang='lat' dir='ltr'><strong>et</strong></span> <span class='ocrx_word' id='word_1_589' title='bbox 3679 2013 3954 2087; x_wconf 89' lang='lat' dir='ltr'><strong>corporali</strong></span> <span class='ocrx_word' id='word_1_590' title='bbox 3984 2015 4038 2069; x_wconf 92' lang='lat' dir='ltr'><strong>in</strong></span> 
     </span>
     <span class='ocr_line' id='line_1_74' title="bbox 2431 2103 4034 2179; baseline -0.004 -13"><span class='ocrx_word' id='word_1_591' title='bbox 2431 2108 2632 2177; x_wconf 89' lang='lat' dir='ltr'><strong>terris,</strong></span> <span class='ocrx_word' id='word_1_592' title='bbox 2675 2106 2772 2163; x_wconf 87' lang='lat' dir='ltr'><strong>sed</strong></span> <span class='ocrx_word' id='word_1_593' title='bbox 2813 2113 3082 2179; x_wconf 87' lang='lat' dir='ltr'><strong>perpetuo</strong></span> <span class='ocrx_word' id='word_1_594' title='bbox 3121 2113 3240 2163; x_wconf 88' lang='lat' dir='ltr'><strong>erat</strong></span> <span class='ocrx_word' id='word_1_595' title='bbox 3278 2106 3612 2163; x_wconf 87' lang='lat' dir='ltr'><strong>duraturum</strong></span> <span class='ocrx_word' id='word_1_596' title='bbox 3635 2148 3649 2176; x_wconf 90' lang='lat'><strong>,</strong></span> <span class='ocrx_word' id='word_1_597' title='bbox 3681 2107 3834 2162; x_wconf 82' lang='lat' dir='ltr'><strong>iuxta</strong></span> <span class='ocrx_word' id='word_1_598' title='bbox 3875 2103 4034 2160; x_wconf 86' lang='lat' dir='ltr'><strong>illud:</strong></span> 
     </span>
     <span class='ocr_line' id='line_1_75' title="bbox 2432 2194 4040 2270; baseline -0.005 -15"><span class='ocrx_word' id='word_1_599' title='bbox 2432 2198 2617 2255; x_wconf 78' lang='lat' dir='ltr'><strong>Dabit</strong></span> <span class='ocrx_word' id='word_1_600' title='bbox 2652 2194 2748 2253; x_wconf 80' lang='lat' dir='ltr'><strong>illi</strong></span> <span class='ocrx_word' id='word_1_601' title='bbox 2784 2198 3077 2253; x_wconf 80' lang='lat' dir='ltr'><strong>Dominus</strong></span> <span class='ocrx_word' id='word_1_602' title='bbox 3103 2194 3299 2252; x_wconf 85' lang='lat' dir='ltr'><strong>sedem</strong></span> <span class='ocrx_word' id='word_1_603' title='bbox 3327 2195 3530 2254; x_wconf 84' lang='lat' dir='ltr'><strong>David</strong></span> <span class='ocrx_word' id='word_1_604' title='bbox 3563 2198 3762 2270; x_wconf 79' lang='lat' dir='ltr'><strong>patris</strong></span> <span class='ocrx_word' id='word_1_605' title='bbox 3789 2196 3945 2259; x_wconf 72' lang='lat' dir='ltr'><strong>eius,</strong></span> <span class='ocrx_word' id='word_1_606' title='bbox 3982 2196 4040 2248; x_wconf 76' lang='lat' dir='ltr'><strong>et</strong></span> 
     </span>
     <span class='ocr_line' id='line_1_76' title="bbox 2431 2284 4038 2363; baseline -0.001 -22"><span class='ocrx_word' id='word_1_607' title='bbox 2431 2285 2704 2360; x_wconf 62' lang='lat' dir='ltr'><strong>regnabit</strong></span> <span class='ocrx_word' id='word_1_608' title='bbox 2743 2288 2810 2343; x_wconf 78' lang='lat' dir='ltr'><strong>in</strong></span> <span class='ocrx_word' id='word_1_609' title='bbox 2851 2291 3186 2363; x_wconf 66' lang='lat' dir='ltr'><strong>oeternum,</strong></span> <span class='ocrx_word' id='word_1_610' title='bbox 3221 2287 3360 2343; x_wconf 87' lang='lat' dir='ltr'><strong>Luc.</strong></span> <span class='ocrx_word' id='word_1_611' title='bbox 3401 2292 3450 2343; x_wconf 93' lang='grc'><strong>1.</strong></span> <span class='ocrx_word' id='word_1_612' title='bbox 3482 2286 3626 2359; x_wconf 91' lang='lat' dir='ltr'><strong>Ergo</strong></span> <span class='ocrx_word' id='word_1_613' title='bbox 3653 2284 4038 2342; x_wconf 86' lang='lat' dir='ltr'><strong>necessarium</strong></span> 
     </span>
     <span class='ocr_line' id='line_1_77' title="bbox 2432 2373 4038 2448; baseline -0.003 -16"><span class='ocrx_word' id='word_1_614' title='bbox 2432 2376 2533 2433; x_wconf 82' lang='lat' dir='ltr'><strong>suit</strong></span> <span class='ocrx_word' id='word_1_615' title='bbox 2554 2418 2568 2445; x_wconf 91' lang='lat'><strong>,</strong></span> <span class='ocrx_word' id='word_1_616' title='bbox 2599 2383 2662 2432; x_wconf 93' lang='lat' dir='ltr'><strong>ut</strong></span> <span class='ocrx_word' id='word_1_617' title='bbox 2689 2375 3027 2448; x_wconf 87' lang='lat' dir='ltr'><strong>relinqueret</strong></span> <span class='ocrx_word' id='word_1_618' title='bbox 3063 2375 3114 2431; x_wconf 89' lang='lat' dir='ltr'><strong>in</strong></span> <span class='ocrx_word' id='word_1_619' title='bbox 3152 2376 3314 2432; x_wconf 87' lang='lat' dir='ltr'><strong>terris</strong></span> <span class='ocrx_word' id='word_1_620' title='bbox 3353 2380 3680 2446; x_wconf 87' lang='lat' dir='ltr'><strong>potestatem</strong></span> <span class='ocrx_word' id='word_1_621' title='bbox 3705 2375 3884 2431; x_wconf 88' lang='lat' dir='ltr'><strong>vicem</strong></span> <span class='ocrx_word' id='word_1_622' title='bbox 3914 2373 4038 2428; x_wconf 87' lang='lat' dir='ltr'><strong>eius</strong></span> 
     </span>
     <span class='ocr_line' id='line_1_78' title="bbox 2429 2464 4036 2539; baseline -0.002 -16"><span class='ocrx_word' id='word_1_623' title='bbox 2429 2472 2733 2535; x_wconf 87' lang='lat' dir='ltr'><strong>tenentem,</strong></span> <span class='ocrx_word' id='word_1_624' title='bbox 2777 2480 2873 2537; x_wconf 90' lang='lat' dir='ltr'><strong>per</strong></span> <span class='ocrx_word' id='word_1_625' title='bbox 2913 2480 3082 2538; x_wconf 87' lang='lat' dir='ltr'><strong>quam</strong></span> <span class='ocrx_word' id='word_1_626' title='bbox 3121 2464 3224 2521; x_wconf 91' lang='lat' dir='ltr'><strong>hoc</strong></span> <span class='ocrx_word' id='word_1_627' title='bbox 3255 2464 3496 2539; x_wconf 88' lang='lat' dir='ltr'><strong>regimen</strong></span> <span class='ocrx_word' id='word_1_628' title='bbox 3525 2464 3810 2537; x_wconf 86' lang='lat' dir='ltr'><strong>spirituale</strong></span> <span class='ocrx_word' id='word_1_629' title='bbox 3837 2477 4036 2535; x_wconf 88' lang='lat' dir='ltr'><strong>perpe-</strong></span> 
     </span>
     <span class='ocr_line' id='line_1_79' title="bbox 2432 2554 2808 2613; baseline -0.003 -1"><span class='ocrx_word' id='word_1_630' title='bbox 2432 2562 2528 2613; x_wconf 88' lang='lat' dir='ltr'><strong>tuo</strong></span> <span class='ocrx_word' id='word_1_631' title='bbox 2559 2554 2808 2612; x_wconf 89' lang='lat' dir='ltr'><strong>duraret.</strong></span> 
     </span>
    </p>

    <p class='ocr_par' dir='ltr' id='par_1_8' title="bbox 2431 2642 4124 4509">
     <span class='ocr_line' id='line_1_80' title="bbox 2507 2642 4040 2716; baseline -0.003 -14"><span class='ocrx_word' id='word_1_632' title='bbox 2507 2642 2760 2702; x_wconf 91' lang='lat' dir='ltr'><strong>Secundo</strong></span> <span class='ocrx_word' id='word_1_633' title='bbox 2788 2642 3153 2716; x_wconf 84' lang='lat' dir='ltr'><strong>principaliter</strong></span> <span class='ocrx_word' id='word_1_634' title='bbox 3184 2643 3292 2701; x_wconf 91' lang='lat' dir='ltr'><strong>hoc</strong></span> <span class='ocrx_word' id='word_1_635' title='bbox 3335 2643 3604 2715; x_wconf 85' lang='lat' dir='ltr'><strong>probatur</strong></span> <span class='ocrx_word' id='word_1_636' title='bbox 3629 2658 3698 2701; x_wconf 84' lang='lat' dir='ltr'><strong>ex</strong></span> <span class='ocrx_word' id='word_1_637' title='bbox 3729 2658 3836 2699; x_wconf 91' lang='lat' dir='ltr'><strong>usu</strong></span> <span class='ocrx_word' id='word_1_638' title='bbox 3865 2642 4040 2699; x_wconf 86' lang='lat' dir='ltr'><strong>huius</strong></span> 
     </span>
     <span class='ocr_line' id='line_1_81' title="bbox 2432 2732 4038 2805; baseline -0.001 -15"><span class='ocrx_word' id='word_1_639' title='bbox 2432 2735 2740 2805; x_wconf 87' lang='lat' dir='ltr'><strong>potestatis.</strong></span> <span class='ocrx_word' id='word_1_640' title='bbox 2773 2733 2910 2791; x_wconf 89' lang='lat' dir='ltr'><strong>Nam</strong></span> <span class='ocrx_word' id='word_1_641' title='bbox 2951 2732 3161 2805; x_wconf 86' lang='lat' dir='ltr'><strong>primus</strong></span> <span class='ocrx_word' id='word_1_642' title='bbox 3202 2738 3364 2790; x_wconf 87' lang='lat' dir='ltr'><strong>actus</strong></span> <span class='ocrx_word' id='word_1_643' title='bbox 3391 2732 3560 2791; x_wconf 88' lang='lat' dir='ltr'><strong>huius</strong></span> <span class='ocrx_word' id='word_1_644' title='bbox 3587 2732 3905 2805; x_wconf 87' lang='lat' dir='ltr'><strong>potestatis,</strong></span> <span class='ocrx_word' id='word_1_645' title='bbox 3935 2733 4038 2804; x_wconf 88' lang='lat' dir='ltr'><strong>qui</strong></span> 
     </span>
     <span class='ocr_line' id='line_1_82' title="bbox 2433 2822 4038 2895; baseline -0.002 -15"><span class='ocrx_word' id='word_1_646' title='bbox 2433 2824 2483 2880; x_wconf 90' lang='lat' dir='ltr'><strong>in</strong></span> <span class='ocrx_word' id='word_1_647' title='bbox 2508 2823 2798 2895; x_wconf 90' lang='lat' dir='ltr'><strong>Scriptura</strong></span> <span class='ocrx_word' id='word_1_648' title='bbox 2817 2822 3046 2895; x_wconf 84' lang='lat' dir='ltr'><strong>legitur,</strong></span> <span class='ocrx_word' id='word_1_649' title='bbox 3074 2823 3293 2881; x_wconf 85' lang='lat' dir='ltr'><strong>videtur</strong></span> <span class='ocrx_word' id='word_1_650' title='bbox 3315 2822 3484 2879; x_wconf 79' lang='lat' dir='ltr'><strong>ruisse</strong></span> <span class='ocrx_word' id='word_1_651' title='bbox 3505 2822 3792 2880; x_wconf 86' lang='lat' dir='ltr'><strong>decretum</strong></span> <span class='ocrx_word' id='word_1_652' title='bbox 3812 2828 4038 2893; x_wconf 89' lang='lat' dir='ltr'><strong>aposto-</strong></span> 
     </span>
     <span class='ocr_line' id='line_1_83' title="bbox 2432 2912 4036 2986; baseline -0.002 -17"><span class='ocrx_word' id='word_1_653' title='bbox 2432 2913 2600 2970; x_wconf 89' lang='lat' dir='ltr'><strong>licum</strong></span> <span class='ocrx_word' id='word_1_654' title='bbox 2629 2914 2820 2969; x_wconf 77' lang='lat' dir='ltr'><strong>Actor.</strong></span> <span class='ocrx_word' id='word_1_655' title='bbox 2863 2916 2958 2969; x_wconf 75' lang='lat'><strong>15:</strong></span> <span class='ocrx_word' id='word_1_656' title='bbox 2989 2912 3196 2969; x_wconf 78' lang='lat' dir='ltr'><strong>Visum</strong></span> <span class='ocrx_word' id='word_1_657' title='bbox 3219 2916 3308 2969; x_wconf 81' lang='lat' dir='ltr'><strong>est</strong></span> <span class='ocrx_word' id='word_1_658' title='bbox 3334 2914 3594 2986; x_wconf 75' lang='lat' dir='ltr'><strong>Spiritui</strong></span> <span class='ocrx_word' id='word_1_659' title='bbox 3621 2916 3832 2969; x_wconf 74' lang='lat' dir='ltr'><strong>sancto</strong></span> <span class='ocrx_word' id='word_1_660' title='bbox 3849 2916 3908 2967; x_wconf 77' lang='lat' dir='ltr'><strong>et</strong></span> <span class='ocrx_word' id='word_1_661' title='bbox 3929 2927 4036 2966; x_wconf 74' lang='lat' dir='ltr'><strong>no·</strong></span> 
     </span>
     <span class='ocr_line' id='line_1_84' title="bbox 2433 3000 4037 3075; baseline -0.002 -16"><span class='ocrx_word' id='word_1_662' title='bbox 2433 3003 2538 3070; x_wconf 86' lang='lat' dir='ltr'><strong>bis,</strong></span> <span class='ocrx_word' id='word_1_663' title='bbox 2571 3002 2722 3061; x_wconf 75' lang='lat' dir='ltr'><strong>nihil</strong></span> <span class='ocrx_word' id='word_1_664' title='bbox 2743 3001 2913 3074; x_wconf 67' lang='lat' dir='ltr'><strong>ultra</strong></span> <span class='ocrx_word' id='word_1_665' title='bbox 2933 3004 3237 3075; x_wconf 76' lang='lat' dir='ltr'><strong>imponere</strong></span> <span class='ocrx_word' id='word_1_666' title='bbox 3257 3001 3417 3059; x_wconf 81' lang='lat' dir='ltr'><strong>vobis</strong></span> <span class='ocrx_word' id='word_1_667' title='bbox 3439 3006 3652 3064; x_wconf 79' lang='lat' dir='ltr'><strong>oneris.</strong></span> <span class='ocrx_word' id='word_1_668' title='bbox 3679 3017 3864 3075; x_wconf 68' lang='lat' dir='ltr'><strong>quam</strong></span> <span class='ocrx_word' id='word_1_669' title='bbox 3881 3000 4037 3059; x_wconf 69' lang='lat' dir='ltr'><strong>haec</strong></span> 
     </span>
     <span class='ocr_line' id='line_1_85' title="bbox 2433 3089 4036 3159; baseline -0.005 -8"><span class='ocrx_word' id='word_1_670' title='bbox 2433 3095 2814 3159; x_wconf 81' lang='lat' dir='ltr'><strong>necessaria,</strong></span> <span class='ocrx_word' id='word_1_671' title='bbox 2862 3094 2930 3149; x_wconf 72' lang='lat' dir='ltr'><strong>ut</strong></span> <span class='ocrx_word' id='word_1_672' title='bbox 2967 3090 3340 3151; x_wconf 76' lang='lat' dir='ltr'><strong>abstineatis.</strong></span> <span class='ocrx_word' id='word_1_673' title='bbox 3383 3091 3487 3150; x_wconf 86' lang='lat' dir='ltr'><strong>Ubi</strong></span> <span class='ocrx_word' id='word_1_674' title='bbox 3525 3089 3638 3148; x_wconf 91' lang='lat' dir='ltr'><strong>duo</strong></span> <span class='ocrx_word' id='word_1_675' title='bbox 3677 3091 4036 3147; x_wconf 84' lang='lat' dir='ltr'><strong>continentur</strong></span> 
     </span>
     <span class='ocr_line' id='line_1_86' title="bbox 2433 3178 4035 3254; baseline -0.002 -15"><span class='ocrx_word' id='word_1_676' title='bbox 2433 3182 2672 3239; x_wconf 89' lang='lat' dir='ltr'><strong>humana</strong></span> <span class='ocrx_word' id='word_1_677' title='bbox 2715 3188 3014 3254; x_wconf 84' lang='lat' dir='ltr'><strong>praecepta</strong></span> <span class='ocrx_word' id='word_1_678' title='bbox 3052 3183 3353 3250; x_wconf 78' lang='lat' dir='ltr'><strong>canonica,</strong></span> <span class='ocrx_word' id='word_1_679' title='bbox 3387 3198 3558 3239; x_wconf 84' lang='lat' dir='ltr'><strong>unum</strong></span> <span class='ocrx_word' id='word_1_680' title='bbox 3585 3182 3873 3253; x_wconf 86' lang='lat' dir='ltr'><strong>imponens</strong></span> <span class='ocrx_word' id='word_1_681' title='bbox 3901 3178 4035 3237; x_wconf 88' lang='lat' dir='ltr'><strong>illud</strong></span> 
     </span>
     <span class='ocr_line' id='line_1_87' title="bbox 2433 3267 4040 3344; baseline -0.003 -15"><span class='ocrx_word' id='word_1_682' title='bbox 2433 3288 2573 3329; x_wconf 88' lang='lat' dir='ltr'><strong>onus</strong></span> <span class='ocrx_word' id='word_1_683' title='bbox 2603 3278 2667 3328; x_wconf 89' lang='lat' dir='ltr'><strong>ut</strong></span> <span class='ocrx_word' id='word_1_684' title='bbox 2691 3272 3064 3329; x_wconf 87' lang='lat' dir='ltr'><strong>necessarium</strong></span> <span class='ocrx_word' id='word_1_685' title='bbox 3083 3312 3097 3339; x_wconf 90' lang='lat'><strong>,</strong></span> <span class='ocrx_word' id='word_1_686' title='bbox 3121 3286 3266 3344; x_wconf 88' lang='lat' dir='ltr'><strong>quae</strong></span> <span class='ocrx_word' id='word_1_687' title='bbox 3294 3270 3408 3329; x_wconf 89' lang='lat' dir='ltr'><strong>duo</strong></span> <span class='ocrx_word' id='word_1_688' title='bbox 3438 3270 3604 3329; x_wconf 88' lang='lat' dir='ltr'><strong>verba</strong></span> <span class='ocrx_word' id='word_1_689' title='bbox 3622 3268 3772 3327; x_wconf 88' lang='lat' dir='ltr'><strong>clare</strong></span> <span class='ocrx_word' id='word_1_690' title='bbox 3792 3267 4040 3325; x_wconf 85' lang='lat' dir='ltr'><strong>indicant</strong></span> 
     </span>
     <span class='ocr_line' id='line_1_88' title="bbox 2433 3358 4036 3433; baseline -0.002 -16"><span class='ocrx_word' id='word_1_691' title='bbox 2433 3360 2854 3433; x_wconf 86' lang='lat' dir='ltr'><strong>prohibitionem</strong></span> <span class='ocrx_word' id='word_1_692' title='bbox 2895 3360 3000 3417; x_wconf 89' lang='lat' dir='ltr'><strong>sub</strong></span> <span class='ocrx_word' id='word_1_693' title='bbox 3039 3366 3357 3431; x_wconf 80' lang='lat' dir='ltr'><strong>praecepto.</strong></span> <span class='ocrx_word' id='word_1_694' title='bbox 3404 3359 3566 3418; x_wconf 78' lang='lat' dir='ltr'><strong>Aliud</strong></span> <span class='ocrx_word' id='word_1_695' title='bbox 3608 3374 3734 3417; x_wconf 86' lang='lat' dir='ltr'><strong>vero</strong></span> <span class='ocrx_word' id='word_1_696' title='bbox 3773 3358 3908 3430; x_wconf 79' lang='lat' dir='ltr'><strong>suit,</strong></span> <span class='ocrx_word' id='word_1_697' title='bbox 3949 3358 4036 3415; x_wconf 83' lang='lat' dir='ltr'><strong>vel</strong></span> 
     </span>
     <span class='ocr_line' id='line_1_89' title="bbox 2431 3447 4034 3523; baseline -0.004 -13"><span class='ocrx_word' id='word_1_698' title='bbox 2431 3449 2858 3523; x_wconf 75' lang='lat' dir='ltr'><strong>declarativum,</strong></span> <span class='ocrx_word' id='word_1_699' title='bbox 2898 3447 2980 3508; x_wconf 88' lang='lat' dir='ltr'><strong>vel</strong></span> <span class='ocrx_word' id='word_1_700' title='bbox 3021 3449 3475 3520; x_wconf 84' lang='lat' dir='ltr'><strong>constitutivum,</strong></span> <span class='ocrx_word' id='word_1_701' title='bbox 3525 3457 3589 3507; x_wconf 88' lang='lat' dir='ltr'><strong>ut</strong></span> <span class='ocrx_word' id='word_1_702' title='bbox 3626 3464 3693 3507; x_wconf 84' lang='lat' dir='ltr'><strong>ex</strong></span> <span class='ocrx_word' id='word_1_703' title='bbox 3735 3456 3872 3507; x_wconf 85' lang='lat' dir='ltr'><strong>tunc</strong></span> <span class='ocrx_word' id='word_1_704' title='bbox 3902 3447 4034 3504; x_wconf 84' lang='lat' dir='ltr'><strong>nihil</strong></span> 
     </span>
     <span class='ocr_line' id='line_1_90' title="bbox 2431 3538 4036 3615; baseline -0.002 -17"><span class='ocrx_word' id='word_1_705' title='bbox 2431 3540 2580 3604; x_wconf 76' lang='lat' dir='ltr'><strong>aliud</strong></span> <span class='ocrx_word' id='word_1_706' title='bbox 2619 3538 3014 3597; x_wconf 83' lang='lat' dir='ltr'><strong>caeremoniale</strong></span> <span class='ocrx_word' id='word_1_707' title='bbox 3055 3538 3188 3611; x_wconf 81' lang='lat' dir='ltr'><strong>legis</strong></span> <span class='ocrx_word' id='word_1_708' title='bbox 3230 3540 3400 3615; x_wconf 70' lang='lat' dir='ltr'><strong>Moysi</strong></span> <span class='ocrx_word' id='word_1_709' title='bbox 3434 3538 3825 3599; x_wconf 81' lang='lat' dir='ltr'><strong>observaretur</strong></span> <span class='ocrx_word' id='word_1_710' title='bbox 3853 3545 3917 3595; x_wconf 89' lang='lat' dir='ltr'><strong>ut</strong></span> <span class='ocrx_word' id='word_1_711' title='bbox 3941 3553 4036 3594; x_wconf 85' lang='lat' dir='ltr'><strong>ne·</strong></span> 
     </span>
     <span class='ocr_line' id='line_1_91' title="bbox 2434 3626 4032 3699; baseline -0.001 -14"><span class='ocrx_word' id='word_1_712' title='bbox 2434 3629 2736 3685; x_wconf 85' lang='lat' dir='ltr'><strong>cessarium</strong></span> <span class='ocrx_word' id='word_1_713' title='bbox 2775 3644 2937 3685; x_wconf 85' lang='lat' dir='ltr'><strong>onus.</strong></span> <span class='ocrx_word' id='word_1_714' title='bbox 2977 3628 3049 3684; x_wconf 91' lang='lat' dir='ltr'><strong>Et</strong></span> <span class='ocrx_word' id='word_1_715' title='bbox 3077 3628 3130 3683; x_wconf 91' lang='lat' dir='ltr'><strong>in</strong></span> <span class='ocrx_word' id='word_1_716' title='bbox 3159 3628 3261 3685; x_wconf 82' lang='lat' dir='ltr'><strong>tine</strong></span> <span class='ocrx_word' id='word_1_717' title='bbox 3291 3628 3490 3699; x_wconf 88' lang='lat' dir='ltr'><strong>capitis</strong></span> <span class='ocrx_word' id='word_1_718' title='bbox 3519 3626 3722 3684; x_wconf 89' lang='lat' dir='ltr'><strong>dicitur</strong></span> <span class='ocrx_word' id='word_1_719' title='bbox 3745 3626 3812 3683; x_wconf 89' lang='lat' dir='ltr'><strong>de</strong></span> <span class='ocrx_word' id='word_1_720' title='bbox 3839 3627 4032 3684; x_wconf 89' lang='lat' dir='ltr'><strong>Paulo:</strong></span> 
     </span>
     <span class='ocr_line' id='line_1_92' title="bbox 2431 3714 4038 3797; baseline -0.002 -22"><span class='ocrx_word' id='word_1_721' title='bbox 2431 3714 2904 3797; x_wconf 66' lang='lat' dir='ltr'><strong>Perambulapat</strong></span> <span class='ocrx_word' id='word_1_722' title='bbox 2939 3718 3320 3791; x_wconf 77' lang='lat' dir='ltr'><strong>praecipiens</strong></span> <span class='ocrx_word' id='word_1_723' title='bbox 3365 3714 3662 3775; x_wconf 74' lang='lat' dir='ltr'><strong>custodire</strong></span> <span class='ocrx_word' id='word_1_724' title='bbox 3700 3721 4038 3793; x_wconf 81' lang='lat' dir='ltr'><strong>praecepta</strong></span> 
     </span>
     <span class='ocr_line' id='line_1_93' title="bbox 2433 3804 4038 3882; baseline -0.001 -18"><span class='ocrx_word' id='word_1_725' title='bbox 2433 3804 2834 3882; x_wconf 77' lang='lat' dir='ltr'><strong>apostolorum</strong></span> <span class='ocrx_word' id='word_1_726' title='bbox 2872 3810 2928 3862; x_wconf 79' lang='lat' dir='ltr'><strong>et</strong></span> <span class='ocrx_word' id='word_1_727' title='bbox 2967 3808 3290 3863; x_wconf 79' lang='lat' dir='ltr'><strong>seniorum.</strong></span> <span class='ocrx_word' id='word_1_728' title='bbox 3336 3809 3585 3863; x_wconf 86' lang='lat' dir='ltr'><strong>Fuerunt</strong></span> <span class='ocrx_word' id='word_1_729' title='bbox 3622 3821 3754 3879; x_wconf 86' lang='lat' dir='ltr'><strong>ergo</strong></span> <span class='ocrx_word' id='word_1_730' title='bbox 3790 3806 3882 3863; x_wconf 89' lang='lat' dir='ltr'><strong>illa</strong></span> <span class='ocrx_word' id='word_1_731' title='bbox 3907 3822 4038 3863; x_wconf 86' lang='lat' dir='ltr'><strong>vera</strong></span> 
     </span>
     <span class='ocr_line' id='line_1_94' title="bbox 2433 3894 4124 3971; baseline -0.001 -18"><span class='ocrx_word' id='word_1_732' title='bbox 2433 3903 2726 3970; x_wconf 87' lang='lat' dir='ltr'><strong>praecepta</strong></span> <span class='ocrx_word' id='word_1_733' title='bbox 2765 3896 3034 3967; x_wconf 86' lang='lat' dir='ltr'><strong>humana,</strong></span> <span class='ocrx_word' id='word_1_734' title='bbox 3077 3894 3146 3955; x_wconf 89' lang='lat' dir='ltr'><strong>de</strong></span> <span class='ocrx_word' id='word_1_735' title='bbox 3185 3898 3386 3971; x_wconf 86' lang='lat' dir='ltr'><strong>quibus</strong></span> <span class='ocrx_word' id='word_1_736' title='bbox 3427 3896 3588 3969; x_wconf 82' lang='lat' dir='ltr'><strong>plu-ra</strong></span> <span class='ocrx_word' id='word_1_737' title='bbox 3615 3896 3868 3955; x_wconf 85' lang='lat' dir='ltr'><strong>dicemus</strong></span> <span class='ocrx_word' id='word_1_738' title='bbox 3897 3896 4033 3953; x_wconf 78' lang='lat' dir='ltr'><strong>infra</strong></span> <span class='ocrx_word' id='word_1_739' title='bbox 4119 3946 4124 3951; x_wconf 91' lang='lat'><strong>.</strong></span> 
     </span>
     <span class='ocr_line' id='line_1_95' title="bbox 2434 3984 4032 4059; baseline -0.001 -16"><span class='ocrx_word' id='word_1_740' title='bbox 2434 3984 2724 4043; x_wconf 87' lang='lat' dir='ltr'><strong>tractando</strong></span> <span class='ocrx_word' id='word_1_741' title='bbox 2765 3984 2833 4043; x_wconf 88' lang='lat' dir='ltr'><strong>de</strong></span> <span class='ocrx_word' id='word_1_742' title='bbox 2875 3986 3180 4043; x_wconf 89' lang='lat' dir='ltr'><strong>cessatione</strong></span> <span class='ocrx_word' id='word_1_743' title='bbox 3219 3986 3493 4059; x_wconf 88' lang='lat' dir='ltr'><strong>legalium.</strong></span> <span class='ocrx_word' id='word_1_744' title='bbox 3533 3985 3688 4046; x_wconf 87' lang='lat' dir='ltr'><strong>Unde</strong></span> <span class='ocrx_word' id='word_1_745' title='bbox 3729 3987 4032 4056; x_wconf 87' lang='lat' dir='ltr'><strong>constabit,</strong></span> 
     </span>
     <span class='ocr_line' id='line_1_96' title="bbox 2433 4075 4032 4149; baseline -0.001 -18"><span class='ocrx_word' id='word_1_746' title='bbox 2433 4076 2569 4133; x_wconf 91' lang='lat' dir='ltr'><strong>illud</strong></span> <span class='ocrx_word' id='word_1_747' title='bbox 2609 4077 2766 4148; x_wconf 89' lang='lat' dir='ltr'><strong>prius</strong></span> <span class='ocrx_word' id='word_1_748' title='bbox 2805 4090 2916 4131; x_wconf 87' lang='lat' dir='ltr'><strong>non</strong></span> <span class='ocrx_word' id='word_1_749' title='bbox 2957 4075 3229 4148; x_wconf 86' lang='lat' dir='ltr'><strong>obligasse</strong></span> <span class='ocrx_word' id='word_1_750' title='bbox 3269 4081 3402 4133; x_wconf 91' lang='lat' dir='ltr'><strong>tunc</strong></span> <span class='ocrx_word' id='word_1_751' title='bbox 3444 4092 3514 4134; x_wconf 82' lang='lat' dir='ltr'><strong>ex</strong></span> <span class='ocrx_word' id='word_1_752' title='bbox 3553 4078 3604 4133; x_wconf 88' lang='lat' dir='ltr'><strong>vi</strong></span> <span class='ocrx_word' id='word_1_753' title='bbox 3644 4077 3774 4149; x_wconf 89' lang='lat' dir='ltr'><strong>legis</strong></span> <span class='ocrx_word' id='word_1_754' title='bbox 3813 4078 4032 4149; x_wconf 80' lang='lat' dir='ltr'><strong>veteris3</strong></span> 
     </span>
     <span class='ocr_line' id='line_1_97' title="bbox 2433 4164 4036 4239; baseline 0.002 -18"><span class='ocrx_word' id='word_1_755' title='bbox 2433 4171 2652 4221; x_wconf 82' lang='lat' dir='ltr'><strong>constat</strong></span> <span class='ocrx_word' id='word_1_756' title='bbox 2679 4172 2866 4221; x_wconf 90' lang='lat' dir='ltr'><strong>autem</strong></span> <span class='ocrx_word' id='word_1_757' title='bbox 2895 4179 3004 4220; x_wconf 89' lang='lat' dir='ltr'><strong>non</strong></span> <span class='ocrx_word' id='word_1_758' title='bbox 3034 4164 3302 4237; x_wconf 84' lang='lat' dir='ltr'><strong>obligasse</strong></span> <span class='ocrx_word' id='word_1_759' title='bbox 3327 4181 3396 4223; x_wconf 85' lang='lat' dir='ltr'><strong>ex</strong></span> <span class='ocrx_word' id='word_1_760' title='bbox 3425 4166 3645 4239; x_wconf 90' lang='lat' dir='ltr'><strong>propria</strong></span> <span class='ocrx_word' id='word_1_761' title='bbox 3673 4165 4036 4239; x_wconf 88' lang='lat' dir='ltr'><strong>prohibitione</strong></span> 
     </span>
     <span class='ocr_line' id='line_1_98' title="bbox 2433 4254 4038 4330; baseline 0.002 -18"><span class='ocrx_word' id='word_1_762' title='bbox 2433 4254 2664 4327; x_wconf 80' lang='lat' dir='ltr'><strong>Christi3</strong></span> <span class='ocrx_word' id='word_1_763' title='bbox 2697 4254 2800 4311; x_wconf 90' lang='lat' dir='ltr'><strong>l&#39;uit</strong></span> <span class='ocrx_word' id='word_1_764' title='bbox 2838 4269 2968 4327; x_wconf 88' lang='lat' dir='ltr'><strong>ergo</strong></span> <span class='ocrx_word' id='word_1_765' title='bbox 3009 4268 3110 4326; x_wconf 90' lang='lat' dir='ltr'><strong>pro</strong></span> <span class='ocrx_word' id='word_1_766' title='bbox 3153 4254 3245 4310; x_wconf 89' lang='lat' dir='ltr'><strong>illo</strong></span> <span class='ocrx_word' id='word_1_767' title='bbox 3286 4262 3528 4327; x_wconf 91' lang='lat' dir='ltr'><strong>tempore</strong></span> <span class='ocrx_word' id='word_1_768' title='bbox 3559 4255 3873 4314; x_wconf 89' lang='lat' dir='ltr'><strong>mandatum</strong></span> <span class='ocrx_word' id='word_1_769' title='bbox 3903 4273 4038 4330; x_wconf 88' lang='lat' dir='ltr'><strong>apo-</strong></span> 
     </span>
     <span class='ocr_line' id='line_1_99' title="bbox 2433 4342 4039 4420; baseline 0.004 -21"><span class='ocrx_word' id='word_1_770' title='bbox 2433 4344 2718 4401; x_wconf 88' lang='lat' dir='ltr'><strong>stolicum.</strong></span> <span class='ocrx_word' id='word_1_771' title='bbox 2749 4342 2950 4401; x_wconf 86' lang='lat' dir='ltr'><strong>Deinde</strong></span> <span class='ocrx_word' id='word_1_772' title='bbox 2979 4342 3184 4399; x_wconf 87' lang='lat' dir='ltr'><strong>Paulus</strong></span> <span class='ocrx_word' id='word_1_773' title='bbox 3212 4342 3263 4400; x_wconf 88' lang='lat' dir='ltr'><strong>in</strong></span> <span class='ocrx_word' id='word_1_774' title='bbox 3294 4343 3408 4401; x_wconf 88' lang='lat' dir='ltr'><strong>suis</strong></span> <span class='ocrx_word' id='word_1_775' title='bbox 3429 4344 3673 4415; x_wconf 88' lang='lat' dir='ltr'><strong>epistolis</strong></span> <span class='ocrx_word' id='word_1_776' title='bbox 3697 4361 3860 4420; x_wconf 85' lang='lat' dir='ltr'><strong>saepe</strong></span> <span class='ocrx_word' id='word_1_777' title='bbox 3881 4363 4039 4405; x_wconf 74' lang='lat' dir='ltr'><strong>corn-</strong></span> 
     </span>
     <span class='ocr_line' id='line_1_100' title="bbox 2435 4432 4036 4509; baseline 0 -16"><span class='ocrx_word' id='word_1_778' title='bbox 2435 4440 2706 4493; x_wconf 86' lang='lat' dir='ltr'><strong>memorat</strong></span> <span class='ocrx_word' id='word_1_779' title='bbox 2731 4438 3090 4509; x_wconf 78' lang='lat' dir='ltr'><strong>potestatem,</strong></span> <span class='ocrx_word' id='word_1_780' title='bbox 3106 4446 3274 4505; x_wconf 85' lang='lat' dir='ltr'><strong>quam</strong></span> <span class='ocrx_word' id='word_1_781' title='bbox 3300 4432 3398 4505; x_wconf 81' lang='lat' dir='ltr'><strong>ait,</strong></span> <span class='ocrx_word' id='word_1_782' title='bbox 3427 4432 3540 4491; x_wconf 81' lang='lat' dir='ltr'><strong>sibi</strong></span> <span class='ocrx_word' id='word_1_783' title='bbox 3564 4432 3798 4495; x_wconf 78' lang='lat' dir='ltr'><strong>dedisse</strong></span> <span class='ocrx_word' id='word_1_784' title='bbox 3825 4441 4036 4495; x_wconf 77' lang='lat' dir='ltr'><strong>Domi-</strong></span> 
     </span>
    </p>
   </div>
   <div class='ocr_carea' id='block_1_8' title="bbox 2433 4519 4138 4595">
    <p class='ocr_par' dir='ltr' id='par_1_9' title="bbox 2433 4519 4138 4595">
     <span class='ocr_line' id='line_1_101' title="bbox 2433 4519 4138 4595; baseline 0.001 -16"><span class='ocrx_word' id='word_1_785' title='bbox 2433 4538 2578 4579; x_wconf 76' lang='lat' dir='ltr'><strong>num</strong></span> <span class='ocrx_word' id='word_1_786' title='bbox 2601 4524 2664 4577; x_wconf 76' lang='lat' dir='ltr'><strong>in</strong></span> <span class='ocrx_word' id='word_1_787' title='bbox 2685 4519 3165 4595; x_wconf 74' lang='lat' dir='ltr'><strong>aedificationem</strong></span> <span class='ocrx_word' id='word_1_788' title='bbox 3183 4564 3197 4587; x_wconf 94' lang='lat'><strong>,</strong></span> <span class='ocrx_word' id='word_1_789' title='bbox 3227 4538 3346 4578; x_wconf 73' lang='lat' dir='ltr'><strong>non</strong></span> <span class='ocrx_word' id='word_1_790' title='bbox 3373 4526 3438 4578; x_wconf 81' lang='lat' dir='ltr'><strong>in</strong></span> <span class='ocrx_word' id='word_1_791' title='bbox 3456 4522 3939 4593; x_wconf 79' lang='lat' dir='ltr'><strong>destructionem,</strong></span> <span class='ocrx_word' id='word_1_792' title='bbox 3975 4531 4030 4583; x_wconf 84' lang='grc'><strong>2.</strong></span> <span class='ocrx_word' id='word_1_793' title='bbox 4131 4523 4138 4527; x_wconf 80' lang='grc'><strong>’</strong></span> 
     </span>
    </p>
   </div>
   <div class='ocr_carea' id='block_1_9' title="bbox 2433 4610 4046 5313">
    <p class='ocr_par' dir='ltr' id='par_1_10' title="bbox 2433 4610 4046 5313">
     <span class='ocr_line' id='line_1_102' title="bbox 2434 4610 4040 4689; baseline 0.001 -20"><span class='ocrx_word' id='word_1_794' title='bbox 2434 4611 2504 4669; x_wconf 87' lang='lat' dir='ltr'><strong>ad</strong></span> <span class='ocrx_word' id='word_1_795' title='bbox 2530 4610 2774 4668; x_wconf 87' lang='lat' dir='ltr'><strong>Corinth.</strong></span> <span class='ocrx_word' id='word_1_796' title='bbox 2813 4616 2901 4683; x_wconf 79' lang='lat'><strong>¹33</strong></span> <span class='ocrx_word' id='word_1_797' title='bbox 2932 4617 2988 4668; x_wconf 90' lang='lat' dir='ltr'><strong>et</strong></span> <span class='ocrx_word' id='word_1_798' title='bbox 3015 4616 3062 4669; x_wconf 92' lang='grc'><strong>1.</strong></span> <span class='ocrx_word' id='word_1_799' title='bbox 3089 4610 3157 4667; x_wconf 92' lang='lat' dir='ltr'><strong>ad</strong></span> <span class='ocrx_word' id='word_1_800' title='bbox 3182 4611 3429 4669; x_wconf 90' lang='lat' dir='ltr'><strong>Corinth.</strong></span> <span class='ocrx_word' id='word_1_801' title='bbox 3455 4617 3512 4671; x_wconf 73' lang='lat'><strong>4.</strong></span> <span class='ocrx_word' id='word_1_802' title='bbox 3538 4614 3862 4689; x_wconf 86' lang='lat' dir='ltr'><strong>interrogat:</strong></span> <span class='ocrx_word' id='word_1_803' title='bbox 3893 4614 4040 4671; x_wconf 77' lang='lat' dir='ltr'><strong>Vul-</strong></span> 
     </span>
     <span class='ocr_line' id='line_1_103' title="bbox 2434 4698 4041 4778; baseline -0.001 -18"><span class='ocrx_word' id='word_1_804' title='bbox 2434 4706 2529 4771; x_wconf 78' lang='lat' dir='ltr'><strong>tis,</strong></span> <span class='ocrx_word' id='word_1_805' title='bbox 2555 4706 2624 4759; x_wconf 75' lang='lat' dir='ltr'><strong>ut</strong></span> <span class='ocrx_word' id='word_1_806' title='bbox 2648 4704 2716 4757; x_wconf 82' lang='lat' dir='ltr'><strong>in</strong></span> <span class='ocrx_word' id='word_1_807' title='bbox 2740 4704 2912 4774; x_wconf 71' lang='lat' dir='ltr'><strong>viv-qa</strong></span> <span class='ocrx_word' id='word_1_808' title='bbox 2932 4703 3171 4757; x_wconf 82' lang='lat' dir='ltr'><strong>veniam</strong></span> <span class='ocrx_word' id='word_1_809' title='bbox 3203 4698 3286 4759; x_wconf 82' lang='lat' dir='ltr'><strong>ad</strong></span> <span class='ocrx_word' id='word_1_810' title='bbox 3311 4702 3448 4760; x_wconf 80' lang='lat' dir='ltr'><strong>vos?</strong></span> <span class='ocrx_word' id='word_1_811' title='bbox 3469 4702 3634 4778; x_wconf 81' lang='lat' dir='ltr'><strong>Virga</strong></span> <span class='ocrx_word' id='word_1_812' title='bbox 3660 4710 3845 4761; x_wconf 85' lang='lat' dir='ltr'><strong>autem</strong></span> <span class='ocrx_word' id='word_1_813' title='bbox 3868 4706 4041 4776; x_wconf 88' lang='lat' dir='ltr'><strong>signi-</strong></span> 
     </span>
     <span class='ocr_line' id='line_1_104' title="bbox 2433 4790 4040 4866; baseline 0.001 -18"><span class='ocrx_word' id='word_1_814' title='bbox 2433 4794 2560 4848; x_wconf 86' lang='lat' dir='ltr'><strong>ticat</strong></span> <span class='ocrx_word' id='word_1_815' title='bbox 2587 4797 2912 4864; x_wconf 87' lang='lat' dir='ltr'><strong>potestatem</strong></span> <span class='ocrx_word' id='word_1_816' title='bbox 2939 4790 3350 4863; x_wconf 85' lang='lat' dir='ltr'><strong>gubernativam</strong></span> <span class='ocrx_word' id='word_1_817' title='bbox 3375 4834 3388 4862; x_wconf 93' lang='lat'><strong>,</strong></span> <span class='ocrx_word' id='word_1_818' title='bbox 3419 4808 3562 4865; x_wconf 87' lang='lat' dir='ltr'><strong>quae</strong></span> <span class='ocrx_word' id='word_1_819' title='bbox 3591 4800 3867 4866; x_wconf 87' lang='lat' dir='ltr'><strong>quatenus</strong></span> <span class='ocrx_word' id='word_1_820' title='bbox 3893 4792 4040 4849; x_wconf 89' lang='lat' dir='ltr'><strong>dire·</strong></span> 
     </span>
     <span class='ocr_line' id='line_1_105' title="bbox 2433 4878 4040 4954; baseline -0.001 -15"><span class='ocrx_word' id='word_1_821' title='bbox 2433 4882 2582 4939; x_wconf 85' lang='lat' dir='ltr'><strong>ctiva</strong></span> <span class='ocrx_word' id='word_1_822' title='bbox 2599 4887 2718 4951; x_wconf 86' lang='lat' dir='ltr'><strong>est,</strong></span> <span class='ocrx_word' id='word_1_823' title='bbox 2743 4879 2945 4937; x_wconf 87' lang='lat' dir='ltr'><strong>dicitur</strong></span> <span class='ocrx_word' id='word_1_824' title='bbox 2965 4882 3140 4953; x_wconf 65' lang='lat' dir='ltr'><strong>virga</strong></span> <span class='ocrx_word' id='word_1_825' title='bbox 3159 4878 3514 4943; x_wconf 74' lang='lat' dir='ltr'><strong>directionis,</strong></span> <span class='ocrx_word' id='word_1_826' title='bbox 3551 4880 3745 4954; x_wconf 85' lang='lat' dir='ltr'><strong>psalm.</strong></span> <span class='ocrx_word' id='word_1_827' title='bbox 3772 4886 3868 4941; x_wconf 72' lang='lat' dir='ltr'><strong>u.</strong></span> <span class='ocrx_word' id='word_1_828' title='bbox 3889 4882 4040 4949; x_wconf 84' lang='lat' dir='ltr'><strong>Qua·</strong></span> 
     </span>
     <span class='ocr_line' id='line_1_106' title="bbox 2433 4968 4035 5044; baseline -0.001 -15"><span class='ocrx_word' id='word_1_829' title='bbox 2433 4980 2595 5029; x_wconf 87' lang='lat' dir='ltr'><strong>tenus</strong></span> <span class='ocrx_word' id='word_1_830' title='bbox 2614 4986 2744 5027; x_wconf 86' lang='lat' dir='ltr'><strong>vero</strong></span> <span class='ocrx_word' id='word_1_831' title='bbox 2763 4977 2849 5027; x_wconf 90' lang='lat' dir='ltr'><strong>est</strong></span> <span class='ocrx_word' id='word_1_832' title='bbox 2869 4972 3142 5039; x_wconf 85' lang='lat' dir='ltr'><strong>coactiva,</strong></span> <span class='ocrx_word' id='word_1_833' title='bbox 3164 4969 3370 5028; x_wconf 88' lang='lat' dir='ltr'><strong>dicitur</strong></span> <span class='ocrx_word' id='word_1_834' title='bbox 3390 4968 3806 5044; x_wconf 69' lang='lat' dir='ltr'><strong>vimaserrea.</strong></span> <span class='ocrx_word' id='word_1_835' title='bbox 3835 4972 4035 5042; x_wconf 82' lang='lat' dir='ltr'><strong>psalm.</strong></span> 
     </span>
     <span class='ocr_line' id='line_1_107' title="bbox 2437 5060 4042 5133; baseline -0.002 -13"><span class='ocrx_word' id='word_1_836' title='bbox 2437 5067 2494 5121; x_wconf 83' lang='grc'><strong>2.</strong></span> <span class='ocrx_word' id='word_1_837' title='bbox 2527 5078 2596 5119; x_wconf 86' lang='lat' dir='ltr'><strong>ex</strong></span> <span class='ocrx_word' id='word_1_838' title='bbox 2635 5062 2873 5133; x_wconf 78' lang='lat' dir='ltr'><strong>August..</strong></span> <span class='ocrx_word' id='word_1_839' title='bbox 2917 5064 3220 5131; x_wconf 81' lang='lat' dir='ltr'><strong>exponente</strong></span> <span class='ocrx_word' id='word_1_840' title='bbox 3249 5066 3552 5133; x_wconf 82' lang='lat' dir='ltr'><strong>utrumque</strong></span> <span class='ocrx_word' id='word_1_841' title='bbox 3579 5060 3786 5120; x_wconf 77' lang='lat' dir='ltr'><strong>losum·</strong></span> <span class='ocrx_word' id='word_1_842' title='bbox 3817 5060 3960 5117; x_wconf 81' lang='lat' dir='ltr'><strong>Nam</strong></span> <span class='ocrx_word' id='word_1_843' title='bbox 3985 5061 4042 5118; x_wconf 89' lang='lat' dir='ltr'><strong>in</strong></span> 
     </span>
     <span class='ocr_line' id='line_1_108' title="bbox 2435 5148 4042 5224; baseline 0 -17"><span class='ocrx_word' id='word_1_844' title='bbox 2435 5152 2600 5224; x_wconf 85' lang='lat' dir='ltr'><strong>priori</strong></span> <span class='ocrx_word' id='word_1_845' title='bbox 2631 5152 2737 5205; x_wconf 88' lang='lat' dir='ltr'><strong>ait:</strong></span> <span class='ocrx_word' id='word_1_846' title='bbox 2781 5150 3139 5205; x_wconf 79' lang='lat' dir='ltr'><strong>Directionis</strong></span> <span class='ocrx_word' id='word_1_847' title='bbox 3171 5152 3348 5222; x_wconf 76' lang='lat' dir='ltr'><strong>virya</strong></span> <span class='ocrx_word' id='word_1_848' title='bbox 3371 5154 3490 5217; x_wconf 76' lang='lat' dir='ltr'><strong>est,</strong></span> <span class='ocrx_word' id='word_1_849' title='bbox 3526 5164 3678 5222; x_wconf 81' lang='lat' dir='ltr'><strong>quae</strong></span> <span class='ocrx_word' id='word_1_850' title='bbox 3703 5148 3910 5223; x_wconf 62' lang='lat' dir='ltr'><strong>dirigit</strong></span> <span class='ocrx_word' id='word_1_851' title='bbox 3935 5150 4042 5207; x_wconf 74' lang='lat' dir='ltr'><strong>lio-</strong></span> 
     </span>
     <span class='ocr_line' id='line_1_109' title="bbox 2433 5236 4046 5313; baseline 0.001 -12"><span class='ocrx_word' id='word_1_852' title='bbox 2433 5244 2619 5301; x_wconf 82' lang='lat' dir='ltr'><strong>mines</strong></span> <span class='ocrx_word' id='word_1_853' title='bbox 2628 5256 2652 5309; x_wconf 92' lang='lat'><em>;</em></span> <span class='ocrx_word' id='word_1_854' title='bbox 2679 5246 2738 5297; x_wconf 88' lang='lat' dir='ltr'><strong>et</strong></span> <span class='ocrx_word' id='word_1_855' title='bbox 2761 5237 2929 5297; x_wconf 80' lang='lat' dir='ltr'><strong>infra:</strong></span> <span class='ocrx_word' id='word_1_856' title='bbox 2963 5236 3186 5296; x_wconf 81' lang='lat' dir='ltr'><strong>Accede</strong></span> <span class='ocrx_word' id='word_1_857' title='bbox 3211 5238 3297 5299; x_wconf 79' lang='lat' dir='ltr'><strong>ad</strong></span> <span class='ocrx_word' id='word_1_858' title='bbox 3321 5242 3504 5297; x_wconf 73' lang='lat' dir='ltr'><strong>istam</strong></span> <span class='ocrx_word' id='word_1_859' title='bbox 3531 5241 3787 5313; x_wconf 62' lang='lat' dir='ltr'><strong>virgam,</strong></span> <span class='ocrx_word' id='word_1_860' title='bbox 3825 5242 3904 5300; x_wconf 76' lang='lat' dir='ltr'><strong>sit</strong></span> <span class='ocrx_word' id='word_1_861' title='bbox 3931 5241 4046 5303; x_wconf 74' lang='lat' dir='ltr'><strong>tibi</strong></span> 
     </span>
    </p>
   </div>
  </div>
 </body>
</html>
