4325 6267
1722 388 1930 436 CAPUT
1962 389 2110 435 xm.

308 518 471 575 ritate
502 516 656 589 punit
684 514 1033 571 homicidium
1064 520 1175 571 tam
1206 511 1589 583 voluntarium,
1614 527 1776 584 quam
1806 527 1895 566 ca-

309 607 463 664 suale
488 646 503 673 ,
546 621 687 679 quae
727 610 905 661 tamen
946 618 1107 675 saepe
1136 603 1389 659 differunt
1416 602 1467 657 in
1511 602 1816 674 cognitione
1842 607 1898 658 et

305 697 603 753 intentione
653 696 882 751 interna.
932 693 1068 759 Quia
1117 694 1169 748 in
1208 694 1389 764 rigore
1433 689 1682 747 Ecclesia
1710 694 1896 761 posset

306 794 603 859 utrumque
640 782 985 841 homicidium
1035 781 1246 853 aequali
1283 780 1683 852 irregularitate
1711 780 1896 835 affice·

304 891 405 945 re3
432 890 501 933 ex
524 874 853 946 benignitate
881 879 1063 928 autem
1088 871 1273 927 -voluit
1300 872 1535 941 rigorem
1567 877 1892 942 temperare,

305 965 527 1037 quando
557 961 905 1019 homicidium
936 977 1039 1016 non
1068 968 1153 1015 est
1174 976 1270 1029 per
1292 974 1349 1013 se
1382 960 1665 1030 intentum,
1691 975 1789 1014 seu
1816 958 1893 1015 di-

304 1062 461 1112 recte
486 1051 873 1108 voluntarium.
1685 1065 1693 1075 ·

382 1144 485 1201 Est
525 1144 687 1199 etiam
728 1141 993 1211 optimum
1033 1140 1372 1211 exemplum,
1417 1137 1565 1210 quod
1598 1144 1765 1193 totam
1794 1136 1895 1192 do·

304 1235 539 1289 ctrinam
568 1230 753 1287 datam
781 1229 1099 1297 confirmat,
1130 1244 1253 1283 nam
1282 1234 1495 1283 certum
1524 1234 1629 1291 est,
1664 1226 1893 1284 haereti-

299 1338 439 1378 cum
484 1328 771 1377 externum
811 1334 918 1373 non
959 1320 1245 1374 incurrere
1286 1317 1563 1389 propriam
1602 1330 1893 1371 censuram

308 1410 738 1469 haereticorum,
773 1408 871 1463 nisi
898 1410 1081 1464 animo
1111 1407 1385 1463 haeretico
1414 1404 1652 1462 exterius
1680 1420 1739 1461 se
1766 1420 1896 1476 pro-

303 1501 431 1557 dat:
470 1516 591 1556 nam
622 1499 667 1554 si
695 1498 873 1553 solum
902 1498 1087 1569 fingat,
1117 1506 1175 1553 et
1200 1498 1427 1553 interius
1455 1510 1559 1552 non
1587 1484 1889 1561 dissentiat,

304 1608 411 1645 ncn
442 1590 676 1646 incurrit
704 1602 995 1644 censuram
1020 1588 1137 1657 ipso
1162 1587 1334 1658 [θεῖος
1358 1602 1491 1657 ergo
1515 1584 1633 1641 talis
1653 1597 1892 1640 censura

304 1681 557 1750 imposita
598 1685 682 1733 est
726 1683 949 1747 propter
990 1684 1177 1731 actum
1219 1683 1507 1731 externum
1536 1688 1667 1729 cum
1696 1673 1893 1743 depen-

302 1768 483 1825 dentia
523 1768 590 1823 ab
632 1766 927 1823 intentione
958 1767 1195 1837 interna,
1240 1782 1369 1821 cum
1401 1771 1581 1821 tamen
1610 1770 1773 1819 actus
1800 1778 1893 1818 ex-

302 1867 491 1915 ternus
532 1857 715 1932 quoad
762 1856 1093 1913 materialem
1143 1858 1411 1911 actionem
1431 1896 1444 1923 ,
1498 1853 1579 1909 vel
1629 1854 1893 1931 signitica-

299 1950 505 2003 tionem
534 1962 643 2002 non
671 1945 903 2017 pendeat
933 1943 999 2000 ab
1027 1944 1149 2013 illa,
1180 1960 1282 2000 nec
1311 1946 1485 2015 possit
1511 1944 1752 1999 exterius
1782 1940 1891 1997 dis-

305 2037 486 2100 cerni,
516 2052 581 2093 an
611 2032 877 2107 procedat
903 2036 969 2090 ab
996 2036 1177 2090 animo
1204 2034 1356 2102 ficto,
1387 2040 1481 2088 aut
1508 2049 1635 2088 vere
1665 2031 1889 2086 haereti-

304 2144 393 2183 co.
426 2125 680 2184 Similiter
716 2136 803 2183 est
834 2126 1083 2196 imposita
1114 2124 1486 2196 irregularitas
1516 2122 1895 2193 rebaptizanti,

306 2232 473 2281 (luam
503 2223 679 2271 tamen
712 2232 817 2272 non
846 2213 1137 2281 contrahit,
1152 2216 1197 2269 si
1228 2215 1349 2269 [icte
1376 2223 1431 2269 et
1456 2215 1573 2269 sine
1602 2213 1891 2267 intentione

304 2307 545 2363 exterius
572 2306 897 2377 rebaptizet,
939 2304 1145 2360 etiamsi
1192 2303 1468 2360 Ecclesiae
1499 2310 1755 2359 constare
1781 2316 1889 2355 non

304 2398 479 2466 possit
510 2395 575 2451 de
605 2395 699 2452 tali
721 2396 959 2464 fictione,
980 2410 1081 2451 nec
1111 2394 1177 2449 de
1206 2393 1511 2449 intentionis
1532 2392 1771 2449 defectu.
1790 2393 1891 2447 Po-

304 2488 615 2557 tuissetque
654 2485 903 2541 Ecclesia
950 2484 1404 2556 irregularitatem
1444 2484 1725 2553 imponere
1765 2496 1892 2553 pro-

302 2581 423 2645 pter
464 2581 741 2631 externam
782 2574 1252 2645 rebaptizationem
1296 2571 1617 2644 sacrilegam
1651 2579 1708 2627 et
1734 2586 1891 2626 scan-

299 2662 568 2735 dalosam,
595 2664 757 2719 etiam
786 2664 901 2718 sine
929 2663 1222 2719 intentione
1244 2662 1465 2733 sactam3
1489 2660 1663 2716 noluit
1686 2666 1887 2728 tamen,

300 2754 393 2808 sed
429 2755 749 2825 temperavit
778 2753 1035 2825 rigorem3
1066 2767 1197 2824 ergo
1226 2752 1439 2823 signum
1467 2756 1573 2817 est,
1599 2763 1759 2821 posse
1788 2749 1889 2803 Ec-

299 2843 521 2899 clesiam
568 2844 672 2899 hoc
711 2841 871 2898 modo
900 2842 1045 2915 leges
1076 2842 1215 2898 serre
1243 2842 1393 2896 circa
1424 2846 1583 2895 actus
1610 2845 1888 2901 externos,

300 2932 523 3006 quando
552 2934 856 2989 secundum
884 2931 1122 3005 aliquam
1149 2931 1411 2987 rationem
1436 2932 1691 2984 moralem
1720 2929 1890 2998 respi-

302 3026 539 3079 cientem
579 3028 783 3079 statum
808 3021 1088 3077 Ecclesiae
1117 3020 1351 3091 pendent
1377 3020 1443 3075 ab
1471 3018 1709 3075 interiori
1735 3024 1888 3087 actu,

303 3113 432 3169 licet
459 3129 569 3171 non
597 3112 869 3185 pendeant
905 3112 956 3165 in
986 3109 1251 3167 materiali
1278 3110 1489 3164 actione
1516 3112 1759 3176 externa,
1790 3119 1889 3161 nec

298 3221 366 3259 ex
394 3203 575 3275 aliquo
605 3201 839 3258 sensibili
869 3203 1051 3273 sign03
1082 3215 1215 3271 ergo
1242 3197 1429 3253 eadem
1458 3198 1661 3253 ratione
1692 3194 1892 3266 poterit

298 3292 457 3348 simili
486 3291 647 3347 modo
676 3290 981 3363 prohibere,
1005 3296 1061 3346 et
1086 3290 1280 3360 punire
1300 3288 1401 3343 alia
1424 3286 1621 3342 delicta
1642 3294 1903 3356 externa„

301 3388 469 3453 prout
497 3378 820 3436 iudicaverit
844 3378 1118 3451 expedire.

389 3476 473 3527 15.
507 3471 619 3525 Nec
669 3474 860 3524 contra
914 3468 1051 3523 hanc
1099 3467 1451 3523 assertionem
1498 3464 1698 3537 aliquid
1732 3471 1890 3535 urget

298 3575 423 3631 cap.
452 3560 550 3617 ult.
576 3558 645 3614 de
674 3560 869 3614 simon.
899 3559 1125 3614 citatum
1148 3572 1179 3612 a
1206 3555 1447 3612 secunda
1468 3554 1738 3626 opinione,
1762 3552 1893 3624 quia

301 3649 565 3720 loquitur,
592 3646 818 3727 quando,
838 3648 894 3702 in
920 3654 1051 3704 actu
1078 3654 1301 3704 externo
1322 3646 1471 3702 nulla
1498 3644 1697 3701 malitia
1727 3659 1893 3714 appa·

300 3744 409 3808 ret,
438 3752 540 3793 nec
571 3738 946 3809 praesumptio
974 3737 1143 3806 illius3
1168 3742 1221 3793 et
1248 3734 1439 3792 eodem
1464 3733 1626 3790 modo
1650 3732 1893 3805 loquitur

298 3842 558 3899 expresse
608 3842 732 3897 cap.
771 3828 900 3882 Tua
944 3842 1079 3893 nos,
1132 3824 1254 3881 eod.
1288 3826 1402 3880 lmo
1442 3824 1519 3879 'ibi
1566 3829 1651 3879 est
1690 3836 1891 3889 sermo,

301 3916 525 3991 quando
552 3924 711 3972 actus
731 3916 964 3971 exterior
984 3913 1146 3972 habet
1167 3915 1401 3986 speciem
1423 3912 1569 3979 boni,
1586 3919 1647 3967 ut
1665 3911 1895 3985 eleemo-

300 4021 494 4081 synae,
519 4005 601 4061 vel
630 4003 859 4076 religiosi
888 4002 1098 4075 cultus,
1130 4006 1344 4059 animus
1374 4018 1501 4058 vero
1530 4008 1615 4059 est
1642 4000 1897 4057 simonia-

301 4112 443 4163 cus,
490 4102 543 4151 et
584 4093 702 4149 ideo
744 4100 927 4149 textus
965 4092 1039 4148 illi
1079 4093 1382 4163 procedunt
1419 4092 1467 4147 in
1498 4091 1677 4162 specie
1703 4089 1893 4146 tertiae

300 4186 633 4254 assertionis,
662 4189 720 4239 et
745 4182 889 4238 illam
921 4182 1266 4254 confirmant,
1299 4181 1423 4237 huic
1456 4188 1635 4237 autem
1666 4190 1893 4253 quartae

298 4273 433 4330 nihil
463 4273 703 4329 obstant.
722 4274 780 4328 ln
812 4288 869 4328 c.
901 4278 1081 4328 autem
1111 4271 1531 4336 Venerabilem,
1568 4268 1594 4337 Ξ
1624 4272 1724 4327 ult.
1746 4267 1893 4343 quod

300 4366 529 4421 Navarr.
563 4362 782 4435 allegat,
811 4361 937 4418 nihil
980 4362 1221 4433 invenio,
1265 4360 1413 4433 quod
1456 4361 1521 4417 ad
1564 4377 1789 4417 causam
1816 4360 1895 4416 l'a-

304 4456 437 4509 ciat.
472 4454 556 4509 Ex
584 4450 609 4519 ἓ
636 4460 819 4508 autem
858 4450 1082 4519 ultimo,
1125 4466 1287 4523 quem
1318 4464 1487 4522 supra
1515 4449 1776 4524 allegavi,
1806 4465 1895 4505 so-

306 4543 419 4599 lum
452 4548 633 4614 potest
662 4540 871 4614 colligi,
906 4540 1147 4597 revocari
1178 4556 1337 4612 posse
1366 4542 1417 4597 in
1446 4540 1697 4609 dubium,
1724 4554 1789 4595 an
1820 4540 1895 4595 sit

304 4633 515 4688 iustum
544 4635 895 4702 praeceptum
925 4630 1221 4702 superioris
1250 4629 1584 4701 prohibentis
1611 4634 1797 4685 actum
1824 4628 1893 4684 de

303 4738 361 4777 se
389 4722 619 4785 bonum,
644 4726 914 4793 quatenus
942 4719 1011 4774 ibi
1038 4719 1393 4795 permittitur,
1420 4726 1481 4775 ut
1511 4726 1887 4791 transgressor

304 4812 430 4869 talis
458 4811 735 4881 praecepti
763 4807 1080 4866 absolvatur
1108 4808 1174 4865 ad
1204 4809 1508 4879 cautelam,
1538 4807 1785 4863 absolute
1812 4814 1895 4863 ta-

302 4916 426 4957 men
451 4900 630 4971 potius
656 4898 977 4970 supponitur
1006 4898 1110 4955 tale
1141 4905 1497 4969 praeceptum
1522 4897 1793 4969 praesumi
1813 4898 1895 4955 iu-

304 4997 474 5060 stum,
510 4990 639 5045 licet
664 4990 888 5045 intentio
928 4988 1301 5060 praecipientis
1330 4988 1548 5045 occulta
1590 4990 1677 5045 sit.
1708 4988 1893 5046 Corol-

240 5066 246 5073 ”
302 5080 436 5136 laria
464 5084 677 5147 autem,
708 5094 847 5150 quae
877 5078 949 5134 ibi
976 5080 1283 5135 inseruntur
1304 5122 1317 5147 ,
1349 5094 1475 5135 vera
1498 5095 1609 5133 nou
1638 5086 1795 5149 sunt,
1830 5090 1894 5138 ut

302 5171 371 5226 de
408 5169 629 5225 duobus
657 5170 845 5241 primis
885 5169 986 5225 iarn
1027 5169 1299 5238 diximus,
1346 5180 1403 5226 et
1439 5168 1505 5225 de
1536 5167 1693 5225 tertio
1714 5172 1895 5228 statim

306 5260 577 5317 dicemus.

3351 376 3465 436 351

2046 512 2414 569 Fundamenta
2448 528 2582 589 ,vero
2623 513 2824 583 primae
2865 513 3129 584 opinionis
3157 516 3350 585 partim
3381 516 3542 578 hanc.

1968 603 2161 672 partim
2213 601 2438 672 primam
2487 602 2893 659 conclusionem
2934 603 3288 673 confirmant,
3329 612 3387 661 et
3423 605 3551 661 nihil

1966 690 2113 746 aliud
2152 692 2402 761 probant.
2437 693 2510 747 De
2551 707 2676 762 cap.
2707 706 2840 762 ergo
2879 692 3088 748 Omni-s
3123 697 3458 781 utriusque,
3497 704 3552 748 et

1964 778 2031 835 de
2060 795 2182 850 cap.
2219 778 2509 847 Dolentes,
2543 788 2600 837 et
2625 779 2885 838 clement.
2922 788 2966 838 l.
2993 783 3353 840 satis-(lictum
3387 791 3468 840 est
3499 786 3552 839 in

1965 869 2274 926 corollariis
2302 872 2505 941 primae
2533 871 2928 927 conclusionis.
2959 873 3040 943 Ad
3079 875 3301 929 tertium
3328 889 3394 930 ex
3421 889 3546 945 cap.

1970 960 2336 1025 Commissa,
2373 961 2526 1015 multi
2555 961 2864 1033 intelligunt
2889 968 3099 1019 textum
3129 964 3278 1019 illum
3307 962 3372 1018 de
3418 966 3556 1020 reci-

1963 1048 2137 1119 piente
2174 1048 2496 1106 beneficium
2535 1050 2843 1120 parochiale
2879 1063 2978 1107 seu
3016 1060 3273 1109 curatum
3314 1054 3430 1110 sine
3475 1054 3555 1108 in-

1961 1138 2200 1194 tentione
2229 1154 2377 1196 mere
2419 1140 2628 1195 interna
2666 1140 2957 1212 recipiendi
2998 1140 3240 1197 ordinem
3279 1143 3420 1198 intra
3461 1158 3556 1198 an-

1962 1243 2129 1293 num;
2159 1227 2496 1301 dicuntque,
2531 1229 2678 1285 illum
2717 1229 2992 1285 defectum
3020 1230 3330 1287 intentionis
3371 1234 3551 1303 puniri

1962 1332 2054 1388 per
2096 1317 2448 1388 privationem
2491 1319 2807 1389 fructuum,
2849 1326 3072 1391 propter
3109 1321 3564 1378 coniunctionem·

1959 1421 2089 1461 cum
2116 1422 2276 1477 opere
2319 1409 2594 1471 exteriori,
2625 1410 2836 1465 etiamsi
2877 1413 3116 1465 exterius
3147 1427 3254 1466 non
3297 1412 3554 1469 ostenda-

1958 1503 2069 1553 tur.
2095 1497 2210 1554 lmo
2238 1498 2387 1555 addit
2412 1500 2543 1554 Sota
2572 1499 2626 1555 d.
2646 1499 2680 1554 Ι.
2707 1504 2864 1572 to,q.
2885 1507 2937 1567 5,
2955 1509 3059 1557 art.
3084 1504 3140 1570 6,
3163 1500 3310 1573 quod
3331 1502 3373 1556 si
3403 1504 3549 1573 prin-

1958 1589 2099 1659 cipio
2126 1588 2246 1659 quis
2277 1604 2383 1644 non
2412 1588 2600 1645 habuit
2626 1589 2768 1645 illam
2798 1589 3148 1647 intentionem
3169 1632 3184 1659 ,
3215 1598 3271 1647 et
3299 1597 3424 1661 post
3451 1608 3546 1648 sex

1960 1692 2173 1735 menses
2201 1677 2344 1735 illam
2374 1678 2572 1735 habere
2597 1681 2831 1758 incepit,
2863 1679 3205 1737 nihilominus
3235 1687 3418 1736 manet
3445 1682 3554 1752 pri-

1960 1773 2117 1823 vatus
2146 1767 2418 1824 fructibus
2445 1768 2788 1825 illorum-sex
2815 1771 3106 1839 mensium3
3139 1778 3249 1826 ete
3277 1786 3551 1828 converso

1959 1857 2002 1911 si
2026 1872 2054 1911 a
2078 1856 2341 1928 principio
2365 1857 2504 1913 bona
2527 1856 2628 1913 fide
2653 1858 2842 1930 recipit
2862 1859 3206 1925 beneficium,
3233 1867 3288 1915 et
3309 1868 3435 1931 post
3456 1877 3551 1917 sex

1961 1961 2172 2001 menses
2196 1952 2370 2002 mutat
2390 1945 2624 2014 illam,et
2650 1946 2896 2003 decernit
2917 1964 3020 2004 nou
3043 1948 3304 2021 ordinari,
3329 1966 3392 2006 ex
3418 1958 3554 2007 tunc

1958 2035 2146 2107 incipit
2173 2051 2280 2091 non
2310 2036 2490 2092 facere
2518 2036 2731 2093 fructus
2761 2054 2925 2104 suos;
2955 2053 3022 2093 ae
3060 2037 3292 2111 denique
3319 2054 3552 2111 genera-

1959 2123 2059 2180 lem
2091 2126 2283 2181 statuit
2309 2126 2554 2197 regulam
2588 2136 2698 2197 pro·
2727 2142 3084 2199 quocumque
3111 2132 3356 2198 tempore
3395 2130 3548 2200 anni,

1956 2230 2054 2287 pro
2085 2230 2197 2285 quo
2237 2214 2323 2270 ille
2363 2230 2470 2271 non
2515 2214 2672 2270 babet
2710 2216 3062 2271 intentionem
3109 2215 3425 2287 sacerdotii,
3472 2217 3554 2273 vel

1956 2302 2261 2370 formalem,
2285 2304 2368 2361 vel
2398 2303 2726 2371 habitualem
2748 2320 2814 2361 ex
2841 2303 2934 2359 illa
2955 2304 3223 2375 relictam,
3247 2312 3304 2361 et
3337 2322 3446 2363 non
3473 2322 3554 2361 re-

1958 2398 2268 2463 tractatam,
2293 2408 2392 2465 pro
2425 2393 2518 2450 illo
2551 2392 2746 2464 privari
2775 2394 3070 2461 fructibus,
3104 2394 3313 2449 etiamsi
3337 2395 3555 2451 tandem⁴

1956 2484 2099 2538 intra
2128 2499 2332 2539 annum
2361 2481 2662 2539 ordinetur.

2034 2572 2139 2629 Sed
2183 2574 2429 2643 prolecto
2461 2580 2645 2629 tantus
2685 2575 2834 2646 rigor
2861 2589 2968 2629 nnn
3013 2573 3242 2629 habetur
3269 2576 3321 2629 in
3371 2582 3548 2631 textu.

1956 2677 2056 2717 nec
2079 2660 2364 2733 augendus
2391 2664 2553 2719 estin
2584 2662 2698 2735 lege
2721 2662 2952 2733 poenali.
2977 2664 3047 2719 Et
3071 2664 3121 2718 in
3146 2664 3332 2735 primis
3354 2680 3552 2720 sensus

1956 2751 2043 2807 ille
2088 2754 2154 2809 de
2193 2752 2484 2809 intentione
2526 2767 2674 2808 mere
2715 2752 2926 2809 interna
2953 2768 3058 2807 non
3101 2752 3311 2809 videtur
3352 2752 3554 2810 habere

1960 2842 2141 2897 locum
2173 2842 2324 2898 iuxta
2351 2849 2592 2898 nostram
2620 2850 2874 2914 quartam
2907 2842 3282 2907 assertionem,
3305 2844 3434 2915 quia
3471 2860 3555 2899 re-

1959 2932 2138 3001 ceptio
2168 2930 2410 2988 beneficii
2438 2948 2534 3002 per
2563 2948 2620 2987 se
2651 2948 2756 2990 non
2785 2938 2871 2988 est
2897 2930 3074 2987 malus
3103 2937 3284 3004 actus,
3315 2949 3416 2989 nec
3449 2950 3552 3005 pu-

1960 3021 2158 3076 nibilis.
2190 3020 2342 3077 Unde
2369 3020 2586 3077 videtur
2628 3022 2809 3093 potius
2839 3030 3019 3077 textus
3059 3001 3146 3078 ille
3171 3025 3224 3077 in
3260 3023 3351 3079 illo
3381 3040 3549 3080 sensu

1959 3108 2254 3180 procedere
2277 3116 2472 3166 contra
2494 3111 2709 3166 tertiam
2737 3111 3112 3180 assertionem,
3145 3118 3201 3168 et
3225 3111 3346 3169 ideo
3368 3111 3550 3170 dicere

1958 3198 2149 3269 aliquis
2179 3204 2394 3270 posset,
2440 3206 2648 3255 textum
2687 3198 2839 3254 illum
2881 3199 3291 3272 intelligendum
3319 3216 3442 3257 esse
3481 3201 3549 3257 de

1957 3289 2253 3343 intentione
2284 3304 2390 3345 non
2417 3304 2564 3344 mere
2595 3288 2830 3357 interna,
2856 3288 2950 3345 sed
2980 3292 3140 3362 signo
3168 3290 3350 3362 aliquo
3379 3292 3550 3347 mani·

1958 3378 2176 3441 sestata,
2203 3377 2283 3433 vel
2309 3377 2498 3433 saltem
2522 3377 2593 3435 ita
2613 3378 2901 3447 insinuata,
2927 3385 2990 3435 ut
3017 3378 3402 3435 rationabiliter
3424 3395 3550 3451 pos-

1958 3466 2025 3523 sit
2046 3466 2113 3522 ab
2136 3466 2382 3523 Ecclesia
2405 3469 2698 3537 praesumi.
2727 3466 2832 3523 Sed
2853 3467 2941 3523 hic
2965 3482 3160 3523 sensus
3181 3467 3550 3526 admittendus

1959 3572 2065 3611 non
2095 3562 2210 3627 est,
2247 3562 2360 3612 tum
2389 3556 2518 3628 quia
2544 3564 2628 3612 est
2655 3562 2844 3612 contra
2870 3572 3216 3613 communem
3245 3557 3546 3631 intelligen-

1961 3648 2089 3702 tiam
2114 3653 2226 3702 tam
2249 3645 2764 3719 iuristarum,quam
2787 3647 3193 3720 theologorum,
3211 3662 3340 3704 cum
3361 3648 3550 3704 Glossa

1956 3736 2186 3807 ibi31um
2211 3737 2370 3793 etiam
2392 3737 2521 3808 quia
2541 3741 2625 3793 est
2645 3744 2840 3793 contra
2864 3737 3247 3808 proprietatem
3260 3735 3553 3793 verborum

1960 3812 2141 3884 textus
2166 3827 2413 3883 absolute
2440 3824 2698 3881 dicentis:
2725 3828 2788 3883 St
2810 3830 3144 3900 promoveri
3164 3824 3249 3883 ad
3273 3823 3547 3883 sacerdo·

1960 3922 2111 3975 tium
2150 3934 2271 3973 mm
2307 3913 2636 3981 intendens,
2669 3924 2779 3971 etc.
2814 3923 2929 3972 tum
2975 3923 3264 3988 propterea
3303 3917 3428 3988 quia
3469 3923 3557 3972 est

1961 4014 2155 4064 contra
2176 4008 2441 4062 rationem
2465 4010 2666 4061 textus:
2700 4008 2854 4062 Cum
2875 4020 2969 4061 eos
2987 4002 3554 4079 recepmsfraudu-

1960 4096 2159 4163 lenter,
2199 4096 2301 4151 hoc
2331 4096 2474 4151 enim
2503 4096 2562 4151 fit
2587 4110 2652 4151 ex
2680 4096 2730 4150 vi
2759 4094 3066 4151 intentionis
3096 4094 3401 4167 interioris,
3434 4100 3554 4152 tum

1961 4190 2124 4245 etiam
2146 4187 2273 4259 quia
2299 4191 2480 4241 textus
2501 4184 2666 4242 addit:
2689 4187 2822 4241 Nisi
2840 4184 3134 4241 voluntate
3153 4190 3411 4250 mutata,
3438 4193 3549 4241 etc.

1959 4293 2093 4350 ergo
2104 4276 2344 4333 alocutus
2377 4275 2556 4330 suerat
2574 4275 2642 4330 de
2672 4274 2960 4331 intentione
2983 4274 3438 4346 voluntatis3.tum
3460 4274 3554 4331 de-

1949 4366 2125 4438 nique
2156 4366 2284 4439 quia
2324 4362 2568 4420 declarat
2604 4352 2964 4434 privationem
3009 4363 3291 4420 fructuum
3321 4364 3436 4437 ipso
3476 4363 3556 4420 sa-

1963 4462 2087 4521 cto,
2122 4470 2228 4511 non
2257 4469 2390 4526 ergo
2420 4453 2530 4526 agit
2555 4452 2623 4509 de
2662 4454 3130 4524 praesumptione,
3160 4452 3256 4508 sed
3293 4451 3554 4510 sufficere

1970 4551 2183 4617 censet,
2215 4542 2365 4617 quod
2396 4542 2619 4599 interior
2645 4541 2787 4598 desit
2814 4542 3060 4598 intentio.

2036 4632 2390 4707 Respondent
2413 4648 2546 4705 ergo
2574 4631 2697 4702 alii,
2729 4646 2838 4687 non
2876 4645 2996 4687 esse
3025 4631 3167 4687 illam
3197 4646 3428 4702 poenam
3457 4632 3570 4688 im-⁴

1964 4723 2210 4796 positam·
2223 4738 2318 4793 per
2347 4722 2520 4794 legem
2549 4720 2864 4789 humanam,
2897 4719 2990 4776 sed
3019 4734 3142 4776 esse
3169 4720 3554 4792 obligationem

1962 4811 2310 4875 restituendi,
2335 4809 2416 4866 vel
2440 4810 2860 4881 incapacitatem
2883 4808 3192 4877 fructuum,
3212 4824 3355 4882 quae
3376 4824 3442 4865 ex
3463 4824 3557 4867 na-

1963 4910 2085 4959 tura
2112 4902 2191 4957 rei
2231 4901 2478 4973 sequitur
2505 4914 2574 4955 ex
2611 4899 2702 4954 tali
2733 4898 3024 4955 intentione
3045 4940 3062 4969 ,
3089 4906 3148 4957 et
3184 4914 3278 4970 per
3306 4898 3448 4955 illam
3481 4898 3574 4955 le·-

1962 5008 2084 5065 gem
2106 4989 2441 5047 declaratur.
2467 4990 2646 5059 Patet,
2670 4987 2797 5061 quia
2826 4988 3144 5045 beneficium
3164 4995 3427 5045 curatum
3452 5004 3554 5043 non

1963 5082 2128 5139 datur
2154 5080 2253 5136 nisi
2293 5085 2514 5152 propter
2542 5077 2788 5134 officium
2807 5120 2822 5149 ,
2851 5077 3000 5149 quod
3027 5078 3274 5135 exerceri
3304 5094 3411 5133 non
3455 5094 3572 5147 pom

1967 5179 2073 5229 test
2098 5172 2212 5227 sine
2239 5167 2578 5240 sacerdoti03
2608 5175 2667 5224 et
2689 5166 2808 5224 ideo
2835 5183 2944 5223 non
2973 5167 3260 5239 sacerdos,
3291 5167 3384 5240 qui
3415 5168 3554 5223 reci-

1965 5263 2045 5335 pit
2076 5256 2400 5318 b'enelicium
2428 5259 2544 5314 sine
2587 5259 2763 5315 animo
2793 5256 3119 5341 suscipiendi
3161 5256 3546 5327 sacerdotium,
