4325 6267
861 329 986 392 282

782 488 863 545 sa,
896 477 956 528 ut
981 472 1111 529 dixit
1137 474 1322 530 innoc.
1365 473 1417 530 in
1445 488 1567 544 cap.
1601 475 1864 536 Noverit,
1905 471 1972 530 de
2009 480 2244 531 sentent.
2276 489 2366 530 ex-

781 578 1062 620 commun.
1094 571 1149 620 et
1175 570 1482 637 sequuntur
1513 563 1600 621 alii
1627 565 1878 622 doctores
1917 567 2099 622 statim
2139 565 2363 622 citandi.

769 644 914 720 'Quia
955 653 1097 710 sicut
1136 669 1239 710 non
1283 660 1463 726 potest
1501 653 1586 712 lex
1628 655 1802 712 civilis
1843 654 2048 712 directe
2089 657 2365 727 imponere

776 742 880 798 tale
909 759 1050 800 onus
1079 743 1311 814 clericis,
1345 745 1416 801 ita
1443 761 1542 802 nec
1571 743 1851 818 indirecte,
1882 753 2002 802 tum
2025 745 2150 818 quia
2172 747 2225 800 in
2251 760 2367 800 mo-

774 832 982 891 ralibus
1013 851 1185 892 unum
1213 835 1365 894 alteri
1395 836 1732 909 aequivalet,
1765 843 1881 893 tum
1911 836 2038 909 quia
2067 842 2366 912 utrumque.

775 939 877 996 per
903 939 1092 982 saeros
1121 941 1356 983 canones
1385 925 1732 1008 reprobatum
1760 932 1865 998 est,
1898 933 1962 983 ut
1988 925 2228 998 explicui
2260 923 2363 980 late

775 1014 830 1070 in
869 1013 1016 1072 dicto
1052 1021 1218 1072 tract.
1251 1016 1317 1072 de
1357 1017 1624 1074 immunit.
1657 1015 1858 1073 eccles.
1897 1016 1990 1072 lib.
2028 1019 2078 1086 1,
2110 1030 2235 1086 cap.
2273 1019 2363 1087 15,

771 1113 828 1160 et
855 1106 1004 1176 attigi
1033 1105 1088 1160 in
1118 1112 1266 1163 tomo
1296 1107 1360 1164 V.
1387 1105 1456 1163 de
1491 1110 1739 1166 Censur.
1772 1106 1976 1180 disput.
2010 1108 2104 1178 21,
2131 1111 2269 1161 sect.
2303 1108 2360 1176 2,

773 1209 832 1249 n.
861 1199 951 1252 89.
985 1200 1041 1251 et
1069 1195 1439 1267 sequentibus,

848 1288 902 1342 4.
937 1285 1158 1342 Omissis
1185 1300 1319 1360 ergo
1347 1284 1426 1341 bis
1456 1287 1664 1359 legibus
1691 1287 1926 1360 iniquis,
1958 1300 2137 1341 sermo
2176 1290 2365 1340 noster

773 1380 861 1432 est
887 1375 952 1431 de
982 1376 1187 1449 legibus
1225 1375 1472 1432 civilibus
1509 1377 1698 1448 iustis,
1729 1393 1794 1434 ac
1835 1377 2188 1448 necessariis,
2222 1391 2362 1449 quae

773 1481 875 1537 pro
905 1473 1017 1523 tota
1044 1467 1434 1524 communitate
1461 1467 1642 1540 populi
1674 1484 1772 1524 seu
1800 1468 2030 1525 civitatis
2059 1472 2358 1541 ponuntur,

771 1572 1009 1629 quarum
1037 1559 1261 1615 materia
1290 1559 1594 1614 communis
1621 1566 1706 1614 est
1737 1559 1948 1615 clericis
1979 1574 2107 1616 cum
2139 1557 2255 1615 aliis
2282 1559 2362 1614 ci-

772 1649 931 1704 vibus
951 1691 965 1719 ,
995 1656 1050 1704 et
1074 1663 1242 1721 aeque
1271 1656 1452 1721 potest
1479 1649 1545 1705 ab
1575 1649 1828 1706 omnibus
1859 1649 2063 1706 servari
2106 1650 2219 1704 sine
2250 1646 2359 1705 ulla

770 1738 1098 1814 indecentia,
1123 1739 1208 1796 vel
1227 1742 1412 1812 iniquo
1442 1741 1754 1813 gravamine
1783 1739 2213 1797 clericorum.ln
2243 1739 2363 1812 qui-

771 1829 878 1886 bus
905 1829 1124 1903 ,legibus
1152 1829 1263 1886 duo
1291 1829 1626 1904 distinguere
1652 1847 1970 1903 possumuS,
2003 1830 2219 1886 scilicet
2253 1831 2361 1886 vim

773 1917 1112 1994 directivam,
1145 1936 1244 1976 seu
1273 1919 1651 1993 obligationem
1691 1923 1744 1975 in
1783 1919 2116 1977 conscientia
2152 1918 2217 1975 ad
2247 1935 2360 1975 ser-

773 2007 976 2066 vandas
1005 2009 1142 2066 tales
1168 2010 1336 2084 leges,
1362 2016 1417 2066 et
1445 2011 1550 2066 vim
1575 2012 1900 2082 coactivam,
1925 2025 2023 2066 seu
2051 2016 2266 2066 reatum
2293 2009 2362 2066 ad

771 2115 1021 2174 poenam,
1055 2115 1214 2174 quem
1259 2100 1389 2174 legis
1432 2107 1862 2172 transgressores
1905 2098 2232 2156 contrahere
2275 2116 2362 2155 so·

769 2187 903 2262 lent,
937 2191 1047 2246 sive
1077 2190 1162 2246 illa
1191 2191 1260 2246 sit
1286 2207 1383 2262 per
1412 2190 1584 2263 legem
1605 2191 1876 2262 imposita,
1901 2191 2012 2247 sive
2034 2191 2255 2248 arbitrio
2280 2190 2361 2247 iu-

771 2278 905 2337 dicis
932 2280 1288 2351 imponenda,
1322 2286 1376 2337 et
1401 2279 1468 2336 de
1499 2288 1726 2352 utraque
1757 2287 1905 2352 parte
1935 2281 2221 2338 dicendum
2252 2289 2356 2337 est.

856 2375 906 2428 5.
939 2370 1123 2438 Quoad
1153 2372 1385 2442 priorem
1416 2377 1626 2443 partem
1652 2369 1718 2426 de
1749 2373 1799 2426 vi
1829 2369 2120 2442 directiva,
2150 2377 2207 2426 et
2232 2370 2362 2427 obli-

768 2461 985 2534 gatione
1024 2461 1077 2516 in
1105 2461 1436 2517 conscientia
1456 2502 1472 2532 ,
1500 2462 1694 2517 Navar.
1728 2461 1916 2517 consil.
1953 2465 1984 2518 3
2006 2503 2021 2533 ,
2065 2461 2130 2517 de
2160 2461 2365 2517 consti·¹

769 2559 882 2609 tut.
909 2568 966 2607 n.
1000 2555 1055 2622 4,
1088 2551 1272 2608 conci.
1302 2555 1358 2607 2.
1389 2550 1570 2622 sentit,
1603 2551 1770 2623 legem
1800 2550 2012 2607 civilem
2041 2549 2355 2623 loquentem

671 2674 676 2678 ·
771 2660 870 2716 per
897 2641 1470 2714 verba-praecipiendi,
1502 2641 1586 2698 vel
1615 2641 1952 2714 prohibendi,
1985 2656 2093 2697 non
2123 2639 2359 2712 obligare

773 2737 827 2792 in
857 2735 1189 2792 conscientia
1218 2733 1479 2804 clericos,
1509 2732 1717 2788 etiamsi
1747 2732 1797 2787 in
1830 2731 2054 2788 materia
2083 2731 2361 2788 favorabili

767 2825 862 2880 -vel
891 2824 1146 2898 generali,
1180 2829 1236 2880 et
1262 2823 1511 2879 omnibus
1549 2823 1887 2879 convenienti
1925 2821 2207 2894 disponat;
2240 2823 2360 2879 nul·

775 2913 891 2970 lum
928 2929 1054 2971 vero
1083 2911 1491 2971 fundamentum
1521 2911 1776 2978 adducit,
1809 2911 1902 2967 sed
1934 2911 2074 2969 dicit
2099 2928 2220 2970 esse
2250 2929 2361 2970 ma-

772 3004 856 3077 gis
884 3011 1156 3076 receptam
1187 3005 1530 3072 sententiam,
1561 3002 1740 3058 solum
1769 3017 1898 3058 vero
1921 3001 2116 3074 allegat
2132 3002 2358 3059 Decium

770 3096 826 3151 in
857 3110 978 3167 cap.
1013 3093 1310 3154 Ecclesia.
1345 3093 1412 3150 de
1450 3093 1735 3149 constitut.
1779 3108 1835 3147 n.
1875 3093 1980 3162 27,
2012 3092 2104 3164 qui
2147 3093 2275 3149 licet
2310 3090 2362 3147 id

774 3183 922 3242 dicat
945 3182 1394 3256 argumentando,
1421 3182 1686 3255 postea-in
1705 3181 1794 3238 illa
1823 3183 2086 3237 sententia
2107 3195 2213 3237 non
2240 3197 2361 3253 per-

777 3275 939 3331 sistit.
973 3273 1212 3330 Adducit
1248 3278 1427 3328 tamen
1456 3272 1631 3345 aliqua
1661 3270 1804 3327 illius
1843 3271 2140 3327 sententiae
2171 3270 2361 3328 sunda·

775 3369 974 3424 menta.
1005 3365 1270 3435 Primum,
1296 3377 1361 3418 ac
1393 3363 1749 3434 praecipuum
1771 3366 1877 3430 est,
1903 3359 2051 3433 quod
2073 3362 2128 3416 in
2152 3361 2361 3418 ratione

778 3453 1060 3512 dubitandi
1089 3452 1512 3526 proposuimuS,
1543 3451 1672 3524 quia
1707 3457 2059 3523 praeceptum
2089 3469 2196 3508 non
2228 3452 2363 3509 obli-

776 3553 870 3618 gat
897 3545 949 3600 in
977 3543 1336 3615 conscientia,
1367 3541 1467 3596 nisi
1495 3555 1560 3596 ex
1591 3547 1859 3611 potestate
1889 3541 2172 3613 procedat3
2204 3543 2363 3616 legis-

776 3636 918 3692 lator
946 3640 1127 3691 autem
1148 3631 1321 3689 civilis
1349 3646 1456 3685 non
1485 3629 1646 3686 habet
1674 3634 1995 3702 potestatem
2025 3632 2074 3687 in
2106 3633 2359 3704 clericos3

775 3741 910 3800 ergo
952 3723 1410 3798 quotiescumque
1449 3719 1826 3793 praecipiendo
1867 3720 1972 3776 sert
2011 3721 2213 3793 legem,
2260 3740 2363 3780 non

780 3815 980 3888 obligat
1006 3815 1058 3870 in
1085 3812 1420 3869 conscientia
1446 3810 1698 3867 clericos.
1725 3813 1802 3866 Ac
1831 3809 2054 3868 subinde
2077 3829 2363 3885 nunquam

779 3905 1059 3980 obligabit,
1088 3903 1218 3975 quia
1245 3902 1328 3958 lex
1354 3917 1463 3958 non
1489 3902 1711 3974 obligat,
1743 3902 1844 3957 nisi
1872 3909 2147 3974 quatenus
2188 3903 2365 3959 verbis

779 3995 1134 4071 praeceptivis
1163 3992 1355 4060 fertur,
1388 3998 1450 4047 ut
1475 4006 1642 4065 supra
1670 3991 1879 4049 dictum
1907 4000 2012 4048 est.
2035 3993 2188 4049 Unde
2216 3994 2367 4050 iuxta

781 4087 1101 4144 sententiam
1139 4084 1277 4140 hanc
1307 4084 1390 4139 lex
1416 4081 1590 4138 civilis
1618 4082 1796 4139 solum
1823 4090 2094 4156 quatenus
2123 4101 2366 4141 commo-

783 4179 915 4236 dum
944 4175 1192 4249 aliquod,
1224 4174 1308 4230 vel
1337 4173 1673 4246 privilegium
1701 4173 2008 4230 concedens
2045 4174 2242 4231 habere
2272 4191 2367 4247 po-

782 4277 890 4328 test
909 4270 1165 4326 ellectum
1185 4267 1238 4322 in
1259 4265 1647 4322 ecclesiasticis
1668 4265 1938 4337 personis,
1955 4280 2061 4320 non
2084 4279 2215 4322 vero
2233 4281 2367 4338 qua·

781 4369 942 4418 tenus
971 4357 1306 4431 praecipiens
1335 4354 1419 4412 vel
1449 4354 1756 4427 prohibens.
1784 4354 2034 4411 Secundo
2064 4353 2132 4410 ad
2157 4353 2259 4410 boc
2290 4354 2370 4410 in-

784 4451 940 4508 ducit
968 4449 1165 4506 Decius
1205 4446 1415 4504 dictum
1447 4452 1615 4518 caput
1637 4443 1938 4512 Ecclesia,
1969 4444 2060 4501 ubi
2103 4450 2369 4502 statutum

784 4541 1073 4615 prohibens
1102 4539 1336 4596 alienare
1363 4536 1504 4593 bona
1539 4535 1900 4593 ecclesiarum
1938 4551 1969 4590 a
2005 4533 2243 4608 quodam
2272 4536 2369 4591 Ba-

751 4633 899 4700 [sitio
929 4631 1065 4688 laico
1096 4629 1334 4699 sactum,
1367 4627 1499 4684 licet
1523 4625 1728 4682 bonum
1755 4631 1812 4682 et
1840 4625 1968 4682 utile
1996 4623 2062 4682 de
2091 4640 2149 4681 se
2178 4624 2370 4681 Eccle-

787 4724 919 4794 siae,
952 4719 1306 4792 reprobatur,
1337 4719 1462 4790 quia
1490 4732 1596 4771 non
1625 4715 1803 4772 suerat
1831 4730 1864 4770 a
1889 4714 2145 4772 Pontifice
2174 4730 2370 4787 appro-

784 4813 1011 4883 batum,
1041 4825 1172 4883 ergo
1201 4807 1520 4881 generaliter
1547 4804 1683 4862 idem
1706 4804 1996 4861 dicendum
2021 4811 2106 4861 est
2134 4804 2201 4862 de
2226 4803 2370 4861 omni

787 4906 904 4978 lege
933 4901 1076 4959 civili
1109 4899 1176 4958 ad
1203 4914 1464 4971 personas
1492 4896 1894 4953 ecclesiasticas
1922 4898 2374 4967 comparata.Pa·

788 5011 916 5052 rum
941 4993 1081 5050 enim
1109 4992 1296 5062 refert,
1327 4987 1476 5064 quod
1506 4989 1556 5044 in
1586 4989 1766 5060 specie
1796 4986 1862 5043 de
1893 4985 2131 5056 clericis,
2161 5001 2261 5042 seu
2289 5001 2374 5042 re-

787 5085 891 5142 bus
919 5081 1323 5153 ecclesiasticiS,
1353 5079 1437 5136 vel
1467 5079 1518 5136 in
1545 5093 1740 5153 genere
1768 5076 1833 5133 de
1857 5076 2090 5146 civibus,
2114 5083 2212 5133 aut
2232 5077 2377 5149 agris

791 5177 1038 5236 seratur>
1065 5175 1188 5247 quia
1225 5172 1384 5228 etiam
1422 5170 1507 5227 lex
1549 5167 1815 5244 generalis
1855 5165 2122 5240 applicata
2158 5166 2227 5223 ad
2264 5166 2376 5223 cle-

789 5267 934 5326 ricos
961 5265 1016 5324 lit
1043 5262 1318 5340 specialiS,
1350 5267 1407 5320 et
1433 5262 1484 5319 in
1512 5277 1577 5319 eo
1605 5266 1668 5318 ut
1697 5259 1775 5317 sic
1805 5258 2073 5316 invenitur
2108 5256 2248 5314 idem
2278 5255 2375 5313 de-

2235 346 2436 397 LIBER
2464 348 2571 396 111.

2434 472 2613 531 rectus
2640 473 2938 544 potestatis.
2970 472 3151 530 Tertio
3179 474 3389 532 inducit
3412 475 3530 532 iura
3558 474 3850 543 canonica,
3891 487 4042 545 quae

2436 564 2761 638 generaliter
2786 563 3010 638 dicunt,
3044 564 3193 621 laicis
3224 581 3388 637 super
3416 580 3679 637 personas
3708 564 3792 621 vel
3822 579 3912 620 res
3940 578 4045 619 ec-

2431 653 3015 713 clesiasticas-nullam
3059 670 3179 712 esse
3221 656 3537 713 attributam
3588 663 3914 729 potestatem
3968 657 4031 710 in

2434 759 2555 817 cap.
2588 749 2746 802 Bene
2772 743 3022 818 quidem,
3072 745 3199 804 dist.
3246 751 3337 818 96,
3380 753 3436 804 et
3476 746 3784 818 specialiter
3825 747 4036 819 allegat

2433 849 2554 906 cap.
2588 837 2752 892 Inter
2788 837 2957 905 llaec,
2998 841 3092 906 33,
3124 852 3179 909 q.
3212 842 3275 906 2,
3317 838 3410 893 ubi
3452 839 3528 894 ait
3566 837 3821 894 Nicolaus
3862 849 4031 912 papa:

2435 927 2667 983 Sancta
2707 929 2817 984 Dei
2856 926 3135 985 Ecclesia
3180 926 3501 986 mundanis
3540 943 3851 1001 antiquam
3897 942 4039 983 con·

2436 1017 2748 1088 strinqltur
2774 1015 3015 1090 leqibas.

2512 1109 2566 1164 6.
2612 1106 2968 1164 Nihilominus
3008 1107 3300 1165 dicendum
3341 1115 3448 1182 est,
3493 1107 3725 1165 clericos
3766 1107 3938 1164 teneri
3982 1109 4039 1163 in

2434 1197 2773 1254 conscientia
2825 1196 2890 1254 ad
2934 1198 3225 1285 servandas
3266 1198 3577 1256 huiusmodi
3626 1198 3771 1272 leges
3821 1198 4033 1255 civiles,

2433 1287 2578 1343 Haec
2608 1288 2835 1343 assertio
2866 1291 3142 1345 communi
3170 1305 3443 1347 consensu
3483 1297 3702 1362 recepta
3728 1296 3843 1359 est,
3880 1287 4029 1344 unde

2432 1376 2579 1433 illam
2603 1377 2742 1434 dixit
2763 1387 2905 1435 esset
2928 1381 3288 1436 certissimam
3308 1379 3511 1438 Hedina
3529 1383 3549 1437 1
3566 1422 3578 1436 .
3595 1385 3651 1454 2,
3668 1396 3723 1453 q.
3742 1385 3835 1452 96,
3852 1385 4029 1450 art.5,

2432 1467 2525 1524 ubi
2556 1467 2701 1525 illam
2733 1474 2881 1526 tenet
2907 1471 3153 1542 Vasquez
3180 1470 3321 1542 disp.
3362 1473 3497 1543 167,
3527 1486 3649 1542 cap.
3683 1476 3747 1541 4,
3770 1477 3825 1526 et
3859 1470 4035 1526 ceteri

2433 1557 2671 1632 theologi
2702 1558 2969 1632 moderni,
3002 1561 3291 1618 cardinalis
3320 1561 3569 1618 Bellarm.
3604 1560 3692 1618 lib.
3734 1563 3780 1618 1.
3814 1558 3887 1616 de
3918 1559 4037 1617 cle-

2429 1650 2593 1713 ricis,
2617 1653 2851 1722 cap.28,
2875 1655 2929 1706 et
2950 1649 3001 1705 in
3023 1654 3164 1707 nova
3186 1649 3453 1721 disputat.
3480 1650 3546 1708 de
3570 1650 3951 1722 clericis,cap.
3982 1656 4032 1721 1,

2430 1738 2636 1795 Victor.
2664 1738 2848 1796 relect.
2878 1737 3013 1798 1.de
3030 1744 3238 1814 potest.
3264 1739 3470 1797 eccles.
3492 1757 3549 1814 q.
3569 1741 3672 1798 ult.
3698 1741 3827 1798 Soto
3852 1740 3951 1796 lib.
3979 1745 4030 1799 1.

2430 1827 2502 1885 de
2526 1831 2716 1885 instit.
2748 1847 2805 1904 q.
2839 1833 2893 1898 6,
2926 1831 3083 1886 artic.
3122 1833 3175 1888 7.
3211 1832 3262 1887 in
3292 1831 3519 1904 princip.
3543 1833 3670 1888 etin
3696 1836 3752 1902 4,
3778 1831 4027 1902 dist.25,

2430 1934 2484 1990 q.
2520 1925 2576 1990 2,
2602 1925 2709 2004 art.
2743 1925 2797 1978 2.
2830 1920 2878 1976 in
2908 1920 3031 1992 tine,
3064 1921 3265 1979 Medius
3294 1921 3428 1978 Cod.
3461 1921 3527 1978 de
3564 1924 3803 1978 restitut.
3838 1937 3895 1994 q.
3930 1925 4028 1994 36,

2428 2011 2621 2066 Castro
2654 2009 2743 2072 lib.
2785 2015 2833 2068 1.
2866 2008 2938 2067 de
2966 2009 3075 2086 leq.
3099 2009 3345 2086 poenal.
3378 2027 3503 2083 cap.
3538 2011 3633 2069 ult.
3676 2013 3769 2084 qui
3806 2013 3861 2068 in
3903 2027 4031 2083 spe-

2430 2102 2514 2155 cie
2542 2098 2847 2171 loquuntur
2885 2099 2953 2157 de
2994 2100 3198 2173 legibus
3239 2117 3425 2158 rerum
3467 2103 3637 2174 pretia
3679 2100 4023 2160 taxantibus.

2430 2189 2791 2247 Consentiunt
2817 2192 2979 2247 etiam
3004 2187 3352 2249 summistae:
3377 2193 3548 2250 Tolet.
3575 2192 3667 2250 lib.
3694 2191 3767 2250 de
3796 2197 4025 2268 septem

2426 2284 2655 2352 peccat.
2688 2284 2859 2337 mort.
2892 2296 3017 2353 cap.
3057 2285 3143 2354 11,
3173 2282 3409 2359 Sylvest.
3454 2283 3619 2339 verbo
3662 2281 3782 2349 lex,
3831 2299 3888 2356 q.
3932 2288 4024 2355 15,

2430 2370 2621 2442 Augei.
2653 2386 2807 2426 num.
2839 2378 2893 2442 5,
2923 2378 2979 2428 et
3018 2370 3176 2428 latius
3216 2373 3404 2446 plures
3446 2373 3682 2430 reserens
3728 2375 3937 2449 Sayrus
3980 2373 4032 2428 in

2435 2459 2611 2518 Clavi
2635 2465 2821 2533 rcyia,
2862 2478 2913 2533 p.
2968 2467 3017 2534 1,
3060 2460 3151 2519 lib.
3202 2466 3257 2533 3,
3296 2478 3419 2535 cap.
3461 2469 3517 2536 4,
3554 2479 3706 2520 num.
3756 2467 3841 2521 16.
3874 2463 4025 2519 ldem

2428 2548 2630 2607 docent
2656 2551 2787 2607 iuris
2817 2551 3065 2608 canonici
3094 2553 3411 2623 interpretes
3434 2554 3795 2610 communiter
3817 2552 3870 2608 in
3892 2567 4020 2624 cap.

2428 2637 2730 2707 Ecclesia,
2766 2639 2833 2695 de
2861 2641 3246 2716 constitution.
3286 2641 3377 2698 ubi
3408 2644 3660 2698 Panorm.
3694 2658 3749 2698 n.
3789 2645 3887 2710 13,
3922 2644 4026 2698 De·

2430 2731 2549 2786 cius
2576 2746 2728 2787 num.
2762 2731 2856 2788 27.
2890 2731 2940 2784 in
2966 2730 3087 2801 line,
3113 2731 3279 2786 Felin.
3306 2747 3335 2788 a
3358 2748 3414 2787 n.
3446 2735 3539 2791 37.
3571 2733 3798 2789 maxime
3822 2747 3951 2788 vero
3977 2734 4033 2787 in

2432 2824 2523 2890 81,
2553 2827 2605 2876 et
2635 2826 2726 2894 85,
2760 2821 2853 2893 qui
2882 2819 3102 2876 Cardin.
3132 2827 3188 2876 et
3212 2821 3349 2877 alios
3381 2821 3575 2892 refert,
3607 2829 3664 2878 et
3688 2820 3899 2878 Salzed.
3938 2837 4029 2878 re-

2430 2907 2607 2966 serens
2634 2911 2764 2966 alios
2792 2911 2844 2967 in
2872 2911 3077 2968 Pract.
3110 2913 3343 2967 crimin.
3374 2926 3497 2983 cap.
3536 2917 3630 2984 55,
3660 2917 3715 2968 et
3740 2911 3807 2968 de
3833 2911 4028 2984 aliqui·

2428 2998 2533 3056 bus
2561 2999 2769 3074 legibus
2798 2999 3048 3056 civilibus
3082 3001 3135 3056 in
3164 3002 3345 3073 specie
3372 3002 3621 3075 loquenS.
3652 3005 3722 3060 Et
3767 3003 4028 3060 similiter

2430 3089 2625 3146 Covar.
2658 3091 2712 3145 in
2754 3093 2958 3148 Pract.
2994 3091 3158 3162 capit.
3195 3096 3301 3164 333
3336 3107 3401 3148 ac
3438 3091 3671 3166 denique
3710 3092 3934 3166 legistae
3974 3095 4029 3149 in

2432 3178 2468 3235 l.
2502 3185 2739 3236 cunctos
2758 3178 3037 3254 populos,
3070 3183 3131 3237 C.
3164 3180 3230 3237 de
3264 3198 3464 3238 summ.
3498 3181 3747 3240 Trinitat.
3778 3197 4032 3255 praeser-

2427 3269 2522 3325 tim
2552 3269 2799 3325 Bartolus
2830 3285 2860 3324 a
2888 3285 3039 3326 num.
3071 3275 3165 3328 28.

2508 3358 2778 3415 Probatur
2800 3367 2980 3415 autem
2998 3361 3172 3432 primo
3186 3376 3251 3417 ex
3268 3360 3386 3417 iure
3401 3361 3664 3419 canonico
3681 3361 4029 3436 disponente,

2433 3447 2745 3506 huiusmodi
2774 3447 2921 3522 leges
2951 3449 3138 3506 civiles
3168 3450 3235 3507 ab
3262 3451 3649 3509 ecclesiasticis
3686 3455 3893 3510 servari
3916 3494 3932 3522 ,
3966 3461 4031 3511 ut

2434 3540 2608 3612 primo
2638 3538 2914 3612 colligitur
2942 3555 3008 3596 ex
3034 3556 3155 3612 cap.
3190 3543 3392 3614 primo,
3418 3540 3491 3599 de
3510 3548 3643 3599 novi
3666 3548 3860 3618 operis
3880 3561 4031 3600 nurt-

2433 3633 2706 3690 ciatione.
2736 3629 2826 3685 ubi
2849 3631 2992 3700 Papa
3015 3631 3154 3703 vult,
3180 3646 3403 3688 causam
3433 3631 3571 3689 inter
3596 3631 3832 3689 clericos
3861 3649 4031 3705 super

2434 3719 2671 3790 capellae
2700 3721 3167 3776 constructionem
3196 3727 3321 3792 post
3357 3723 3482 3778 novi
3513 3722 3689 3794 operis
3719 3724 4034 3778 nunciatio·

2434 3826 2579 3881 nem,
2614 3809 2917 3866 secundum
2944 3810 3090 3883 leges
3128 3812 3436 3883 terminari,
3480 3815 3605 3885 quia
3644 3812 3749 3869 hoc
3790 3828 3901 3868 non
3947 3820 4036 3869 est

2434 3906 2624 3957 contra
2654 3900 2853 3956 bonum
2882 3901 3262 3973 ecclesiarum,
3294 3902 3391 3958 sed
3425 3904 3477 3959 in
3518 3919 3711 3960 earum
3746 3903 4029 3976 iuvame03

2414 3990 2483 4046 ·in
2513 4005 2623 4062 quo
2655 3996 2808 4046 textu
2835 3998 2921 4047 est
2948 3990 3102 4047 valde
3131 3991 3605 4063 considerandum,
3638 4009 3754 4048 non
3774 3991 3953 4049 videri
3978 3995 4037 4048 in

2434 4097 2499 4138 eo
2526 4081 2737 4137 institui
2764 4083 2851 4137 ius
2882 4097 3107 4150 novum,
3139 4082 3233 4140 sed
3261 4083 3547 4156 antiquum
3576 4084 3829 4155 proponi,
3855 4089 3913 4139 et
3932 4083 4029 4140 de-

2436 4169 2671 4242 clarari,
2701 4171 2831 4226 alias
2860 4187 3026 4227 causa
3069 4175 3361 4243 praeterita
3387 4188 3495 4229 non
3531 4180 3678 4229 esset
3720 4173 4037 4230 secundum

2436 4260 2563 4318 illud
2592 4263 2677 4318 ius
2703 4260 3066 4318 decidendum
3084 4267 3111 4330 ,’
3130 4261 3253 4335 quia
3281 4263 3362 4318 ius
3388 4279 3592 4320 novum
3633 4279 3742 4320 non
3787 4263 4034 4320 extendi-

2437 4358 2530 4407 tur
2572 4350 2636 4406 ad
2678 4351 2996 4424 praeterita3
3030 4353 3357 4423 supponitur
3398 4368 3550 4426 ergo,
3594 4353 3647 4410 in
3684 4353 3776 4410 illo
3806 4353 4033 4411 decreto

2438 4456 2560 4498 esse
2599 4441 2847 4514 regulam
2888 4442 3242 4514 antiquorum
3281 4457 3551 4500 canonum
3578 4485 3593 4515 ,
3638 4450 3701 4499 ut
3740 4445 3829 4501 ius
3869 4445 4035 4501 civile

2438 4539 2687 4589 servetur
2722 4533 2774 4588 in
2812 4531 3225 4605 ecclesiasticis,
3258 4533 3475 4606 quando
3508 4533 3796 4590 favorabile
3829 4543 3945 4607 est,
3974 4540 4041 4590 et

2438 4623 2539 4681 toti
2567 4623 2941 4680 communitati
2973 4622 3245 4693 serviens,
3286 4631 3342 4698 et
3377 4621 3679 4680 canonibus
3716 4639 3827 4681 non
3864 4639 4039 4698 repu-

2438 4729 2631 4787 gnans.
2664 4714 2841 4786 Atque
2870 4711 2942 4768 ita
2969 4727 3034 4768 ex
3064 4713 3153 4768 illo
3185 4719 3335 4770 textu
3370 4713 3636 4786 colligunt
3668 4714 4039 4771 assertionem

2440 4805 2691 4860 Panorm.
2720 4808 2777 4858 et
2796 4801 2994 4858 Decius
3017 4817 3205 4874 supra.
3231 4803 3361 4859 ltem
3384 4803 3673 4859 Panormit.
3701 4803 3753 4859 in
3777 4803 3919 4860 idem
3940 4820 4041 4860 ca—

2438 4900 2561 4965 put.
2594 4891 2850 4965 Idemque
2880 4891 3115 4948 sumitur
3141 4907 3209 4949 ex
3238 4907 3290 4950 c.
3323 4895 3606 4956 Inuoluit,
3639 4892 3728 4950 ibi:
3768 4895 3924 4950 Cum
3952 4892 4041 4950 le-

2440 4981 2568 5058 qali
2586 4987 2667 5040 sit
2682 4984 3017 5056 provisione
3034 4985 3343 5051 statutum,
3377 4982 3443 5039 de
3464 4981 3706 5054 arbitris,
3729 4989 3875 5040 etex
3896 4997 3947 5040 c.
3978 4990 4033 5042 1.

2441 5082 2498 5132 et
2524 5090 2575 5131 c.
2609 5075 2672 5130 Si
2697 5074 2761 5128 in
2787 5069 3175 5139 adiutorium,
3204 5072 3330 5129 dist.
3365 5077 3451 5130 lo.
3475 5087 3605 5129 cum
3628 5071 3921 5144 similibus,
3951 5071 4041 5130 di-

2440 5163 2727 5232 centibus,
2762 5159 3059 5218 servandas
3095 5177 3217 5218 esse
3254 5161 3401 5235 leges
3436 5162 3621 5219 civiles
3657 5162 3710 5218 in
3746 5161 3855 5234 his,
3888 5179 4039 5236 quae

2440 5270 2543 5313 nec
2570 5260 2699 5310 sunt
2726 5259 2920 5310 contra
2948 5265 3207 5324 canones,
3238 5257 3339 5310 n‘ec
3368 5252 3585 5310 clericis
3622 5252 4033 5327 praeiudicant.
4090 5301 4113 5318 .
