4325 6267
778 362 905 427 136

699 504 853 575 Quod
884 516 1015 560 vero
1045 500 1283 572 pertinet
1308 496 1376 553 ad
1414 496 1751 554 voluntatem
1781 495 1911 564 Dei,
1944 494 1988 549 si
2017 494 2088 549 sit
2116 507 2295 549 sermo

697 593 767 651 de
798 590 1025 663 simplici
1060 588 1263 645 affectu
1292 584 1752 656 complacentiae,
1786 583 1866 639 vel
1894 581 2291 654 displicentiae,

697 683 860 738 etiam
901 679 1049 735 hunc
1093 683 1273 747 potest
1312 678 1456 733 Deus
1484 675 1795 730 necessario
1827 672 2025 729 habere
2056 672 2203 729 circa
2232 671 2294 727 il-

698 770 789 830 lud
808 811 822 838 ,
853 768 1002 841 quod
1028 766 1238 823 iudicat
1254 779 1374 819 esse
1400 779 1495 835 per
1516 778 1572 818 se
1597 762 1824 831 bonum,
1850 768 1947 817 aut
1969 777 2065 832 per
2086 777 2143 816 se
2176 776 2290 816 ma-

699 859 812 915 lum
829 899 844 930 ,
868 858 1097 913 maxime
1122 852 1403 924 supposita
1424 852 1705 908 voluntate
1727 850 1915 921 libera,
1941 865 2106 922 quam
2133 848 2294 905 babet

698 945 917 1004 creandi
958 944 1257 1001 hominem.
1292 942 1345 997 Si
1386 946 1573 997 autem
1602 941 1675 995 sit
1704 954 1884 994 sermo
1915 937 1983 994 de
2012 938 2291 994 voluntate

698 1037 879 1109 aliqua
900 1032 1227 1105 beneplaciti
1252 1028 1456 1087 ferendi
1487 1037 1845 1101 praeceptum
1864 1068 1879 1099 ,
1906 1044 2003 1083 seu
2024 1026 2292 1101 obligandi

636 1108 644 1114 ’
698 1125 939 1181 homines
969 1121 1194 1194 positiva
1234 1125 1291 1174 et
1318 1117 1665 1190 superaddita
1688 1116 2029 1189 obligatione,
2062 1116 2139 1171 sic
2166 1132 2291 1186 pro-

698 1213 946 1271 babiliter
978 1216 1159 1283 potest
1184 1208 1447 1279 disputari
1477 1207 1608 1263 illud
1637 1222 1980 1277 consequens
1995 1204 2053 1260 'in
2081 1213 2288 1261 utram·

699 1320 807 1377 que
839 1308 1083 1374 partem·²
1110 1315 1208 1355 nos
1236 1303 1418 1354 autem
1450 1311 1617 1368 supra
1644 1294 1977 1351 ostendimus
2010 1302 2070 1351 ut
2098 1294 2290 1366 proha-

697 1393 860 1449 bilius
878 1433 892 1462 ,
924 1392 1091 1447 etiam
1119 1386 1208 1443 illo
1237 1385 1397 1443 modo
1420 1401 1525 1441 non
1550 1399 1669 1440 esse
1694 1385 2079 1443 inconveniens
2104 1398 2290 1440 neces-

698 1482 849 1538 sitari
875 1479 1109 1536 divinam
1140 1476 1477 1532 voluntatem
1505 1472 1572 1528 ad
1601 1472 1747 1529 illam
1774 1472 2194 1545 prohibitionem
2223 1488 2290 1528 ex

698 1569 1097 1642 suppositione,
1121 1564 1271 1639 quod
1292 1565 1537 1621 decrevit
1564 1568 1814 1618 naturam
1837 1560 2129 1617 humanam
2152 1576 2288 1618 con-

697 1661 857 1730 dere,
886 1664 942 1715 et
978 1656 1119 1714 illam
1158 1656 1495 1728 gubernare,
1538 1666 1635 1706 seu
1664 1651 2075 1706 convenientem
2108 1650 2288 1722 provi-

688 1751 932 1813 dentiam
970 1747 1121 1803 circa
1160 1744 1305 1799 illam
1342 1741 1561 1798 habere.
1605 1739 1923 1797 Secundum
1952 1747 2136 1797 autem
2168 1740 2288 1796 sun-

697 1839 1013 1897 damentum
1060 1834 1209 1891 Scoti
1260 1832 1327 1888 ab
1371 1830 1679 1887 extrinseco
1718 1829 1985 1900 sumitur3
2022 1845 2144 1884 nam
2176 1845 2289 1885 ma-

699 1930 811 1985 litia
840 1926 922 1983 vel
957 1924 1169 1982 bonitas
1192 1921 1481 1977 intrinseca
1494 1925 1661 1995 ‚actus
1684 1934 1751 1974 ex
1773 1918 1990 1975 obiecto
2013 1918 2289 1989 pensanda

696 2023 814 2087 est,
846 2030 956 2071 non
984 2029 1049 2069 ex
1080 2008 1397 2066 habitudine
1418 2050 1433 2080 ,
1464 2008 1548 2064 vel
1586 2009 1909 2064 necessitate
1936 2006 2005 2063 ad
2033 2006 2286 2063 ultimum

698 2108 876 2162 finem.
906 2101 1059 2161 Unde
1100 2099 1445 2157 mendacium
1485 2097 1731 2153 iocosum
1776 2097 1857 2153 vei
1892 2096 2204 2153 officiosum
2235 2097 2285 2152 in

696 2196 877 2268 rigore
904 2208 1009 2249 non
1040 2192 1215 2263 privat
1236 2188 1426 2247 ultimo
1455 2188 1591 2258 line,
1616 2202 1747 2242 cum
1776 2186 1845 2242 sit
1870 2194 2165 2257 peccatum
2195 2203 2287 2244 ve-

698 2284 838 2343 niale
857 2325 872 2354 ,
902 2289 960 2339 et
990 2279 1337 2337 nihilominus
1367 2276 1783 2347 indispensabile
1818 2280 1923 2331 est.
1955 2274 2111 2342 Quod
2140 2276 2183 2331 si
2211 2275 2289 2332 di-

698 2380 859 2431 catur
884 2368 1179 2441 impedire,
1204 2368 1354 2438 quia,
1384 2365 1477 2421 illo
1506 2363 1771 2431 durante,
1802 2379 1910 2419 non
1940 2370 2120 2433 potest
2148 2365 2290 2421 obti-

583 2528 589 2535 ,
698 2462 814 2519 neri
851 2455 1164 2527 beatitudo,
1195 2455 1369 2511 donec
1412 2459 1601 2509 reatus
1630 2451 1775 2508 illius
1806 2468 2009 2523 poenae
2042 2453 2283 2525 tollatur3

697 2554 776 2609 sic
799 2555 1017 2607 constat
1037 2547 1378 2603 falsum'esse
1400 2545 1765 2612 assumptum,
1796 2557 1916 2597 nam
1946 2542 2101 2599 multi
2123 2549 2285 2599 actus

696 2641 847 2697 circa
874 2643 1191 2704 creaturas,
1221 2632 1305 2689 vel
1336 2631 1655 2688 omissiones
1684 2646 1874 2685 eorum
1905 2640 2137 2702 possunt
2165 2648 2284 2688 esse

697 2726 995 2785 necessarii
1019 2724 1086 2781 ad
1110 2719 1535 2790 beatitudinem,
1568 2719 1654 2776 vel
1684 2725 1918 2789 possunt
1947 2720 2088 2777 illam
2118 2722 2286 2792 impe-

698 2820 837 2877 dire.
868 2820 1001 2874 Nam
1031 2822 1319 2887 propterea
1354 2810 1489 2866 dixit
1526 2809 1761 2877 Paulus,
1792 2812 1905 2865 sine
1936 2812 2049 2883 lege
2082 2812 2286 2883 peritu-

697 2924 809 2977 ros,
839 2908 935 2978 qui
966 2902 1089 2962 talia
1122 2903 1347 2958 faciunt.
1380 2898 1636 2966 Quamvis
1664 2913 1798 2970 ergo
1828 2898 2132 2956 substantia
2162 2900 2286 2956 hea-

696 2994 936 3053 titudinis
964 2992 1232 3049 consistat
1259 2990 1310 3045 in
1340 2988 1459 3045 solo
1482 2990 1591 3044 Deo
1614 2993 1668 3043 et
1695 2987 1909 3043 actibus
1932 2989 2083 3045 circa
2106 2988 2283 3061 illum,

695 3093 875 3142 tamen
907 3089 1063 3141 actus
1092 3082 1244 3137 circa
1264 3084 1551 3136 creaturas
1576 3082 1810 3148 possunt
1830 3076 1976 3133 illam
2000 3078 2283 3152 impedire,

695 3175 779 3231 vel
820 3189 941 3229 esse
981 3169 1159 3227 media
1202 3169 1513 3224 necessaria
1551 3165 1620 3222 ad
1647 3164 1792 3220 illam
1822 3168 2286 3239 consequendam,

689 3269 967 3335 quatenus
992 3257 1300 3315 redundant
1321 3258 1374 3314 in
1397 3256 1748 3313 offensionem
1772 3255 1885 3327 Dei,
1913 3256 1994 3312 vel
2020 3249 2138 3314 eius
2161 3258 2287 3315 obe-

692 3352 947 3409 dientiam
975 3349 1277 3406 continent:

776 3443 862 3496 10.
885 3438 1064 3495 Tertia
1085 3437 1265 3507 opinio
1285 3433 1619 3491 estDurandi
1643 3435 1692 3490 in
1726 3438 1775 3505 1,
1798 3434 1925 3491 dist.
1942 3438 2035 3499 47,
2064 3442 2282 3508 quaest.

694 3534 725 3587 4
750 3570 765 3599 ,
796 3534 853 3584 et
877 3526 1088 3583 Maioris
1118 3528 1171 3579 in
1199 3529 1230 3582 2
1253 3564 1267 3593 ,
1303 3522 1430 3578 dist.
1465 3526 1530 3581 37
1553 3563 1567 3592 ‚
1601 3530 1813 3596 quaest.
1854 3528 1948 3595 10,
1978 3525 2073 3596 qui
2100 3523 2288 3580 distin-

693 3623 875 3691 guunt
894 3616 1035 3671 inter
1070 3618 1363 3685 praecepta
1381 3612 1631 3684 negativa
1650 3620 1707 3669 et
1728 3612 2069 3682 affirmativa,
2095 3628 2288 3685 quam-

696 3709 778 3762 vis
805 3722 911 3762 non
942 3703 1160 3762 omnino
1180 3704 1320 3757 inter
1342 3717 1399 3757 se
1420 3703 1761 3758 conveniant.
1790 3703 1921 3758 Nam
1944 3704 2110 3759 Maior
2131 3701 2284 3769 dicit,

692 3799 943 3870 negativa
974 3810 1095 3850 esse
1143 3791 1600 3863 indispensabilia,
1635 3799 1867 3863 excepto
1903 3794 2094 3865 quinto
2131 3807 2288 3863 prae-

694 3892 887 3957 cepto,
917 3888 1050 3941 Non
1084 3881 1330 3938 oecides.
1363 3879 1657 3938 Durandus
1687 3897 1815 3937 vero
1841 3880 2085 3939 eamdem
2124 3898 2290 3955 regu-

690 3976 800 4035 lam
830 3975 1176 4032 constituens
1204 3970 1272 4027 de
1300 3970 1639 4042 exceptione,
1665 3970 1818 4042 dixit,
1844 3972 1887 4026 si
1913 3970 2138 4027 verbum
2169 3988 2289 4027 non

690 4062 921 4120 occides
957 4061 1276 4134 generaliter
1314 4065 1569 4115 sumatur
1603 4075 1702 4131 pro
1733 4074 2085 4133 quacumque
2115 4060 2288 4117 homi-

694 4154 777 4209 nis
805 4153 1110 4220 occisione,
1136 4149 1212 4205 sic
1242 4147 1602 4221 dispensabile
1629 4164 1768 4222 esse3
1801 4152 1845 4206 si
1875 4165 2004 4206 vero
2033 4159 2286 4208 sumatur

692 4257 792 4313 pro
821 4242 1095 4298 occisione
1126 4238 1387 4308 hominis,
1420 4244 1589 4309 prout
1613 4253 1733 4295 eam
1763 4239 2015 4309 prohibet
2036 4241 2174 4296 ratio
2197 4257 2290 4297 na-

694 4330 917 4401 turalis,
950 4329 1025 4384 sic
1056 4330 1221 4385 etiam
1247 4325 1379 4384 illud
1408 4324 1816 4398 indispensabile
1844 4342 1985 4384 esse.
2018 4328 2123 4385 Sed
2167 4344 2291 4399 pro-

694 4419 838 4475 fecto
872 4433 982 4473 non
1016 4424 1136 4472 erat
1162 4416 1471 4471 necessaria
1490 4456 1505 4485 ,
1543 4417 1671 4487 quia
1699 4416 1863 4487 priori
1894 4414 2053 4471 modo
2085 4418 2289 4473 occisio

693 4523 800 4562 non
832 4505 980 4561 cadit
1014 4504 1118 4561 sub
1146 4504 1502 4577 prohibitione
1538 4503 1671 4575 legis
1710 4510 1969 4576 naturae,
2004 4505 2129 4577 quia
2158 4504 2291 4561 dicit

694 4594 826 4668 quid
850 4608 1139 4651 commune
1165 4591 1487 4649 abstrahens
1509 4592 1575 4649 ab
1596 4592 1867 4649 occisione
1889 4595 2037 4650 iusta
2062 4600 2119 4650 et
2148 4595 2292 4651 iniu-

694 4690 808 4755 sta,
838 4682 905 4740 de
932 4698 1042 4755 qua
1070 4688 1317 4753 constat,
1358 4688 1419 4737 ut
1446 4682 1559 4751 sic,
1598 4697 1705 4737 non
1736 4681 2007 4752 prohiberi
2044 4680 2162 4755 lege
2197 4699 2291 4739 na·

692 4779 871 4829 turae.
902 4772 1074 4844 Igitur
1103 4770 1375 4843 loquendo
1411 4771 1625 4841 proprie
1654 4768 1721 4826 de
1748 4770 1942 4843 quinto
1970 4778 2286 4843 praecepto,

694 4862 807 4917 sine
833 4874 1001 4915 causa
1044 4859 1103 4914 tit
1137 4860 1414 4931 excepti0,
1449 4864 1513 4914 ut
1540 4858 1759 4930 patebit.
1807 4859 1877 4914 Et
1902 4858 2095 4916 eodem
2124 4860 2286 4917 modo

692 4952 919 5020 possent
938 4947 1026 5004 isti
1052 4952 1308 5003 auctores
1329 4946 1576 5018 excipere
1599 4947 1891 5018 septimum
1906 4955 2282 5021 praeceptum,

686 5036 775 5093 vel
806 5039 857 5092 in
882 5036 972 5092 illo
995 5036 1351 5109 distinguere,
1378 5036 1504 5109 quia
1524 5038 1684 5093 etiam
1708 5037 1955 5107 acceptio
1982 5037 2058 5093 rei
2086 5038 2286 5095 alienae

696 5131 877 5197 potest
904 5124 1175 5183 interdum
1206 5126 1348 5182 iuste
1376 5126 1515 5182 fieri.

710 5274 713 5279 ,
770 5217 845 5271 De
887 5212 1222 5272 affirmativis
1268 5221 1453 5272 autem
1494 5214 1818 5287 praeceptis,
1848 5214 2012 5272 Maior
2040 5216 2284 5283 absolute

2186 370 2386 418 LIBER
2417 370 2493 418 11.

2367 492 2533 565 dicit,
2579 495 2754 551 omnia
2793 510 2915 552 esse
2955 495 3363 569 dispensabilis.
3409 499 3476 555 Et
3519 499 3714 571 probat
3755 501 3959 573 primo,

2365 584 2495 654 quia
2535 590 2718 654 potest
2749 582 2892 641 Deus
2935 601 3040 642 non
3081 602 3419 645 concurrere
3459 604 3590 645 curn
3627 587 3845 647 bomine
3889 590 3960 647 ad

2367 686 2782 745 quemcumque
2825 681 3014 731 actum
3055 682 3430 746 praeceptum.
3463 676 3570 733 Sed
3616 678 3720 734 hoc
3761 682 3964 751 imper-

2367 762 2544 818 tinens
2588 769 2704 833 est,
2737 766 2866 836 quia
2907 764 3013 820 hoc
3056 782 3164 821 non
3207 773 3293 822 est
3332 766 3683 838 dispensare,
3713 767 3808 823 sed
3851 768 3959 824 tol>-

2364 849 2475 905 lere
2503 858 2830 935 potestatem
2851 853 3132 925 operandi.
3149 854 3280 921 Quis
3298 856 3438 911 enim
3463 854 3634 923 dicat,
3663 870 3830 911 unum
3856 856 3962 913 ho-

2363 942 2558 995 minem
2587 940 2906 1012 dispensare
2934 940 3195 1009 eumalio
3214 984 3228 1012 ,
3259 960 3327 1000 ne
3355 942 3541 1000 audiat
3566 945 3807 1015 Missam,
3837 947 3958 1003 vio-

2363 1028 2534 1085 lenter
2564 1028 2718 1085 illum
2747 1030 3056 1101 detinendo,
3089 1038 3187 1088 ant
3214 1034 3290 1089 ita
3317 1033 3554 1105 graviter
3586 1032 3952 1104 vulnerando,

2364 1126 2425 1174 ut
2451 1119 2596 1174 illam
2624 1119 2814 1176 audire
2843 1136 2950 1177 non
2981 1124 3194 1192 possit?
3223 1120 3426 1178 Probat
3450 1120 3666 1194 deinde,
3697 1124 3826 1194 quia
3854 1138 3955 1193 pro

2360 1223 2714 1281 quocumque
2759 1215 3003 1281 tempore
3036 1210 3248 1281 signato
3289 1216 3472 1281 potest
3510 1213 3654 1267 Deus
3699 1212 3962 1282 praebere

2360 1294 2674 1352 facultatem
2719 1313 2824 1353 non
2876 1297 3167 1355 exercendi
3214 1305 3400 1355 actum
3441 1307 3828 1371 praeceptum,
3873 1300 3960 1356 vel

2359 1386 2522 1441 etiam
2553 1386 2867 1457 praecipere
2905 1386 3088 1443 facere
3127 1386 3301 1458 aliud3
3343 1403 3476 1459 ergo
3506 1387 3616 1444 hoc
3655 1388 3818 1446 modo
3856 1404 3959 1459 po-

2357 1475 2485 1530 terit
2513 1490 2612 1545 pro
2650 1480 2762 1531 toto
2803 1482 3045 1545 tempore
3083 1478 3223 1532 vitae
3260 1475 3598 1547 dispensare.
3633 1477 3737 1535 Sed
3767 1493 3947 1549 neque

2360 1562 2466 1619 hoc
2499 1568 2687 1635 urget:
2733 1566 2776 1619 si
2813 1564 3241 1636 consideremus,
3273 1572 3629 1637 praeceptum
3668 1567 3954 1623 affirmati-

2359 1667 2488 1706 vum
2529 1667 2636 1708 non
2674 1652 2913 1725 obligare
2956 1669 3055 1725 pro
3098 1670 3343 1726 semper3
3385 1661 3443 1711 et
3483 1655 3677 1711 stando
3720 1658 3775 1711 in
3816 1670 3961 1728 pura

2359 1738 2478 1812 lege
2507 1746 2736 1797 naturae
2766 1756 2870 1797 non
2903 1741 3100 1798 habere
3129 1742 3276 1799 aliud
3309 1750 3557 1814 tempus,
3589 1760 3689 1814 pro
3719 1760 3832 1817 quo
3861 1744 3959 1800 de·-

2359 1829 2653 1886 terminare
2682 1831 2916 1903 obliget,
2949 1832 3043 1887 nisi
3070 1832 3239 1895 illud,
3273 1832 3422 1905 quod
3453 1837 3762 1891 necessaria
3792 1850 3960 1891 occa-

2361 1920 2464 1988 sio,
2498 1920 2582 1975 vel
2610 1922 2990 1992 opportunitas
3019 1920 3303 1979 definierit.
3337 1922 3490 1980 Unde
3529 1924 3779 1995 quamvis
3823 1939 3958 1979 con-

2361 2010 2555 2081 tingat,
2590 2017 2764 2066 totum
2795 2011 2930 2067 vitae
2975 2017 3190 2081 tempus
3233 2012 3460 2084 transigi
3501 2014 3617 2067 sine
3660 2012 3749 2069 tali
3789 2029 3957 2071 occ-a-

2361 2097 2511 2154 sione
2539 2098 2624 2155 vel
2655 2101 3092 2172 opportunitate,
3122 2108 3178 2157 et
3206 2101 3326 2158 ideo
3348 2118 3630 2175 nunquam
3657 2119 3958 2161 occurrere

2361 2186 2746 2259 obligationem
2803 2194 3113 2262 praecepti,
3160 2207 3264 2247 non
3306 2199 3594 2265 propterea
3633 2194 3962 2250 interveniat

2362 2275 2726 2348 dispensatio,
2759 2294 2882 2333 nam
2915 2278 3018 2334 hoc
3046 2280 3561 2337 etiam-naturaliter
3579 2286 3633 2336 et
3653 2280 3764 2337 sine
3795 2278 3957 2338 inira-

2358 2364 2489 2421 culo
2520 2367 2840 2438 contingere
2866 2374 3066 2447 potest.
3101 2370 3259 2425 Ratio
3288 2384 3419 2440 ergo
3449 2369 3539 2426 illa
3567 2369 3636 2426 ad
3673 2386 3955 2427 summum

2363 2454 2582 2526 probat,
2615 2470 2776 2525 posse
2807 2445 3218 2527 Deumi‘acere,
3251 2463 3314 2513 ut
3340 2458 3388 2511 in
3420 2458 3648 2530 singulis
3691 2462 3957 2532 tempori-

2360 2542 2465 2599 bus
2491 2546 2766 2616 praecepti
2792 2544 3084 2601 necessitas
3109 2560 3213 2601 non
3236 2553 3517 2619 occurrat,
3543 2548 3624 2604 vel
3646 2548 3773 2620 quia
3801 2555 3966 2622 urget

2362 2632 2506 2688 aliud
2531 2642 2887 2705 praeceptum
2911 2634 3104 2705 magis,
3132 2635 3213 2690 vel
3237 2636 3364 2707 quia
3387 2650 3567 2692 rerum
3590 2636 3959 2694 circumstan-

2359 2721 2465 2777 tiae
2495 2726 2798 2777 mutantur.
2825 2722 2978 2789 Quod
3009 2724 3051 2777 si
3075 2724 3238 2779 Maior
3267 2724 3416 2796 velit,
3448 2725 3720 2781 stantibus
3749 2726 3958 2782 eisdem

2359 2810 2830 2881 circumstantiiS,
2870 2828 2997 2868 cum
3037 2812 3238 2884 quibus
3275 2813 3478 2885 obligat
3513 2815 3763 2871 naturale
3801 2830 3960 2887 prae-

2358 2904 2603 2969 ceptum,
2635 2916 2796 2971 posse
2827 2902 2996 2957 Deum
3035 2900 3166 2957 dare
3204 2902 3493 2972 licentiam,
3525 2900 3592 2960 ne
3631 2904 3949 2976 impleatur,

2358 2986 2491 3044 illud
2523 3004 2630 3044 non
2659 2989 2877 3060 probat,
2909 2989 3002 3045 sed
3032 2991 3265 3047 assumit
3297 2998 3529 3047 tantum.

2444 3081 2528 3133 tt.
2551 3076 2852 3133 Durandus
2882 3084 3066 3133 autem
3097 3079 3382 3151 distinguit
3408 3081 3548 3137 inter
3586 3089 3948 3153 praeceptum

2359 3165 2565 3235 primae
2593 3172 2647 3221 et
2674 3165 2948 3222 secundae
2981 3166 3226 3238 tabulae,
3261 3174 3316 3224 et
3343 3169 3494 3240 prius
3532 3167 3668 3225 dicit
3701 3186 3824 3226 esse
3863 3170 3951 3226 in·

2359 3252 2737 3325 dispensabile,
2769 3256 3041 3326 posterius
3071 3263 3252 3313 autem
3281 3257 3588 3330 dispensari
3617 3275 3798 3330 posse.
3818 3262 3958 3317 Pro-

2359 3341 2451 3398 bat
2481 3343 2581 3398 hac
2614 3346 2856 3415 ratione,
2887 3344 3012 3417 quia
3051 3348 3228 3401 omnis
3271 3348 3497 3402 materia
3518 3391 3531 3417 ,
3563 3362 3594 3403 a
3629 3363 3739 3421 qua
3773 3355 3959 3420 potest

2359 3430 2561 3487 auferri
2591 3433 2726 3488 ratio
2753 3431 2942 3505 debiti,
2970 3433 3349 3506 dispensabilis
3371 3443 3486 3509 est3
3517 3435 3602 3493 illa
3624 3453 3776 3510 vero,
3801 3454 3946 3511 quae

2361 3518 2523 3576 habet
2557 3519 2802 3577 debitum
2840 3522 3175 3595 separabile,
3215 3532 3302 3581 est
3341 3525 3809 3597 indispensahilis3
3852 3527 3949 3583 sed

2362 3611 2586 3666 materia
2614 3609 2834 3667 illorum
2865 3619 3284 3685 praeceptorum
3306 3616 3378 3670 ita
3401 3630 3460 3670 se
3482 3614 3663 3689 habet3
3688 3630 3840 3690 ergo.
3862 3617 3956 3673 Mi-

2361 3715 2547 3756 norem
2582 3700 2774 3772 prohat
2803 3700 2904 3757 hac
2933 3702 3204 3775 analogia,
3237 3706 3365 3775 quia
3392 3702 3754 3775 dependentia
3783 3721 3814 3761 a
3842 3708 3952 3762 Deo

2360 3796 2447 3846 est
2474 3790 2843 3867 inseparabilis
2873 3791 2942 3846 ab
2971 3792 3212 3864 homine3
3247 3792 3602 3865 dependentia
3629 3809 3758 3850 vero
3789 3796 3952 3852 unius

2361 3877 2590 3935 hominis
2635 3879 2700 3933 ab
2740 3880 2843 3936 alio
2887 3886 2972 3935 est
3007 3880 3322 3953 separabilis
3365 3897 3395 3937 a
3429 3896 3828 3955 quocumque:
3883 3886 3964 3939 sic

2357 3984 2490 4041 ergo
2531 3984 2563 4025 a
2601 3969 2759 4025 cultu
2787 3970 2880 4025 Dei
2917 3978 3004 4027 est
3042 3971 3394 4041 inseparabile
3433 3969 3710 4043 debitum3
3752 3974 3821 4029 ab
3861 3972 3960 4029 ho-

2359 4074 2490 4114 nore
2520 4066 2700 4116 autem
2731 4065 3020 4129 parentum
3049 4061 3290 4131 separari
3321 4065 3518 4131 potest.
3548 4061 3694 4117 Unde
3720 4076 3830 4116 non
3859 4078 3959 4133 po-

2362 4154 2471 4204 test
2497 4150 2642 4204 Deus
2670 4148 2851 4205 facere
2878 4148 3008 4219 quin
3037 4148 3109 4204 illi
3132 4147 3470 4205 credendum
3499 4150 3588 4220 sit,
3613 4155 3671 4206 et
3699 4164 3955 4205 reveren-

2361 4238 2436 4293 tia
2464 4237 2798 4308 exbibenda3
2829 4242 3014 4307 potest
3043 4244 3226 4295 autem
3257 4238 3458 4303 facere,
3485 4253 3553 4293 ne
3579 4246 3834 4309 parentes
3863 4238 3960 4295 ho·

2358 4333 2646 4382 norentur.
2681 4326 2785 4383 Sed
2815 4325 2997 4398 quoad
3029 4330 3282 4383 neutram
3323 4333 3534 4398 partem
3575 4327 3791 4384 videtur
3829 4328 3959 4384 mihi

2359 4416 2496 4470 ratio
2537 4414 2764 4486 efficax,
2797 4430 2898 4470 nec
2926 4414 3205 4471 distinctio
3235 4421 3514 4473 constanS.
3548 4418 3790 4474 Primum
3827 4433 3957 4489 pro-

2361 4504 2452 4575 bo,
2477 4505 2612 4577 quia
2626 4504 2784 4576 longe
2808 4503 2952 4560 aliud
2973 4511 3057 4560 est
3079 4504 3145 4560 de
3167 4504 3528 4576 dependentia
3550 4522 3582 4561 a
3605 4507 3712 4562 Deo
3737 4506 3789 4561 in
3811 4521 3958 4579 esse;

2359 4593 2494 4650 haec
2524 4596 2666 4650 enim
2694 4594 2998 4650 essentialis
3035 4601 3151 4666 est,
3181 4595 3312 4667 quia
3349 4595 3462 4651 sine
3503 4596 3592 4651 illa
3629 4612 3738 4652 non
3775 4603 3960 4667 potest

2359 4682 2522 4739 homo
2561 4682 2894 4752 subsistere3
2943 4683 3058 4739 sine
3098 4684 3317 4740 actione
3366 4690 3547 4741 autem
3595 4685 3790 4741 morali
3831 4700 3964 4758 erga

2357 4774 2529 4828 Deum
2559 4776 2740 4842 potest
2765 4772 3029 4843 existere3
3060 4772 3170 4828 imo
3199 4778 3258 4829 et
3282 4772 3418 4828 bene
3447 4774 3661 4845 operari
3690 4774 3839 4830 circa
3860 4774 3968 4830 alia

2358 4860 2594 4917 obiecta.
2628 4862 2761 4917 Item
2798 4860 3050 4933 quamvis
3091 4862 3328 4932 potuerit
3354 4864 3498 4918 Deus
3526 4863 3738 4933 facere,
3773 4870 3836 4919 ut
3863 4864 3961 4919 Pe-

2357 4958 2480 5009 trus
2509 4968 2562 5006 v.
2595 4967 2652 5024 g.
2685 4966 2792 5006 non
2824 4949 3080 5006 habuerit
3118 4966 3240 5007 esse
3282 4966 3313 5007 a
3342 4952 3457 5007 suis
3495 4951 3848 5022 parentibus,
3881 4958 3968 5009 ta-

2356 5056 2482 5097 men
2511 5040 2616 5096 hoc
2646 5054 2752 5095 non
2782 5046 2932 5095 esset
2959 5038 3277 5110 dispensare
3304 5039 3354 5093 in
3380 5045 3674 5111 praecepto
3694 5037 3762 5096 de
3783 5038 3964 5095 bono·

2357 5129 2541 5186 randis
2572 5128 2918 5199 parentibus3
2950 5128 3237 5199 supposito
3265 5126 3621 5201 autem-quod
3647 5126 3844 5184 abillis
3867 5127 3964 5184 ha-

2353 5217 2475 5275 buit
2501 5231 2657 5288 esse,
2687 5217 2796 5273 iam
2826 5217 3120 5274 intervenit
3147 5215 3506 5289 dependentia
3538 5232 3570 5273 a
3599 5232 3708 5289 qua
3745 5217 3964 5289 insepa-
