4325 6267
1786 286 1998 342 CAPUT
2024 287 2103 338 11.

304 410 420 468 tere
447 417 582 468 cum
613 407 703 467 illa
731 408 1047 468 coincidere
1069 418 1348 470 censeant:
1373 410 1552 470 divina
1575 418 1760 470 autem
1780 425 1915 483 pro-

304 499 548 556 videntia
586 499 738 556 cirea
781 515 949 573 opera
977 500 1070 557 Dei
1102 509 1394 575 versatur,
1424 517 1534 559 non
1561 501 1714 560 circa
1741 503 1915 558 Deum

307 589 486 662 ipsum
539 589 848 646 secundum
897 605 976 646 se.
1018 589 1173 650 Unde
1210 592 1488 664 generatio
1530 599 1759 650 aeterna
1797 591 1916 648 Filii

302 681 434 752 Dei,
477 679 566 737 vel
606 679 896 750 productio
937 680 1178 751 Spiritus
1215 681 1392 738 sancti
1427 697 1535 737 non
1572 679 1782 738 cadunt
1810 680 1916 736 sub

301 770 480 842 legem
503 811 519 843 ,
552 771 684 843 quia
711 776 844 826 sunt
870 770 1088 826 omnino
1119 769 1423 842 naturales,
1453 777 1511 827 et
1537 779 1646 826 non
1673 785 1740 826 ex
1767 767 1914 826 dire-

303 861 492 917 ctione
535 865 634 915 aut
673 859 954 931 motione,
997 873 1139 931 quae
1181 857 1480 933 praecedat
1505 875 1603 932 per
1643 858 1917 916 dictamen

301 950 571 1022 rationis,
602 948 687 1006 vel
727 947 1145 1020 applicationem
1185 947 1519 1021 voluntatis3
1563 963 1705 1022 quae
1750 947 1916 1004 motio

301 1039 549 1112 pertinet
588 1038 659 1095 ad
709 1040 978 1094 rationem
1029 1036 1198 1112 legis,
1239 1044 1295 1095 et
1329 1039 1520 1097 eadem
1563 1041 1772 1097 ratione
1812 1051 1915 1095 nec

305 1143 487 1199 amor,
520 1143 631 1202 quo
663 1129 810 1184 Deus
839 1142 899 1183 se
928 1132 1094 1200 amat,
1122 1135 1210 1184 est
1235 1143 1302 1186 ex
1324 1127 1445 1202 lege
1468 1135 1710 1194 aeterna,
1733 1127 1828 1184 sed
1849 1143 1917 1185 ex

303 1223 524 1275 natura.
575 1217 732 1274 Ratio
772 1232 906 1274 vero
945 1223 1062 1290 est,
1106 1217 1233 1290 quia
1274 1216 1360 1274 lex
1399 1233 1508 1274 non
1545 1223 1631 1275 est
1658 1217 1724 1274 de
1749 1218 1916 1275 rebus

301 1322 402 1379 per
445 1322 506 1363 se
547 1312 607 1363 et
647 1307 714 1362 ab
755 1305 1050 1363 intrinseco
1085 1307 1442 1378 necessariis,
1475 1322 1616 1380 quae
1645 1323 1755 1364 non
1783 1307 1917 1364 indi-

301 1403 438 1470 gent
461 1396 680 1468 regula,
705 1393 803 1452 sed
825 1395 892 1452 ab
913 1396 1212 1452 intrinseco
1236 1396 1438 1453 babent
1457 1403 1676 1454 certum
1698 1395 1914 1453 essendi

305 1484 564 1558 modum,
595 1491 654 1542 et
679 1501 777 1557 per
807 1501 927 1542 sese
956 1491 1142 1542 rectae
1165 1492 1313 1542 suut.
1338 1484 1648 1543 Difficultas
1668 1500 1802 1558 ergo
1826 1501 1917 1541 so·

305 1577 424 1632 lum
460 1576 528 1633 de
559 1576 772 1633 actibus
799 1574 1004 1646 liberis,
1033 1576 1128 1648 qui
1155 1575 1208 1632 iu
1235 1577 1344 1631 Deo
1375 1581 1526 1646 sunt,
1555 1581 1614 1631 et
1640 1581 1914 1647 quatenus

303 1664 461 1722 liberi
516 1671 680 1736 sunt,
737 1663 970 1721 morales
1017 1663 1128 1720 dici
1182 1671 1448 1738 possunt,
1478 1670 1755 1740 quatenus
1783 1678 1916 1721 vero

309 1760 447 1811 sunt
473 1753 738 1826 operativi
767 1753 835 1810 ad
865 1760 1041 1822 extra,
1064 1752 1173 1809 dici
1201 1759 1436 1826 possunt
1461 1753 1759 1811 artificiosi.

390 1847 446 1901 3.
475 1843 595 1899 Dici
623 1859 758 1917 ergo
787 1843 872 1898 vel
913 1841 1143 1917 cogitari
1187 1847 1395 1916 potest,
1429 1843 1606 1915 legem
1634 1849 1912 1900 aeternam

307 1933 418 1991 sub
461 1943 697 2006 utraque
737 1933 942 1989 ratione
981 1947 1103 1989 esse
1141 1948 1457 1990 mensuram
1487 1949 1551 1990 ac
1581 1932 1828 2007 regulam
1857 1947 1914 1988 a·

304 2030 508 2080 ctuum
539 2021 840 2078 liberorum
870 2021 985 2078 Dei.
1016 2020 1199 2096 Primo
1227 2027 1502 2093 quatenus
1525 2021 1761 2078 morales
1782 2027 1915 2079 sunt

305 2117 363 2168 et
403 2109 652 2181 honesti3
698 2112 777 2168 sic
815 2113 960 2167 enim
997 2109 1323 2183 regulantur
1349 2126 1450 2182 per
1477 2113 1747 2168 rationem
1773 2109 1913 2167 divi-

303 2216 459 2271 nam,
495 2207 756 2274 tanquam
784 2216 882 2272 per
908 2199 1216 2257 naturalem
1245 2199 1420 2273 legem
1441 2200 1614 2270 ipsius
1635 2200 1748 2256 Dei.
1777 2202 1910 2256 Pro·

307 2291 506 2362 batur,
551 2291 682 2364 quia
719 2291 866 2346 Deus
907 2305 1124 2360 semper
1164 2288 1478 2346 secundum
1507 2293 1716 2346 rectam
1744 2289 1914 2346 ratio-

305 2395 432 2436 nem
483 2385 786 2451 operatur,
830 2394 936 2435 non
976 2376 1239 2449 alienam,
1285 2378 1381 2436 sed
1422 2379 1732 2450 propriam;
1777 2393 1911 2452 ergo

306 2484 567 2527 mensura
606 2467 956 2526 rectitudinis
994 2466 1296 2524 liberorum
1340 2473 1567 2524 actuum
1614 2467 1910 2525 voluntatis

307 2561 402 2617 Dei
421 2565 510 2616 est
537 2559 799 2616 iudicium
828 2559 913 2614 sui
935 2558 1267 2630 intellectus,
1291 2557 1440 2630 quod
1463 2555 1652 2614 ordine
1683 2558 1908 2614 rationis

308 2646 608 2719 antecedit,
632 2662 744 2721 quo
769 2645 999 2718 iudicat,
1023 2647 1096 2703 ita
1118 2661 1240 2703 esse
1262 2645 1592 2722 faciendum.
1608 2645 1748 2703 Illud
1777 2661 1910 2718 ergo

307 2739 575 2797 iudicium
602 2737 766 2794 habet
794 2737 1062 2793 rationem
1091 2735 1227 2810 legis
1255 2742 1506 2792 aeternae
1535 2741 1799 2806 respectu
1825 2733 1904 2793 di-

309 2829 464 2884 vinae
505 2827 824 2884 voluntatis.
863 2826 1252 2897 confirmatur,
1283 2839 1348 2881 ac
1379 2824 1696 2883 declaratur
1721 2841 1908 2882 exem·

303 2919 439 2992 plis,
471 2934 594 2975 nam
637 2919 682 2973 si
719 2918 865 2974 Deus
892 2915 1169 2990 loquitur,
1203 2930 1394 2972 verum
1424 2915 1578 2985 dicit,
1612 2915 1742 2987 quia
1767 2914 1908 2972 iudi-

303 3013 418 3078 cat,
443 3008 661 3064 mentiri
690 3022 812 3063 esse
835 3006 1062 3078 malum3
1088 3011 1144 3062 et
1162 3006 1206 3062 si
1226 3005 1512 3078 promittit,
1537 3004 1748 3076 implet,
1773 3005 1906 3078 quia

305 3097 550 3170 iudicat,
579 3095 888 3153 fidelitatem
923 3110 1044 3152 esse
1072 3093 1358 3152 honestam
1387 3100 1446 3152 et
1470 3100 1900 3152 consentaneam

303 3195 537 3244 naturae
565 3201 720 3254 suae,
750 3191 808 3242 et
833 3183 1024 3242 eadem
1051 3183 1261 3240 ratione
1284 3183 1386 3240 sibi
1411 3183 1721 3256 complacet
1743 3184 1798 3238 in
1822 3199 1908 3240 re-

301 3274 409 3333 bus
437 3274 700 3345 honestis,
733 3281 790 3331 et
819 3273 1111 3345 displicent
1137 3273 1208 3330 illi
1232 3279 1482 3346 peccata,
1507 3273 1637 3345 quia
1661 3272 1796 3330 ratio
1819 3287 1908 3328 re-

303 3369 396 3421 cta
435 3363 610 3421 dictat
647 3365 722 3420 ita
760 3378 880 3420 esse
911 3362 1417 3435 faciendum3ergo
1445 3362 1498 3417 in
1526 3362 1745 3419 actibus
1785 3363 1904 3418 suis

303 3452 606 3510 moralibus
626 3451 851 3508 ducitur
874 3467 974 3509 sua
997 3451 1448 3508 ratione·aeterna
1471 3456 1732 3522 tanquam
1756 3449 1898 3523 lege3

300 3559 439 3616 ergo
468 3558 536 3599 ex
571 3541 673 3598 hac
712 3549 865 3612 parte
901 3541 988 3598 lex
1015 3545 1236 3597 aeterna
1262 3543 1372 3596 Deo
1403 3539 1502 3612 ipsi
1530 3541 1788 3611 imposita
1821 3545 1910 3596 est

302 3631 486 3706 quoad
527 3637 686 3689 actus
724 3629 962 3688 morales
990 3630 1284 3688 voluntatis
1311 3629 1434 3686 eius
1453 3670 1469 3699 ,
1497 3635 1554 3687 et
1583 3644 1778 3687 eorum
1808 3628 1908 3686 bo·

305 3727 598 3778 aestatem.

381 3811 642 3870 Secundo
682 3809 851 3869 videri
879 3815 1060 3882 potest
1085 3807 1170 3866 lex
1199 3808 1292 3865 illa
1319 3813 1541 3865 aeterna
1569 3824 1732 3881 posse
1763 3824 1897 3866 con-

303 3903 412 3973 cipi
441 3906 505 3959 ut
531 3900 650 3973 lex,
682 3915 850 3974 quam
875 3899 1021 3955 Deus
1048 3902 1113 3954 ut
1140 3897 1332 3955 artifex
1362 3896 1462 3953 sibi
1490 3897 1592 3970 ipsi
1618 3899 1902 3970 imposuit,

307 3995 372 4046 ut
391 3988 700 4046 secundum
722 3987 868 4044 illam
891 4002 992 4042 sua
1016 4001 1182 4058 opera
1202 3987 1430 4043 taceret.
1454 3987 1590 4043 Nam
1615 4001 1743 4043 cum
1761 3989 1907 4043 Deus

305 4083 495 4150 posset
535 4076 698 4133 variis
739 4074 914 4134 modis
957 4074 1225 4132 mundum
1269 4075 1566 4144 fabricare,
1597 4079 1655 4130 et
1692 4089 1905 4147 regere,

305 4168 521 4239 statuit,
538 4165 692 4223 illum
714 4165 919 4222 secund
931 4182 1021 4223 um
1039 4165 1338 4240 quamdam
1360 4170 1568 4222 certam
1587 4164 1760 4238 legem
1777 4180 1911 4221 con-

306 4259 561 4328 stituere,
591 4263 650 4313 et
677 4254 1003 4328 gubernare,
1037 4263 1101 4313 ut
1125 4273 1180 4310 v.
1210 4271 1268 4329 g.
1301 4257 1494 4312 statuit
1518 4255 1816 4324 elementa,
1848 4260 1905 4311 et

250 4415 258 4418 ,
305 4348 471 4405 orbes
500 4345 763 4403 caelestes
795 4345 888 4402 tali
916 4343 1105 4401 ordine
1135 4345 1498 4416 constituere,
1527 4350 1582 4400 et
1612 4359 1784 4417 aquas
1809 4341 1900 4400 tali

302 4438 432 4494 loco
461 4435 761 4492 continere.
805 4436 938 4492 ltem
967 4434 1157 4491 statuit
1184 4435 1318 4490 tales
1347 4449 1552 4507 poenas
1581 4448 1678 4506 pro
1706 4448 1904 4506 pecca-

305 4527 406 4598 tis,
447 4531 506 4581 et
546 4525 648 4580 alia
688 4523 931 4596 praemia
963 4537 1061 4593 pro
1093 4523 1301 4579 meritis
1329 4521 1588 4594 reddere,
1618 4528 1675 4579 et
1703 4538 1906 4580 secun-

303 4614 440 4671 dum
477 4611 612 4670 tales
640 4611 722 4669 vel
753 4611 890 4669 tales
925 4610 1072 4684 leges
1099 4608 1367 4668 mundum
1399 4609 1744 4684 gubernare;
1772 4625 1906 4684 ergo

305 4701 614 4759 secundum
655 4701 796 4758 hanc
835 4700 1103 4757 rationem
1141 4699 1334 4756 merito
1363 4697 1469 4754 dici
1497 4704 1700 4771 potest,
1733 4699 1908 4772 legem

308 4802 586 4848 aeternam
625 4789 826 4846 cadere
867 4789 920 4845 in
958 4789 1078 4862 ipsa
1116 4801 1284 4860 opera
1309 4786 1424 4858 Dei,
1457 4792 1520 4844 ut
1547 4786 1614 4843 ab
1644 4788 1761 4860 ipso
1792 4796 1909 4846 tan-

307 4897 474 4956 quam
515 4897 548 4938 a
589 4895 852 4952 supremo
882 4878 1114 4951 artifice,
1144 4877 1229 4934 vel
1256 4876 1628 4952 gubernatore
1657 4883 1822 4947 sunt,
1851 4884 1909 4936 et

308 4975 717 5045 consequenter
739 4966 938 5026 cadere
965 4967 1210 5040 proxime
1233 4967 1287 5024 in
1309 4973 1471 5024 actus
1493 4965 1692 5024 liberos
1715 4967 1907 5026 volun·

311 5061 435 5118 tatis
471 5060 598 5132 Dei,
637 5075 670 5115 a
702 5059 906 5132 quibus
943 5057 1072 5115 talia
1099 5072 1265 5131 opera
1291 5057 1542 5130 proxime
1569 5057 1898 5130 procedunt.

307 5152 380 5209 Et
403 5149 798 5224 confirmatur,
822 5147 953 5224 quia
981 5147 1086 5208 hac
1109 5149 1324 5208 ratione
1346 5146 1552 5208 dicitur
1572 5147 1718 5206 Deus
1739 5163 1906 5222 quae-

3432 269 3516 336 83

1983 409 2114 470 dam
2142 427 2253 470 non
2282 427 2444 486 posse
2473 411 2653 470 facere
2682 411 2991 471 secundum
3022 410 3199 486 legem
3227 411 3587 486 ordinariam,

1985 501 2261 576 videlicet,
2290 518 2457 575 quam
2486 502 2601 573 ipse
2629 501 2732 559 sibi
2760 503 3045 576 imposuit,
3072 503 3155 560 vel
3185 519 3295 560 non
3318 517 3479 575 posse
3504 518 3591 559 se-

1985 590 2237 648 cundum
2278 591 2578 662 potentiam
2620 589 2921 648 ordinatam
2948 633 2965 664 ,
3006 591 3061 649 id
3101 599 3188 648 est
3214 591 3282 649 ad
3314 592 3475 649 talem
3504 606 3598 648 or·

1984 677 2161 736 dinem
2206 679 2497 736 reductam
2538 695 2635 751 per
2674 679 2923 736 eamdem
2954 681 3151 754 legem,
3185 687 3245 738 ut
3272 681 3601 754 significavit

1984 770 2186 828 Scotus
2207 770 2261 826 in
2290 773 2341 842 1,
2368 769 2424 827 d.
2452 773 2547 840 44,
2572 787 2627 843 q.
2656 770 2842 826 unica.
2870 769 3021 826 Unde
3049 772 3091 826 si
3114 770 3349 844 aliquem
3372 772 3425 827 in
3448 787 3597 827 mor-

1983 860 2076 919 tali
2105 864 2337 932 peccato
2366 857 2695 916 defunctum
2724 861 2868 916 Deus
2891 860 2958 917 ab
2984 859 3191 916 inferno
3216 861 3491 931 liberaret,
3515 859 3597 916 di-

1985 956 2215 1007 ceretur
2241 948 2649 1021 dispensatione
2680 950 2787 1020 uti,
2812 965 2919 1004 non
2944 956 3131 1006 autem
3154 949 3461 1008 secundum
3486 955 3597 1006 sta-

1985 1045 2162 1096 tutam
2204 1037 2379 1110 legem
2430 1038 2676 1108 operari,
2720 1053 2851 1110 ergo
2883 1053 3046 1110 opera
3077 1037 3250 1095 libera
3277 1042 3371 1096 Dei
3399 1055 3493 1112 per
3524 1038 3600 1094 le-

1985 1145 2110 1202 gem
2152 1128 2221 1186 ab
2261 1130 2384 1201 ipso
2426 1134 2689 1185 statutam
2731 1128 3077 1199 regulantur.
3123 1132 3234 1186 Nec
3263 1129 3481 1186 videtur
3510 1131 3595 1184 in-

1986 1219 2347 1290 conveniens,
2378 1217 2531 1290 quod
2555 1216 2747 1273 eadem
2775 1216 3031 1273 voluntas
3058 1218 3159 1274 sibi
3188 1218 3287 1290 ipsi
3313 1221 3384 1274 sit
3402 1219 3490 1275 lex
3511 1232 3597 1274 se-

1987 1306 2237 1365 cundum
2276 1313 2440 1364 actus
2480 1308 2690 1364 ratione
2730 1304 3050 1377 distinctos;
3096 1321 3220 1362 nam
3263 1306 3456 1364 eadem
3496 1324 3595 1365 vo-

1985 1396 2171 1454 luntas
2200 1402 2384 1468 potest
2410 1396 2513 1452 sibi
2552 1395 2857 1470 imperare,
2884 1403 2943 1454 et
2970 1395 3248 1469 legislator
3275 1403 3461 1471 potest
3486 1417 3591 1458 sua

1986 1484 2105 1560 lege
2134 1486 2387 1559 obligari.

2067 1580 2123 1634 4.
2155 1576 2417 1646 Suppono
2459 1589 2525 1632 ex
2561 1573 2725 1632 dictis
2754 1575 2806 1630 in
2837 1574 3185 1647 praecedenti
3215 1575 3385 1649 libro,
3416 1575 3594 1651 legem

1985 1665 2211 1736 proprie
2248 1668 2524 1734 sumptam
2565 1678 2687 1720 esse
2725 1663 2976 1735 regulam
3012 1680 3243 1738 operum
3274 1667 3591 1740 moralium,

1989 1752 2297 1810 secundum
2324 1751 2667 1809 honestatem
2692 1767 2913 1822 eorum,
2948 1753 3240 1827 aliquando
3273 1771 3402 1812 vero
3430 1757 3595 1816 etiam

1985 1842 2093 1900 dici
2119 1842 2189 1899 de
2216 1841 2421 1914 regulis
2450 1842 2589 1898 artis
2611 1841 2697 1898 vel
2718 1842 2959 1898 alicuius
2981 1842 3413 1916 gubernationis.
3430 1848 3596 1906 Utro-

1987 1948 2098 2005 que
2137 1947 2271 2005 ergo
2302 1931 2465 1988 modo
2497 1937 2680 2004 potest
2706 1931 2791 1988 lex
2822 1939 3046 1990 aeterna
3073 1937 3263 1991 vocari
3292 1935 3403 2006 lex,
3430 1943 3487 1994 et
3514 1938 3593 1994 ita

1987 2023 2043 2078 in
2071 2027 2313 2092 utroque
2338 2035 2505 2076 sensu
2530 2033 2828 2092 possumus
2852 2019 2921 2078 ad
2943 2022 3084 2079 hanc
3105 2024 3595 2097 interrogationem

1984 2109 2341 2183 respondere.
2377 2111 2512 2167 Dico
2541 2125 2673 2183 ergo
2700 2111 2899 2182 primo,
2932 2111 3015 2169 lex
3044 2118 3289 2182 aeterna,
3318 2122 3380 2170 ut
3398 2122 3486 2171 est
3504 2132 3592 2174 re-

1986 2201 2116 2278 gula
2159 2200 2391 2258 actionis
2432 2199 2735 2257 honestatis
2764 2199 2991 2271 liberae,
3038 2217 3147 2258 non
3176 2201 3337 2260 debet
3363 2204 3587 2280 intelligi

1984 2298 2049 2349 ut
2077 2291 2334 2362 imposita
2362 2289 2461 2361 ipsi
2488 2292 2620 2361 Deo,
2652 2305 2755 2346 nec
2786 2289 3041 2348 voluntas
3069 2291 3250 2348 divina
3277 2292 3437 2351 debet
3460 2311 3592 2353 con-
3660 2313 3669 2322 ·

1985 2380 2094 2453 cipi
2136 2385 2203 2436 ut
2240 2378 2471 2435 honesta
2508 2384 2563 2434 et
2603 2385 2757 2434 recta
2784 2385 3011 2451 propter
3036 2380 3478 2439 conformitatem
3517 2383 3589 2440 ad

1982 2470 2156 2541 legem
2186 2475 2484 2538 aeternam,
2516 2467 2610 2523 cui
2638 2468 2983 2526 subiiciatur.
3016 2469 3097 2525 Ita
3123 2469 3179 2526 d.
3212 2470 3407 2526 Thom.
3443 2476 3491 2530 1.
3519 2478 3579 2544 2,

1981 2573 2039 2630 q.
2060 2561 2132 2615 93
2153 2597 2171 2628 ,
2197 2563 2303 2613 art.
2337 2559 2395 2614 4.
2429 2554 2495 2612 ad
2532 2560 2659 2625 1,et
2685 2556 2893 2616 Alensis
2924 2561 2977 2615 3.
3014 2573 3069 2630 p.
3102 2572 3157 2630 q.
3184 2562 3281 2628 26,
3308 2558 3506 2616 memb.
3537 2567 3595 2634 8,

1981 2653 2091 2704 art.
2131 2650 2183 2705 1.
2214 2645 2499 2702 Consentit
2533 2644 2773 2702 Anselm.
2809 2645 2904 2704 lib.
2944 2653 2992 2705 1.
3031 2649 3161 2704 Cur
3190 2651 3351 2705 Deus
3386 2650 3581 2718 homo,

1981 2751 2108 2807 cap.
2151 2739 2238 2792 12.
2272 2732 2499 2806 dicens,
2530 2736 2700 2791 Deum
2729 2750 2850 2791 esse
2878 2735 3102 2792 omnino
3129 2734 3360 2793 liberum
3388 2738 3591 2810 alege,

1982 2831 2042 2881 et
2068 2823 2193 2881 ideo
2223 2823 2373 2896 quod
2401 2822 2545 2892 vult,
2578 2825 2788 2880 iustum
2815 2829 2872 2880 et
2898 2825 3231 2881 conveniens
3251 2840 3393 2898 esse,
3418 2826 3472 2882 id
3494 2843 3596 2884 au-

1981 2918 2092 2969 tem
2112 2953 2126 2982 ,
2171 2911 2323 2985 quod
2361 2917 2451 2968 est
2479 2909 2741 2968 iniustum
2772 2917 2827 2968 et
2852 2910 3134 2986 indecens,
3166 2930 3275 2970 non
3304 2913 3501 2971 cadere
3533 2916 3591 2973 in

1982 3003 2100 3059 eius
2130 3000 2469 3058 voluntatem
2489 3042 2504 3072 ,
2548 3015 2660 3056 non
2700 3005 2923 3075 propter
2964 3002 3165 3076 legem,
3198 3001 3294 3060 sed
3319 3006 3448 3077 quia
3474 3021 3588 3062 non

1979 3091 2217 3164 pertinet
2244 3089 2313 3148 ad
2338 3091 2462 3148 eius
2491 3090 2822 3148 libertatem.

2056 3182 2283 3237 Ratione
2321 3178 2665 3251 declaratur,
2696 3180 2825 3252 quia
2855 3178 2942 3238 lex
2969 3181 3067 3238 illa
3093 3181 3491 3256 intelligeretur
3520 3191 3587 3243 ut

1977 3269 2214 3343 positiva
2242 3269 2326 3326 vel
2356 3273 2421 3326 ut
2444 3268 2744 3342 naturalis3
2778 3277 2979 3328 neutro
3007 3279 3195 3330 autem
3226 3272 3388 3331 modo
3416 3276 3577 3332 intel-

1979 3357 2069 3431 ligi
2092 3362 2298 3429 potest3
2323 3373 2476 3430 ergo.
2497 3357 2769 3415 Probatur
2793 3361 2969 3416 minor
2992 3362 3173 3434 quoad
3196 3364 3431 3435 priorem
3453 3381 3579 3436 par-

1980 3453 2125 3519 tem3
2168 3446 2299 3519 quia
2338 3445 2424 3502 lex
2468 3446 2697 3517 positiva
2722 3453 2809 3503 est
2835 3447 2944 3519 illa,
2976 3465 3119 3522 quae
3145 3453 3370 3523 ponitur
3398 3468 3496 3524 per
3524 3453 3587 3509 li-

1979 3537 2169 3593 beram
2206 3535 2547 3593 voluntatem
2586 3536 2825 3594 alicuius
2868 3539 3106 3609 potentis
3144 3543 3459 3612 praecipere
3482 3585 3497 3612 ,
3530 3550 3588 3601 et

1980 3641 2082 3682 suo
2124 3631 2421 3698 praecepto
2462 3641 2559 3681 seu
2598 3625 2881 3684 voluntate
2913 3628 3158 3703 obligare
3179 3646 3308 3687 eum
3331 3674 3344 3701 ,
3376 3633 3467 3689 cui
3496 3632 3584 3692 lex

1977 3715 2312 3787 imponitur,
2358 3715 2456 3772 sed
2494 3717 2642 3772 Deus
2680 3733 2791 3772 non
2820 3716 2984 3775 habet
3010 3721 3374 3792 superiorem,
3404 3738 3585 3797 neque
3634 3706 3639 3715 ¹

1977 3821 2039 3861 se
2064 3807 2247 3878 ipsum
2278 3819 2377 3876 per
2405 3802 2631 3861 modum
2659 3807 2937 3879 praecepti
2966 3814 3024 3864 et
3049 3809 3182 3883 legis
3212 3811 3453 3885 obligare
3482 3830 3579 3886 po-

1978 3899 2112 3966 test,
2143 3894 2271 3966 quia
2298 3909 2405 3948 non
2432 3898 2517 3949 est
2543 3893 2642 3949 sibi
2666 3896 2951 3968 superior3
2976 3912 3108 3971 ergo
3134 3900 3283 3956 nullo
3307 3900 3471 3958 modo
3494 3909 3578 3960 est

1976 4000 2150 4056 capax
2176 3983 2439 4056 positivae
2460 3983 2614 4056 legis.
2642 3984 3032 4056 confirmatur,
3057 3990 3184 4059 quia
3208 3996 3465 4062 respectu
3488 3993 3586 4050 Dei

1978 4074 2110 4130 nibil
2140 4081 2227 4131 est
2254 4073 2480 4143 malum,
2513 4073 2645 4145 quia
2673 4075 3047 4148 prohibitum,
3079 4078 3194 4132 sive
3220 4077 3272 4132 in
3304 4078 3577 4152 faciende,

1977 4165 2089 4221 sive
2129 4165 2186 4220 in
2217 4160 2540 4234 omittendo,
2570 4162 2701 4235 quia
2728 4165 3083 4235 quantumvis
3111 4165 3314 4238 aliquid
3343 4175 3583 4238 ponatur

1976 4267 2099 4311 esse
2143 4250 2511 4326 prohibitum,
2544 4252 2589 4306 si
2617 4253 2760 4308 Deus
2787 4253 3125 4310 contrarium
3154 4254 3340 4328 saciat,
3373 4257 3581 4315 bonum

1977 4345 2113 4415 erit,
2144 4343 2274 4415 quia
2299 4347 2386 4397 est
2411 4356 2444 4396 a
2470 4341 2644 4412 prima
2673 4340 2862 4413 regula
2892 4341 3179 4415 bonitatis,
3212 4360 3342 4416 ergo
3370 4344 3455 4404 lex
3484 4363 3581 4418 po-

1978 4435 2132 4489 sitiva
2161 4432 2212 4487 in
2241 4431 2429 4487 ordine
2458 4429 2524 4488 ad
2556 4429 2896 4488 honestatem
2924 4421 3144 4488 morum
3174 4449 3279 4489 non
3311 4433 3474 4492 habet
3494 4435 3576 4492 lo-

1978 4539 2108 4580 cum
2150 4520 2205 4576 in
2246 4519 2423 4576 divina
2463 4518 2765 4576 voluntate.
2808 4520 2983 4592 Unde,
3016 4536 3123 4576 non
3152 4521 3403 4579 obstante
3431 4539 3573 4598 qua-

1978 4626 2225 4685 cumque
2247 4609 2365 4683 lege
2388 4624 2421 4665 a
2442 4624 2499 4665 se
2524 4609 2699 4679 posita
2722 4609 2878 4664 circa
2899 4623 3083 4665 rerum
3105 4609 3579 4688 gubernationem,

1978 4706 2167 4772 potest
2186 4699 2331 4756 illam
2356 4713 2463 4754 non
2488 4711 2733 4768 servare,
2759 4712 2860 4754 sua
2882 4699 3127 4769 potentia
3149 4698 3402 4756 absoluta
3422 4709 3584 4760 uten-

1977 4788 2047 4846 do
2069 4831 2084 4860 ,
2117 4793 2182 4846 ut
2209 4789 2365 4844 circa
2394 4786 2652 4859 praemia,
2686 4788 2769 4844 vel
2799 4801 3031 4859 poenam
3058 4787 3495 4863 retribuendam,
3526 4799 3585 4850 et

1977 4878 2205 4948 similia,
2248 4876 2377 4950 quia
2416 4890 2527 4931 non
2576 4874 2850 4948 obligatur
2890 4875 2961 4932 ad
3002 4876 3327 4934 servandam
3375 4879 3574 4953 legem.

1975 4969 2113 5038 Quia
2153 4973 2241 5025 est
2276 4981 2571 5039 supremus
2598 4965 2887 5040 Dominus,
2915 4971 2970 5022 et
2996 4971 3147 5023 extra
3175 4980 3394 5025 omnem
3423 4971 3577 5028 ordi-

1975 5075 2134 5130 nem,
2174 5062 2231 5114 et
2274 5056 2347 5113 ita
2380 5071 2491 5113 non
2530 5063 2619 5114 est
2654 5055 3063 5131 comparandus
3098 5073 3229 5115 cum
3267 5059 3577 5133 legislatore

1975 5147 2253 5221 humano,
2282 5145 2381 5220 qui
2405 5151 2646 5219 estpars
2675 5163 2808 5206 suae
2836 5148 3248 5210 communitatis
3268 5191 3285 5226 ,
3312 5150 3585 5228 quidquid
