4325 6267
806 364 929 427 350

730 513 886 562 ceret
906 511 1094 561 actum
1121 511 1403 563 externum
1430 508 1567 564 bene
1587 523 1653 564 ex
1681 507 1898 565 obiecto
1924 506 2240 576 intrinseco,
2265 512 2322 560 et

728 597 1161 651 circumstantiis
1191 613 1287 668 per
1316 612 1371 653 se
1412 597 1715 671 requisitis,
1746 606 1800 654 et
1830 596 2123 655 omittendo
2152 595 2320 651 alium

729 691 915 741 actum
958 684 1291 757 interiorem,
1336 692 1469 743 tunc
1512 686 1690 743 solum
1732 692 1987 759 peccaret
2024 682 2318 741 omittendo

730 780 921 830 actum
942 774 1237 845 internum,
1255 791 1361 831 non
1375 783 1555 833 autem
1574 776 1816 833 faciendo
1832 783 2121 833 externum
2132 780 2320 831 actum

730 862 822 919 tali
850 862 1042 933 mod03
1076 880 1208 937 ergo
1238 867 1455 938 signum
1482 874 1589 931 est,
1622 866 1713 923 illa
1738 882 1859 923 esse
1885 867 1997 923 duo
2029 871 2319 937 praecepta

726 949 1005 1025 distincta,
1028 960 1084 1010 et
1114 969 1285 1011 unum
1313 970 1409 1027 per
1432 972 1490 1012 se
1516 958 1724 1013 versari
1752 957 1900 1013 circa
1928 956 2103 1035 solum
2132 960 2318 1010 actum

728 1042 1061 1103 interiorem,
1102 1041 1344 1117 illudque
1388 1051 1601 1101 tantum
1630 1062 1739 1101 non
1780 1044 1988 1117 impleri
2019 1058 2113 1117 per
2155 1044 2320 1098 inter-

728 1144 854 1187 nam
882 1132 1250 1189 omissionem.
1266 1136 1335 1189 At
1356 1132 1459 1189 hoc
1480 1135 1595 1190 lieri
1616 1149 1721 1190 non
1746 1141 1944 1207 potest,
1967 1136 2117 1191 iuxta
2140 1133 2310 1190 dicta.

724 1219 903 1276 Tertio
932 1219 984 1276 id
1013 1226 1192 1291 potest
1218 1222 1428 1278 ostendi
1460 1238 1525 1280 ex
1556 1238 1659 1279 usu
1687 1222 1995 1292 Ecclesiae,
2027 1230 2081 1277 et
2106 1221 2199 1277 illo
2229 1236 2320 1277 eo·

725 1307 851 1364 dem
896 1310 1139 1383 exemplo
1194 1310 1655 1384 indulgentiarum
1682 1334 1697 1384 3
1739 1329 1865 1369 nam
1914 1313 2163 1370 Ecclesia
2215 1324 2318 1366 non

726 1400 1019 1455 consuerit
1039 1415 1239 1472 cogere
1262 1401 1330 1458 ad
1356 1400 1519 1457 talem
1544 1390 1894 1459 intentionem
1919 1403 2180 1458 internam
2211 1416 2317 1456 non

728 1490 1095 1543 necessariam
1126 1487 1195 1543 ad
1223 1490 1583 1547 substantiam
1612 1492 1898 1548 moralium
1930 1496 2183 1561 actuum,
2215 1490 2310 1547 sed

725 1575 937 1633 inducit
964 1576 1030 1632 ad
1066 1576 1211 1634 illam
1239 1577 1512 1635 offerendo
1552 1579 1851 1652 spiritualia
1894 1578 2185 1637 commoda
2215 1578 2318 1635 sub

727 1664 815 1721 illa
842 1664 1153 1749 conditione
1172 1709 1187 1731 ,
1217 1674 1273 1724 et
1300 1684 1407 1724 non
1439 1668 1619 1743 aliter:
1652 1670 1744 1741 qui
1772 1668 1972 1726 modus
1996 1682 2210 1739 semper
2238 1668 2320 1724 iu-

726 1754 941 1810 dicatu‘s
961 1763 1048 1812 est
1076 1755 1356 1813 sufficiens
1380 1758 1447 1813 ad
1467 1758 1900 1815 subveniendum
1924 1757 2313 1814 communibus

723 1846 1141 1902 necessitatibus
1170 1848 1466 1907 Ecclesiae.
1490 1849 1637 1921 Ergo
1663 1847 1800 1905 alius
1830 1849 2174 1905 necessarius
2205 1863 2312 1902 non

723 1943 843 2005 est,
874 1950 1047 2008 neque
1076 1936 1235 1992 etiam
1264 1944 1349 1994 est
1377 1940 1705 1995 conveniens
1724 1980 1741 2007 ,
1767 1940 1896 2012 quia
1921 1945 2006 1995 est
2032 1937 2099 1995 de
2127 1953 2185 1994 re
2214 1954 2308 1995 oc·

724 2024 1024 2081 cultissima
1044 2067 1059 2089 ,
1092 2034 1150 2081 et
1174 2028 1428 2099 periculis
1455 2029 1695 2100 exposita
1712 2071 1727 2099 ,
1751 2036 1805 2086 et
1830 2028 1950 2089 ideo
1972 2029 2313 2085 verisimilius

726 2121 847 2183 est,
875 2131 981 2170 non
1012 2130 1131 2172 esse
1170 2118 1445 2174 materiam
1484 2119 1655 2189 ipsam
1686 2118 1751 2175 ad
1791 2118 1963 2192 legem
1994 2118 2308 2175 humanam.

802 2206 981 2275 Atque
1011 2203 1145 2261 haec
1176 2204 1363 2261 ultima
1404 2208 1537 2263 ratio
1576 2215 1755 2279 potest
1782 2206 2040 2279 applicari
2067 2206 2137 2264 ad
2179 2208 2320 2279 prio-

725 2306 843 2347 rem
872 2292 1115 2362 modum,
1148 2293 1214 2350 de
1246 2310 1357 2367 quo
1385 2296 1559 2353 minor
1584 2303 1672 2351 est
1700 2296 1997 2364 certitudo,
2030 2298 2160 2370 quia
2193 2297 2321 2353 licet

724 2378 811 2436 ille
834 2380 1029 2438 modus
1054 2384 1309 2453 operandi
1338 2386 1509 2457 magis
1537 2388 1880 2443 necessarius
1902 2402 2021 2443 esse
2051 2387 2224 2458 possit
2253 2384 2319 2442 ad

726 2469 900 2526 bonos
937 2488 1117 2528 mores
1152 2472 1426 2547 fidelium,
1460 2474 1803 2533 nihilominus
1844 2484 2023 2533 tamen
2055 2476 2121 2533 ad
2158 2492 2322 2550 gene·

727 2558 895 2615 ralem
922 2566 978 2616 et
1012 2563 1422 2620 convenientem
1452 2564 1727 2623 Ecclesiae
1770 2566 2216 2639 gubernationem
2247 2567 2322 2621 vi-

726 2648 888 2704 detur
914 2648 1192 2722 sufficere,
1215 2658 1275 2708 ut
1302 2667 1401 2723 per
1426 2651 1574 2725 leges
1604 2644 2008 2726 praecipiantur
2040 2661 2201 2711 actus
2229 2670 2319 2711 ex-

729 2740 869 2794 terni
891 2736 959 2794 de
988 2754 1046 2794 se
1074 2740 1219 2811 boni,
1247 2742 1329 2798 vel
1361 2742 1613 2815 religiosi,
1636 2760 1765 2799 cum
1795 2744 2200 2801 conditionibus
2229 2760 2322 2799 ne-

722 2830 1014 2900 cessariis,
1046 2838 1109 2887 ut
1146 2833 1255 2887 siut
1283 2831 1420 2888 tales
1460 2841 1621 2890 actus
1652 2833 1906 2891 morales.
1938 2836 2069 2890 Nam
2096 2850 2161 2889 eo
2202 2836 2319 2905 ipso

726 2918 990 2976 naturalis
1018 2921 1152 2977 ratio
1171 2961 1188 2991 ,
1218 2921 1299 2977 rel
1330 2922 1415 2977 ius
1450 2922 1693 2979 divinum
1722 2923 1962 2995 obligat,
1996 2932 2058 2980 ut
2094 2923 2318 2981 honeste

656 3052 675 3061 -
726 3022 825 3064 seu
853 3008 1017 3082 digne
1056 3009 1216 3079 liant,
1248 3025 1381 3083 ergo
1420 3027 1527 3067 non
1566 3016 1811 3084 oportuit
1842 3013 1893 3068 in
1933 3013 2036 3069 hoc
2065 3013 2319 3086 multipli-

724 3097 840 3153 cari
874 3097 1251 3155 ecclesiastica
1293 3108 1615 3174 praecepta,
1648 3102 1876 3159 maxime
1904 3101 2121 3175 quando
2158 3105 2320 3158 recti-

726 3185 859 3242 tudo
889 3186 1087 3257 pendet
1112 3203 1179 3244 ex
1206 3189 1326 3245 solo
1357 3198 1490 3247 actu
1509 3232 1524 3259 ,
1558 3190 1639 3247 vel
1671 3189 2021 3263 dispositione
2048 3192 2316 3261 interiori,

722 3272 791 3330 de
816 3290 925 3348 qua
952 3276 1234 3334 Ecclesiae
1262 3287 1517 3335 constare
1543 3296 1648 3335 non
1689 3287 1887 3351 potest.
1920 3281 2147 3337 Accedit
2169 3280 2318 3353 quod

726 3362 845 3419 talis
883 3366 1301 3423 circumstantia
1342 3382 1437 3440 per
1478 3384 1536 3425 se
1582 3384 1687 3424 non
1732 3370 2035 3427 includitur
2070 3371 2121 3425 in
2162 3386 2320 3442 prae-

724 3460 886 3525 cepto
912 3452 980 3511 de
1021 3454 1115 3512 tali
1144 3465 1273 3512 actu
1317 3464 1542 3514 externo
1580 3458 2004 3515 substantialiter
2045 3467 2312 3531 spectato,

723 3559 830 3600 non
863 3543 1041 3602 solum
1072 3546 1124 3601 in
1152 3561 1272 3603 esse
1300 3547 1564 3603 materiali
1586 3556 1641 3604 et
1671 3547 1922 3623 physico,
1948 3549 2044 3606 sed
2069 3549 2231 3605 etiam
2260 3550 2315 3603 in

722 3650 845 3691 esse
860 3636 1054 3693 morali
1074 3639 1426 3709 sacramenti,
1444 3638 1526 3693 vel
1543 3645 1890 3708 contractus,
1909 3638 2312 3709 orationis,etc.

722 3724 869 3797 Ergo
893 3732 955 3782 ut
977 3726 1097 3783 talis
1119 3726 1391 3784 rectitudo
1416 3728 1798 3801 praecipiatur,
1819 3730 2189 3787 necessarium
2213 3732 2316 3788 erit

723 3812 927 3871 directe
950 3822 1007 3872 et
1032 3832 1128 3890 per
1151 3832 1208 3873 se
1236 3820 1498 3890 praecipi,
1523 3817 1672 3891 quod
1700 3827 1847 3875 esset
1864 3819 2073 3876 directe
2104 3822 2311 3892 praeci·

724 3920 853 3979 pere
881 3911 1077 3962 actum
1106 3906 1441 3964 interiorem.

812 4000 897 4052 13.
930 3998 1061 4052 Dico
1090 3998 1267 4053 tertio:
1294 3997 1541 4054 Ecclesia
1560 4014 1667 4054 non
1689 4005 1876 4071 potest
1897 3999 2203 4072 prohibere,
2230 4001 2311 4056 vel

724 4084 915 4155 punire
944 4091 1130 4141 actum
1160 4094 1447 4143 externum
1471 4086 1539 4144 de
1575 4103 1632 4143 se
1662 4088 1865 4146 bonum
1892 4106 1957 4145 ex
1986 4090 2225 4159 obiecto,
2254 4098 2312 4147 et

721 4174 1149 4230 circumstantiis
1189 4178 1429 4231 externis
1457 4218 1471 4242 ,
1516 4183 1737 4252 propter
1777 4178 1955 4235 solum
2007 4179 2306 4247 deiectum,

723 4279 889 4337 quem
911 4267 1161 4337 accipere
1181 4272 1337 4336 potes
1358 4282 1423 4322 ex
1446 4266 1647 4323 ail'ectu
1671 4268 1883 4325 interno
1908 4268 1990 4323 vel
2014 4269 2305 4325 intentione

722 4356 1020 4425 operantis.
1051 4356 1128 4411 lta
1163 4362 1311 4411 esset
1339 4372 1389 4408 v.
1414 4372 1470 4428 g.
1498 4357 1691 4426 punire
1718 4372 1815 4427 per
1851 4358 2058 4429 legem,
2089 4357 2306 4413 dantem

726 4442 1125 4517 eleemosynam
1156 4450 1381 4515 propter
1412 4459 1601 4501 vanam
1630 4445 1892 4518 gloriam,
1923 4446 2134 4502 etiamsi
2159 4454 2308 4503 exte·

722 4532 837 4587 rius
867 4548 971 4587 non
1003 4532 1469 4590 demonstraretur
1488 4576 1501 4603 ,
1532 4533 1614 4590 vel
1643 4536 1913 4607 quidpiam
1945 4536 2132 4592 simile.
2165 4538 2307 4593 Haec

720 4627 806 4679 est
840 4623 1107 4679 sententia
1154 4624 1383 4680 Almaini
1422 4640 1590 4695 supra
1629 4624 1859 4698 allegati.
1895 4628 2139 4682 Assertio
2177 4628 2309 4683 satis

722 4719 869 4785 patet
897 4730 961 4769 ex
1004 4714 1375 4785 praecedenti,
1403 4721 1462 4771 et
1500 4730 1566 4770 ex
1603 4716 1981 4772 rationibus-in
2024 4732 2087 4771 ea
2122 4716 2308 4783 sactis,

720 4803 849 4875 quia
870 4802 1113 4873 prolecto
1133 4802 1256 4859 talis
1284 4803 1569 4875 prohibitio
1592 4812 1739 4861 esset
1760 4806 1969 4862 directe
1989 4806 2057 4864 de
2078 4813 2209 4863 actu
2233 4806 2309 4862 in-

724 4902 911 4963 tern03
947 4909 1071 4947 nam
1107 4902 1367 4949 externus
1404 4909 1512 4949 non
1552 4895 1761 4951 ratione
1808 4870 1926 4965 sui,
1966 4894 2060 4951 sed
2102 4896 2311 4957 ratione

723 4981 995 5037 interioris
1016 4989 1227 5038 tantum
1255 4982 1658 5054 prohiberetur,
1687 4983 1829 5039 unde
1856 4985 2007 5040 solus
2036 4986 2202 5041 etiam
2233 4987 2313 5040 in-

724 5079 917 5128 ternus
940 5087 1060 5128 vere
1088 5074 1397 5143 puniretur.
1418 5074 1549 5128 ltem
1572 5071 1637 5127 ad
1668 5074 1905 5145 regimen
1928 5074 2210 5131 Ecclesiae
2233 5076 2312 5130 vi-

630 5186 635 5189 ·
724 5160 894 5219 sibilis
921 5162 1265 5218 necessarius
1294 5169 1402 5217 hon
1428 5168 1536 5232 est,
1562 5178 1660 5217 nec
1690 5164 2020 5219 conveniens
2051 5164 2174 5220 talis
2197 5181 2312 5221 mo-

722 5252 827 5309 dus
850 5251 1223 5323 prohibitionis
1250 5250 1331 5307 vel
1356 5268 1579 5324 poenae,
1605 5260 1691 5309 est
1713 5253 1854 5309 enim
1879 5260 2092 5324 praeter
2115 5254 2309 5311 huma-

2201 380 2400 430 mmm
2427 376 2522 429 lv.

2383 520 2508 561 nam
2530 502 2914 573 conditionem,
2939 509 2997 559 et
3027 502 3099 559 ita
3125 517 3404 575 uunquam
3435 501 3684 559 Ecclesia
3707 498 3810 557 boc
3839 516 3982 557 con-

2386 595 2596 663 suevit,
2631 598 2692 649 ut
2731 591 3000 649 constabit
3037 608 3102 649 ex
3142 591 3407 649 dicendis.
3443 594 3681 663 Denique
3710 590 3814 647 hoc
3843 589 3984 645 bene

2385 684 2622 756 probant
2639 698 2764 755 cap.
2791 682 2888 739 ult.
2909 682 2983 739 de
3005 682 3199 739 simon.
3222 690 3276 739 et
3297 698 3420 754 cap.
3457 684 3585 739 Τιια
3605 698 3726 749 nos,
3760 681 3984 745 eodem,

2389 780 2450 829 ut
2479 773 2639 845 paulo
2667 772 2888 829 inferius
2915 771 3118 828 dicam.

2462 862 2612 920 Unde
2638 863 2830 931 insero,
2861 869 2916 918 et
2943 862 3187 929 adverto,
3217 862 3427 919 facilius
3463 876 3583 919 esse
3611 859 3858 932 praelato
3890 874 3988 913 ec·

2387 953 2692 1009 clesiastico
2721 952 3006 1023 prohibere
3021 951 3190 1009 alicui
3217 951 3621 1026 eleemosynam
3643 949 3893 1031 absolpte
3919 954 3976 1003 et

2385 1041 2725 1113 simpliciter,
2754 1048 2810 1098 et
2840 1057 3069 1113 poenam
3099 1043 3403 1112 imponere,
3435 1042 3482 1097 si
3507 1042 3630 1111 fiat,
3663 1054 3825 1113 quam
3856 1053 3990 1109 pro·

2385 1130 2600 1202 hibere,
2631 1130 2712 1186 vel
2744 1133 2936 1202 punire
2964 1129 3362 1207 eleemosynam
3389 1131 3590 1187 factam
3619 1133 3842 1200 propter
3881 1142 3974 1181 va-

2385 1237 2510 1277 nam
2537 1219 2787 1293 gloriam.
2818 1220 2954 1287 Quia
2981 1236 3107 1276 cum
3139 1220 3460 1293 prohibetur
3486 1218 3765 1285 absolute,
3796 1222 3982 1287 potest

2386 1310 2612 1367 subesse
2633 1311 2812 1383 aliqua
2833 1311 2970 1365 ratio
3000 1310 3274 1381 pertinens
3297 1308 3363 1365 ad
3391 1316 3672 1366 externam
3699 1306 3978 1379 guberna·

2387 1403 2588 1458 tionem
2614 1407 2672 1457 et
2700 1401 2910 1471 sorum,
2943 1408 3165 1471 propter
3191 1416 3358 1473 quam
3387 1407 3741 1472 praeceptum
3770 1398 3841 1453 sit
3877 1394 3986 1452 hu·

2387 1504 2610 1546 manum
2637 1497 2690 1545 et
2715 1480 2921 1546 iustum
2938 1530 2952 1548 .
2987 1495 3047 1546 ut
3074 1492 3284 1547 notavit
3309 1489 3499 1545 Glossa
3525 1504 3694 1559 supra
3719 1488 3890 1543 citata
3919 1487 3974 1540 in

2387 1579 2554 1635 verbo
2580 1581 2840 1636 iustitia.
2863 1580 3050 1651 Neque
3081 1586 3168 1636 est
3205 1581 3620 1646 necessarium,-
3639 1586 3699 1633 ut
3725 1576 3981 1646 superior

2387 1669 2439 1724 in
2466 1684 2568 1725 suo
2591 1676 2882 1739 praecepto
2904 1685 2966 1724 su
2977 1684 3067 1723 um
3090 1670 3354 1725 motivum
3373 1668 3664 1739 exprimat,
3679 1681 3802 1721 nam
3826 1680 3986 1735 prae-

2387 1757 2622 1813 sumitur
2657 1760 2893 1820 iustum,
2923 1757 3054 1814 dum
3097 1757 3244 1814 aliud
3272 1772 3380 1814 non
3423 1762 3670 1825 constat,
3703 1763 3760 1810 et
3798 1755 3874 1809 ita
3913 1754 3985 1809 de

2389 1847 2823 1918 transgressione
2849 1846 2972 1902 talis
2991 1848 3268 1919 praecepti
3291 1845 3628 1903 sufficienter
3643 1849 3864 1901 constat
3883 1854 3982 1913 per

2389 1936 2560 1991 solam
2581 1935 2922 1991 effectionem
2947 1937 3234 1993 extrinseci
3263 1944 3446 1993 actus.
3471 1937 3540 1991 At
3562 1950 3695 1991 vero
3719 1933 3765 1988 si
3793 1931 3985 2003 prohi-

2387 2026 2584 2083 beatur
2605 2024 2947 2101 eleemosyna
2967 2034 3175 2081 tantum
3199 2026 3270 2081 ol)
3287 2023 3760 2086 circumstantiam
3783 2038 3986 2095 pravae

2387 2116 2708 2171 intentionis
2745 2116 2792 2170 in
2835 2116 2950 2186 lege
2992 2131 3338 2189 expressam,
3380 2131 3446 2171 eo
3488 2115 3604 2185 ipso
3645 2111 3985 2181 declaratur,

2389 2208 2670 2261 materiam
2695 2204 3070 2275 prohibitionis
3091 2221 3197 2261 uon
3219 2220 3339 2263 esse
3361 2212 3566 2278 aptam,
3591 2219 3693 2260 nec
3717 2203 3984 2259 rationem

2390 2292 2770 2365 prohibitionis
2797 2294 3264 2351 accommodatam
3291 2296 3544 2366 potestati
3569 2294 3984 2361 humanae,nec

2388 2382 2456 2439 de
2501 2384 2932 2455 transgressione
2970 2399 3129 2455 posse
3173 2392 3430 2441 constare
3459 2398 3554 2455 per
3583 2384 3856 2439 actionem
3883 2398 3987 2437 ex-

2392 2482 2634 2542 ternam,
2669 2472 3110 2545 quandoquidem
3142 2473 3270 2530 licet
3303 2474 3392 2529 illa
3427 2472 3537 2543 fiat,
3571 2486 3678 2528 non
3709 2472 3894 2527 statim
3925 2471 3988 2525 tit

2388 2574 2583 2620 contra
2635 2564 2740 2619 tale
2789 2574 3146 2635 praeceptum
3173 2604 3186 2632 ,
3239 2563 3366 2637 quia
3413 2560 3480 2617 de
3527 2562 3819 2618 intentione
3865 2576 3980 2615 non

2389 2655 2629 2711 constat.

2469 2746 2554 2801 Η.
2599 2742 2732 2799 Dico
2771 2750 3003 2815 quarto:
3049 2742 3296 2799 Ecclesia
3336 2750 3516 2815 potest
3555 2741 3877 2814 prohibere,
3919 2748 3982 2795 et

2389 2834 2583 2904 punire
2619 2839 2804 2889 actum
2841 2833 3160 2890 exteriorem
3199 2849 3328 2888 cum
3354 2830 3708 2905 dependentia
3733 2831 3802 2887 ab
3841 2832 3980 2885 inte-

2389 2922 2520 2979 riori
2549 2922 2786 2991 aflectu,
2817 2922 2900 2979 vel
2927 2924 3226 2979 intentione
3263 2922 3630 2979 accidentaria
3672 2920 3764 2977 tali
3807 2921 3981 2989 actui,

2385 3011 2610 3084 quando
2648 3020 2811 3069 actus
2847 3012 2980 3068 alias
3017 3018 3161 3067 esset
3186 3012 3366 3068 malus
3396 3012 3509 3067 sine
3539 3010 3631 3068 tali
3657 3011 3980 3077 intentione,

2391 3108 2448 3157 et
2487 3100 2684 3173 dignus
2727 3100 2816 3158 tali
2853 3116 3046 3173 poena.
3079 3103 3232 3158 quta
3260 3100 3398 3158 hanc
3428 3101 3786 3157 assertionem
3815 3100 3984 3154 inter·

2389 3196 2574 3259 pretor
2599 3193 2904 3263 opinionem
2925 3191 3248 3261 Caietani,et
3268 3191 3410 3247 illam
3433 3196 3617 3263 aperte
3638 3190 3802 3247 docet
3822 3188 3984 3263 sylv.-

2388 3296 2515 3352 sup.
2540 3288 2597 3336 et
2625 3296 2714 3336 res
2741 3283 2854 3352 ipsa
2885 3283 2950 3337 in·
2967 3296 3025 3336 se
3053 3280 3270 3338 videtur
3293 3281 3425 3337 satis
3445 3280 3596 3337 clara
3615 3288 3675 3335 et
3695 3281 3822 3336 usui
3843 3295 3983 3335 con-

2387 3370 2596 3427 formis.
2629 3372 2782 3427 Ratio
2814 3386 2940 3427 vero
2969 3388 2998 3426 a
3027 3370 3192 3441 priori
3217 3376 3322 3440 est,
3353 3370 3484 3443 quia
3511 3369 3764 3464 Ecclesia·
3797 3377 3982 3441 potest

2388 3460 2674 3530 prohibere
2721 3460 3036 3531 simpliciter
3086 3460 3247 3517 talem
3292 3461 3561 3516 actionem
3585 3465 3894 3528 externam,
3925 3467 3981 3516 et

2386 3551 2576 3621 punire
2604 3550 2783 3620 illam3
2814 3564 2944 3623 ergo
2973 3558 3150 3621 potest
3178 3552 3340 3607 etiam
3369 3550 3676 3623 prohibere,
3697 3558 3754 3606 et
3781 3552 3976 3621 punire

2385 3656 2514 3696 cum
2549 3639 2640 3696 tali
2669 3640 2999 3707 conditione,
3031 3640 3240 3697 scilicet
3266 3642 3311 3696 si
3339 3656 3372 3695 a
3402 3639 3492 3696 tali
3523 3626 3819 3697 intehtione
3847 3640 3976 3703 odii.

2385 3729 2464 3785 vel
2508 3729 2662 3786 simili
2707 3728 3000 3801 procedat,
3043 3737 3100 3785 et
3129 3743 3235 3785 non
3263 3728 3413 3786 alias.
3447 3729 3788 3791 Antecedens
3817 3740 3984 3803 patet·

2381 3834 2446 3875 ex
2495 3821 2610 3890 ipsa
2661 3820 2990 3889 assertione3
3035 3833 3156 3875 nam
3197 3821 3489 3890 supponit,
3531 3818 3802 3877 actionem
3832 3819 3976 3875 illam

2387 3924 2509 3966 esse
2537 3908 2732 3965 malam
2762 3910 2816 3963 in
2847 3924 2906 3963 se
2935 3908 3046 3963 siue
3075 3907 3165 3963 tali
3192 3909 3488 3965 intentione
3507 3949 3522 3975 ,
3551 3916 3606 3965 et
3633 3924 3979 3981 consequen-

2383 4005 2463 4054 ter
2487 4014 2610 4055 esse
2641 3998 2854 4069 dignam
2886 4013 3080 4069 poena,
3111 4000 3424 4070 versarique
3453 3998 3506 4054 in
3535 3998 3760 4055 materia
3787 4000 3968 4055 eccle·

2379 4088 2595 4144 siastica
2641 4103 2740 4143 seu
2785 4088 3077 4157 canonica3
3127 4086 3203 4143 sic
3241 4086 3385 4143 enim
3413 4102 3630 4159 semper
3659 4088 3968 4160 loquimur.

2377 4177 2776 4251 Consequentia
2807 4191 2933 4238 vero
2966 4182 3132 4246 patet,
3158 4177 3286 4247 quia
3313 4190 3410 4248 per
3436 4177 3581 4233 illam
3603 4177 3972 4234 conditionem

2379 4285 2484 4326 non
2522 4267 2830 4325 extenditur
2857 4274 3130 4337 potestas,
3163 4265 3257 4322 sed
3285 4266 3634 4339 restringitur
3663 4282 3798 4323 usus
3823 4267 3966 4323 eius,

2379 4359 2544 4431 Magis
2583 4359 2726 4413 enim
2769 4353 3049 4411 moderata
3089 4363 3145 4411 et
3174 4356 3424 4412 restricta
3452 4362 3536 4412 est
3567 4355 3878 4428 prohibitio,
3909 4364 3968 4413 et

2380 4448 2584 4519 punitio
2625 4460 2754 4501 cum
2784 4461 2848 4500 ea
2875 4444 3184 4501 conditione
3202 4486 3215 4511 ,
3246 4459 3408 4517 quam
3437 4447 3482 4501 si
3511 4445 3760 4503 absolute
3787 4447 3967 4517 tieret,

2385 4546 2446 4595 ut
2493 4552 2590 4608 per
2639 4552 2696 4591 se
2747 4539 2938 4591 notu'm
2966 4542 3072 4592 est.
3101 4535 3173 4591 Et
3199 4533 3516 4592 declaratur
3539 4536 3816 4608 exemplo:
3845 4553 3974 4595 nam

2378 4627 2624 4685 Ecclesia
2663 4632 2844 4697 potest
2871 4640 2922 4681 v.
2955 4640 3011 4698 g.
3039 4625 3516 4682 excommunicare
3544 4640 3760 4682 omnem
3791 4626 3971 4695 illum,

2379 4717 2474 4789 qui
2523 4730 2689 4788 grave
2729 4714 3074 4787 sacrilegium
3117 4714 3488 4795 commiserit3
3519 4717 3563 4772 si
3592 4730 3722 4789 ergo
3755 4722 3972 4773 tantum

2381 4806 2820 4863 excommunicet
2859 4820 3012 4871 eum,
3055 4804 3150 4876 qui
3179 4804 3413 4861 scienter
3441 4804 3577 4861 illud
3603 4809 3972 4880 commiserit,

2382 4913 2488 4953 non
2537 4902 2734 4969 auget,
2777 4892 2872 4950 sed
2912 4900 3178 4964 temperat
3215 4896 3448 4965 rigorem
3492 4902 3548 4951 et
3585 4910 3715 4951 suae
3758 4896 3978 4953 iurisdi-

2380 4986 2572 5042 ctionis
2615 4998 2810 5049 usum,
2852 4990 2908 5040 et
2950 4991 3126 5040 tamen
3172 4984 3443 5054 particula
3483 4984 3570 5042 illa
3605 4988 3856 5041 scienter
3897 4988 3976 5042 in-

2382 5074 2555 5133 cludit
2583 5073 2946 5131 conditiouem
2975 5071 3042 5129 de
3071 5079 3204 5128 actu
3229 5073 3495 5141 interiori,
3519 5072 3571 5129 id
3599 5081 3684 5130 est
3714 5076 3760 5128 si
3791 5077 3974 5133 sciens

2381 5171 2437 5222 et
2475 5163 2662 5221 volens
2699 5162 2903 5220 directe
2948 5162 3050 5217 hoc
3092 5161 3310 5217 lecerit..
3345 5162 3485 5217 Hinc
3523 5164 3684 5219 etiam
3725 5164 3974 5220 Ecclesia

2381 5254 2636 5327 graviori,
2670 5260 2731 5309 ut
2760 5253 2837 5308 sic
2869 5252 3068 5323 dicam,
3103 5249 3198 5307 sed
3230 5252 3400 5323 magis
3431 5252 3677 5309 restricta
3707 5255 3976 5327 irregula-
