4325 6267
1728 364 1938 417 CAPUT
1966 365 2111 415 xvl.

366 503 422 557 6.
452 497 583 558 Dico
614 500 810 557 tertio:
836 501 964 557 Lex
992 498 1293 571 canonica,
1324 497 1368 553 si
1395 511 1493 571 per
1520 494 1877 554 consuetudi·

288 605 414 648 nem
443 590 729 648 toleratam
757 605 863 646 non
892 596 1235 663 acceptatur,
1268 587 1484 646 tandem
1514 603 1619 645 non
1648 586 1875 660 obligat,

282 682 501 739 etiamsi
546 680 779 737 sortasse
807 680 858 736 in
902 679 1165 753 principio
1191 677 1533 751 culpabiliter
1564 677 1727 734 suerit
1765 691 1874 733 non

287 772 597 829 observata.
639 772 719 827 lta
760 768 1011 843 procedit
1049 769 1355 827 communis
1396 766 1663 825 sententia
1710 781 1879 839 supra

288 862 479 933 citata,
509 868 567 919 et
594 861 831 918 sumitur
855 875 923 918 ex
950 876 1071 934 cap.
1102 857 1202 916 ult:
1226 858 1294 917 de
1316 857 1651 916 consuetud.
1674 856 1767 915 ubi
1796 856 1876 913 di-

288 952 461 1024 citur,
489 951 661 1027 legem
687 953 852 1009 etiam
879 956 1155 1024 receptam
1183 966 1341 1023 posse
1370 950 1447 1006 ita
1474 946 1875 1007 consuetudine

289 1043 585 1117 abrogari,
613 1048 677 1101 ut
704 1058 809 1099 non
838 1042 1071 1115 obliget3
1101 1056 1233 1116 ergo
1262 1040 1438 1097 multo
1464 1040 1638 1113 magis
1657 1040 1877 1111 poterit

284 1134 557 1206 impediri,
586 1150 655 1191 ne
678 1132 895 1209 obliget,
924 1148 1055 1191 cum
1083 1139 1207 1190 ante
1234 1131 1663 1204 acceptationem
1692 1128 1866 1187 mino-

286 1240 407 1283 rem
446 1208 757 1284 firmitatem
798 1224 1017 1293 habeat,
1046 1224 1195 1282 iuxta
1230 1222 1443 1281 dictum
1470 1229 1497 1298 ρ
1522 1220 1694 1295 leyes.
1718 1220 1875 1279 Ratio

287 1321 473 1373 autem
501 1322 611 1387 est,
630 1315 757 1389 quia
785 1320 917 1372 tunc
936 1321 1024 1372 est
1050 1330 1243 1389 magna
1274 1328 1441 1370 causa
1463 1311 1872 1385 praesumendi,

286 1406 649 1479 legislatorem
676 1408 971 1463 connivere
990 1447 1005 1477 ,
1032 1411 1091 1461 et
1115 1404 1258 1462 nolle
1284 1419 1417 1461 cum
1447 1409 1593 1461 tanto
1629 1404 1873 1476 periculo

277 1496 725 1555 communitatem
754 1496 1019 1571 obligare3
1050 1503 1109 1553 et
1136 1495 1241 1552 hoc
1268 1494 1432 1552 etiam
1462 1493 1697 1552 ostendit
1733 1509 1871 1550 usus

278 1590 451 1647 totius
483 1588 783 1645 Ecclesiae.
818 1588 1047 1659 Oportet
1070 1592 1255 1643 autem
1276 1628 1291 1653 ,
1323 1591 1387 1642 ut
1413 1583 1755 1643 consuetudo
1782 1582 1873 1640 illa

276 1677 515 1752 aliquam
557 1676 927 1735 rationabilem
954 1691 1180 1733 causam
1222 1674 1451 1746 habeat,
1482 1680 1545 1731 ut
1584 1673 1787 1731 dicitur
1818 1672 1871 1729 in

280 1768 431 1826 dicto
474 1783 597 1842 cap.
632 1767 739 1825 ult.
765 1772 822 1824 et
860 1766 999 1823 infra
1035 1768 1088 1823 in
1131 1766 1253 1822 loco
1296 1764 1455 1822 latius
1494 1761 1873 1837 explicabitur.

280 1856 483 1915 Deinde
515 1870 742 1918 necesse
768 1864 873 1926 est,
899 1861 955 1912 et
983 1854 1209 1928 sufficit,
1234 1861 1297 1911 ut
1324 1870 1355 1910 a
1380 1854 1567 1911 maiori
1598 1859 1751 1927 parte
1780 1870 1874 1925 po-

280 1949 399 2021 puli
430 1964 539 2007 non
576 1948 923 2005 observetur.
952 1946 1089 2003 Nam
1117 1946 1163 2001 si
1199 1946 1373 2001 maior
1400 1958 1529 2017 pars
1558 1943 1734 2018 legem
1763 1958 1879 1999 ser-

280 2045 403 2103 vet,
436 2038 684 2112 quamvis
710 2037 796 2094 alii
821 2052 941 2093 eam
970 2052 1079 2093 non
1106 2041 1423 2107 acceptent,
1454 2051 1610 2093 suam
1644 2036 1757 2092 vim
1786 2049 1876 2091 re·

282 2130 442 2201 tinet,
476 2130 605 2202 quia
634 2126 681 2185 id
712 2127 1013 2201 requiritur
1042 2125 1111 2182 ad
1140 2124 1613 2193 consuetudinem,
1644 2131 1707 2182 ut
1737 2125 1879 2182 inl'ra

279 2219 519 2292 dicetur,
552 2224 611 2275 et
633 2216 801 2275 videri
829 2222 1010 2289 potest
1036 2217 1328 2273 Panormit.
1362 2217 1415 2272 in
1445 2231 1498 2272 c.
1538 2217 1692 2274 Cum
1720 2218 1877 2271 iam-

281 2307 533 2376 dudum,
563 2308 629 2365 de
659 2305 951 2380 praebend.
969 2304 1019 2362 in
1050 2307 1173 2377 tine,
1189 2312 1245 2362 et
1264 2307 1321 2363 in
1346 2321 1470 2377 cap.
1495 2308 1653 2381 Quia
1685 2308 1869 2373 circa,

282 2396 353 2456 de
385 2398 851 2472 consanguinitate
878 2401 932 2453 et
956 2395 1239 2468 affinitate,
1272 2412 1325 2451 n.
1362 2402 1419 2467 8,
1461 2395 1555 2453 ubi
1582 2397 1742 2452 etiam
1771 2396 1880 2452 An-

285 2496 405 2547 ton.
420 2494 479 2545 et
505 2486 610 2545 alii.
626 2488 761 2545 ltem
786 2487 920 2545 Abb.
937 2487 989 2542 in
1012 2487 1304 2559 cap.Cum
1323 2483 1484 2548 olim,
1510 2485 1578 2557 de
1598 2485 1732 2543 cler.
1748 2501 1882 2542 con-

284 2578 398 2650 iug.
429 2594 485 2632 n.
524 2581 580 2646 4,
626 2583 685 2634 et
724 2574 911 2651 Angel.
943 2576 1107 2632 verbo
1148 2577 1503 2641 constituae,
1538 2592 1691 2632 num.
1728 2576 1781 2633 7.
1810 2576 1882 2633 Et

284 2666 475 2723 eadem
506 2666 715 2723 ratione
734 2680 765 2722 e
792 2681 1085 2737 converso,
1108 2666 1151 2722 si
1182 2665 1355 2722 maior
1377 2680 1503 2738 pars
1532 2666 1770 2737 resistat,
1796 2665 1875 2721 in-

286 2758 544 2815 troducet
588 2756 1044 2814 consuetudinem
1070 2759 1265 2813 contra
1308 2755 1684 2830 obligationem
1714 2756 1869 2829 legis,

284 2848 419 2924 quia
458 2848 510 2903 in
558 2847 727 2905 rebus
768 2846 1064 2905 moralibus
1105 2862 1409 2903 consensus
1449 2846 1669 2903 maioris
1709 2846 1879 2917 partis

285 2946 547 2997 censetur
576 2938 1007 3009 communitatis,
1030 2940 1085 2992 et
1110 2934 1231 2993 ideo
1260 2934 1468 2992 sufficit
1487 2935 1554 2993 ad
1584 2942 1884 2993 consuetu·

284 3030 495 3100 dinem,
530 3029 572 3085 l.
596 3026 750 3103 quod
772 3030 999 3095 maior,
1036 3026 1090 3084 ff.
1116 3024 1184 3083 ad
1211 3025 1597 3099 municipalem
1615 3067 1630 3096 ,
1661 3024 1796 3081 Abb.
1823 3031 1879 3082 et

283 3119 373 3177 alii
403 3134 571 3191 supra
606 3118 779 3175 relati.

368 3211 421 3267 7.
454 3208 694 3266 Dubitari
718 3211 903 3264 autem
930 3213 1130 3279 potest,
1156 3212 1425 3280 quantum
1448 3213 1663 3278 tempus
1686 3220 1877 3263 neces-

283 3301 489 3357 sarium
523 3300 614 3372 sit,
641 3304 703 3355 ut
723 3297 857 3355 haec
877 3296 1227 3355 consuetudo
1247 3297 1555 3369 praevaleat
1582 3303 1778 3355 contra
1797 3296 1875 3354 le-

282 3406 429 3463 gem,
447 3396 505 3446 et
528 3404 597 3445 an
615 3394 861 3461 oporteat
880 3386 1241 3461 legislatorem
1265 3388 1425 3459 scire,
1452 3387 1599 3445 illam
1624 3402 1734 3445 non
1760 3403 1878 3445 ser-

285 3482 424 3553 vari,
448 3478 618 3537 videri
639 3478 783 3535 enim
806 3483 985 3549 potest
1005 3475 1110 3533 hoc
1140 3478 1531 3548 necessarium,
1558 3483 1623 3535 ut
1644 3493 1878 3536 consen-

287 3572 387 3628 tire
432 3574 747 3627 censeatur.
780 3570 851 3626 Et
873 3572 947 3625 ita
986 3568 1150 3625 sentit
1174 3568 1369 3627 Glossa
1394 3570 1444 3625 in
1484 3585 1608 3641 cap.
1644 3569 1772 3636 Vir,
1808 3569 1874 3628 de

284 3658 517 3717 secund.
548 3666 703 3732 nupt.
731 3658 1093 3717 Nihilominus
1122 3666 1337 3717 certum
1364 3668 1467 3731 est,
1498 3674 1604 3715 non
1632 3674 1753 3716 esse
1782 3676 1875 3717 ne·

282 3750 579 3811 cessariam
614 3750 898 3807 scientiam
928 3750 1286 3822 legislatoris,
1317 3750 1369 3805 in
1405 3766 1521 3824 quo
1546 3753 1877 3808 conveniunt

281 3848 547 3900 auctores
571 3841 755 3897 statim
774 3838 993 3907 citandi,
1012 3841 1139 3912 quia
1164 3846 1249 3897 est
1270 3856 1357 3897 res
1380 3840 1657 3899 moraliter
1676 3842 1875 3915 impos-

284 3932 472 4003 sibilis,
508 3939 567 3988 et
592 3936 809 4003 praeter
836 3928 1292 3987 consuetudinem
1318 3936 1378 3987 et
1403 3948 1591 4001 usum,
1616 3940 1739 3990 uta
1765 3932 1873 3989 sor-

286 4022 409 4080 tiori
436 4021 636 4095 patebit
664 4037 731 4078 ex
767 4018 1031 4078 dicendis.
1063 4022 1133 4077 Et
1172 4019 1293 4078 ideo
1324 4022 1507 4094 quoad
1550 4029 1765 4095 tempus
1792 4023 1876 4079 di-

284 4113 561 4187 stinguere
595 4111 774 4168 solent
800 4110 1078 4169 doctores.
1110 4114 1243 4167 Nam
1273 4111 1317 4166 si
1359 4111 1444 4169 lex
1474 4127 1579 4169 non
1619 4113 1875 4171 observa-

283 4210 407 4269 tur,
438 4203 639 4259 sciente
678 4201 1019 4273 legislatore,
1051 4200 1263 4257 nullum
1291 4209 1507 4258 certum
1535 4208 1751 4275 tempus
1780 4219 1874 4260 ue·

282 4294 589 4349 cessarium
624 4297 729 4361 est,
752 4293 882 4364 quia
908 4290 1121 4347 nullum
1144 4296 1228 4347 est
1254 4291 1361 4363 ius,
1386 4290 1533 4364 quod
1558 4291 1690 4350 ill'ud
1720 4308 1873 4366 prae·

282 4382 519 4452 scribat-3
557 4380 843 4438 sufficiunt
878 4396 1010 4453 ergo
1038 4385 1121 4436 tot
1158 4387 1322 4437 actus
1350 4382 1611 4438 contrarii
1653 4384 1872 4441 maioris

283 4473 455 4546 partis
482 4471 911 4542 communitatis,
941 4472 1035 4543 qui
1064 4470 1324 4527 moralem
1353 4471 1727 4529 coniecturam
1754 4474 1873 4532 effi·

282 4578 413 4621 cere
444 4560 657 4619 valeant
676 4560 743 4618 de
770 4559 1053 4617 tolerantia
1081 4559 1423 4634 legislatoris,
1442 4560 1593 4634 quod
1618 4562 1873 4636 prudenti

282 4653 505 4710 arbitrio
536 4650 895 4709 definiendum
924 4654 1027 4707 est.

362 4748 432 4799 At
469 4756 597 4798 vero
638 4740 857 4815 quando
897 4740 1187 4798 intervenit
1223 4740 1531 4815 ignorantia
1584 4743 1864 4817 principis,

281 4833 447 4907 aliqui
468 4834 761 4906 requirunt
777 4825 1373 4905 tempus'quadraginta
1393 4848 1685 4901 annorum,
1699 4840 1763 4892 ut
1787 4834 1871 4893 lex

279 4923 545 4997 derogata
564 4927 874 4993 censeatur,
898 4921 1066 4979 refert
1085 4922 1255 4979 Felin.
1271 4937 1340 4979 ex
1361 4922 1662 4980 Panormit.
1676 4924 1731 4980 in
1750 4938 1801 4981 c.
1820 4929 1867 4983 1.

278 5014 351 5072 de
383 5020 522 5087 treg.
546 5020 607 5071 et
630 5028 753 5087 pac.
776 5012 881 5069 Alii
909 5027 1037 5069 vero
1072 5011 1284 5070 nullum
1312 5014 1601 5086 requirunt
1628 5020 1869 5088 tempus,

284 5103 380 5162 sed
416 5103 593 5162 solum
620 5119 730 5161 non
750 5103 1147 5161 observantiam
1176 5101 1520 5162 subditorum
1542 5119 1639 5177 per
1660 5104 1873 5179 aliquos

282 5200 477 5268 actus,
507 5194 603 5268 qui
644 5191 891 5266 prudenti
916 5192 1141 5250 arbitrio
1182 5193 1477 5252 sufficiant.
1511 5195 1699 5269 ltaque
1739 5195 1871 5255 nihil

283 5284 634 5360 distinguunt
663 5282 805 5343 inter
844 5282 1124 5343 scientiam
1149 5282 1234 5343 vel
1273 5285 1638 5360 ignorantiam·
1675 5288 1873 5362 princi-

3327 345 3454 413 363

1946 492 2048 565 pis.
2080 492 2161 548 lta
2185 494 2336 549 tenet
2361 490 2583 547 Henric.
2604 494 2770 547 tract.
2791 488 2864 549 de
2891 490 3113 567 Synod.
3136 499 3243 551 art.
3275 497 3333 565 2,
3363 497 3529 567 n.63,

1946 598 2077 641 cum
2103 582 2270 639 Felin.
2302 582 2450 639 dicto
2478 596 2602 653 cap.
2634 584 2683 649 1,
2714 596 2865 638 num.
2908 586 2994 653 13,
3024 589 3080 643 et
3105 584 3246 641 aliis.
3278 582 3532 642 Fundan-

1948 679 2063 746 tur,
2088 672 2224 745 ,quia
2252 671 2456 729 subditi
2483 687 2590 728 non
2620 679 2855 743 peccant
2884 688 2989 729 non
3018 675 3327 747 recipiendo
3357 676 3532 748 legem

1948 778 1981 819 a
2007 762 2290 834 principio.
2317 763 2432 818 Hoc
2461 768 2641 818 tamen
2671 762 3086 821 fundamentum
3107 781 3138 820 a
3163 766 3319 824 nobis
3349 784 3536 842 repro-

1948 852 2136 911 batum
2165 856 2267 909 est.
2299 850 2452 910 Unde
2491 854 2801 909 eommunis
2831 856 3096 912 sententia
3124 856 3390 927 affirmat,
3421 860 3538 917 sus-

1953 945 2135 1014 ticere,
2162 948 2218 1000 et
2247 942 2615 1000 necessarium
2639 958 2760 1001 esse
2786 950 3000 1017 tempus
3029 945 3216 1004 decem
3240 964 3529 1023 annorum,

1944 1049 2109 1108 quam
2139 1032 2301 1090 multi
2332 1032 2590 1103 tradunt,
2621 1049 2762 1106 quos
2789 1035 3007 1093 Felinus
3035 1039 3234 1111 refert,
3264 1046 3320 1098 et
3354 1041 3538 1114 sequi-

1944 1128 2037 1181 tur
2063 1123 2226 1182 Card.
2253 1123 2306 1179 iu
2334 1123 2482 1181 dicto
2510 1129 2542 1190 S
2571 1120 2740 1196 leqes,
2775 1132 2832 1181 et
2860 1126 2965 1182 las.
2990 1126 3043 1182 in
3070 1126 3109 1185 l.
3131 1144 3259 1187 rem
3288 1147 3408 1188 mm
3432 1148 3537 1189 no·

1949 1230 2106 1280 vam,
2126 1214 2181 1270 ff.
2197 1213 2265 1271 de
2301 1212 2530 1270 iudiciis.
2546 1212 2980 1272 Fundamentum
3001 1223 3106 1291 est,
3126 1220 3255 1292 quia
3274 1218 3381 1278 hoc
3403 1226 3539 1279 tem-

1944 1320 2051 1377 pus
2096 1304 2333 1377 sufficit,
2365 1310 2428 1361 ut
2467 1302 2685 1361 dicatur
2725 1306 3100 1379 consuetudo,
3131 1324 3231 1367 seu
3269 1313 3540 1384 praescri·

1944 1393 2055 1466 ptio
2099 1392 2255 1467 longi·
2285 1394 2564 1465 temporis,
2609 1394 2761 1452 iuxta
2797 1395 2976 1455 Gloss.
3007 1399 3060 1455 in
3101 1416 3225 1471 cap.
3261 1402 3436 1460 ultim.
3465 1403 3538 1462 de

1946 1482 2274 1541 consuetud.
2291 1483 2342 1539 in
2368 1488 2421 1541 6.
2440 1486 2509 1541 Ut
2528 1489 2712 1541 autem
2737 1484 2822 1543 lex
2844 1494 3137 1545 censeatur
3157 1490 3404 1549 absolute
3428 1508 3538 1550 non

1944 1579 2225 1647 acceptata
2260 1579 2315 1631 et
2343 1572 2621 1647 derogata,
2646 1576 2853 1634 sufficit
2871 1580 3213 1638 consuetudo
3236 1580 3378 1657 longi
3401 1590 3538 1641 tem·
3613 1620 3644 1645 ..

1947 1664 2119 1737 poris,
2158 1671 2223 1722 ut
2249 1664 2493 1738 loquitur
2522 1665 2663 1722 idem
2692 1666 2993 1725 Panormit.
3023 1668 3075 1725 in
3103 1684 3157 1727 c.
3190 1673 3347 1730 Cum
3372 1673 3530 1743 olim,

1943 1755 2013 1813 de
2040 1754 2172 1815 cler.
2201 1755 2590 1829 coniug.num.
2609 1760 2666 1827 4,
2696 1762 2754 1814 et
2780 1756 2867 1814 alii
2895 1762 3276 1820 communiter.
3303 1766 3542 1839 Denique

1946 1846 2073 1919 quia
2114 1845 2338 1903 brevius
2365 1853 2581 1919 tempus
2623 1848 3016 1919 postulandum
3045 1858 3160 1924 est,
3193 1861 3255 1910 ut
3294 1854 3379 1911 lex
3409 1870 3546 1912 non-

1949 1936 2085 1993 dum
2108 1944 2333 2008 recepta
2355 1953 2460 1994 non
2491 1937 2715 2011 obliget,
2744 1955 2911 2013 quam
2933 1947 2996 1998 ut
3017 1942 3311 2016 abrogetur
3332 1923 3416 2003 lex
3438 1944 3545 2003 iam

1947 2044 2055 2085 usu
2088 2029 2459 2103 praescripta3
2493 2028 2586 2085 aed
2629 2028 2695 2087 ad
2726 2029 2830 2087 hoc
2859 2034 3130 2104 posterius
3157 2034 3226 2091 ad
3267 2052 3544 2095 summum

1947 2119 2245 2191 requiritur
2291 2125 2506 2192 tempus
2546 2119 2901 2195 quadraginta
2929 2139 3229 2195 annorum,
3271 2133 3333 2183 ut
3358 2133 3548 2198 postea

1947 2209 2281 2282 videbimus,
2323 2225 2455 2282 ergo
2483 2208 2550 2267 ad
2591 2212 2758 2268 alium
2787 2214 3040 2273 effectum
3069 2232 3174 2273 non
3203 2223 3288 2273 est
3325 2222 3541 2275 tantum

1948 2306 2166 2372 tempus
2199 2299 2616 2373 postulandum,
2647 2316 2779 2376 ergo
2807 2304 3012 2363 sufficit
3035 2306 3378 2379 decennium,
3408 2309 3544 2382 quia

1947 2390 2159 2448 nullum
2195 2390 2344 2449 aliud
2372 2406 2503 2449 cum
2530 2392 2880 2453 fundamento
2909 2398 3207 2469 praescribi
3235 2405 3438 2471 potest.

2039 2488 2091 2541 8.
2124 2483 2271 2539 Haec
2295 2498 2424 2539 vero
2447 2483 2626 2555 opinio
2647 2485 2831 2557 quoad
2853 2488 3083 2558 primam
3103 2494 3335 2559 partem,
3353 2496 3545 2549 utnon

1946 2574 2260 2648 requiratur
2302 2572 2519 2647 longius
2548 2581 2800 2648 tempus,
2831 2592 2994 2651 quam
3035 2576 3390 2652 decennium,
3421 2596 3546 2653 pra-

1948 2668 2093 2723 ctice
2124 2664 2252 2722 mihi
2291 2670 2438 2722 certa
2466 2664 2711 2739 videtur,
2746 2668 2930 2741 quoad
2970 2668 3196 2727 alteram
3225 2686 3355 2727 vero
3395 2672 3547 2745 quod

1946 2756 2263 2830 requiratur
2293 2754 2622 2814 decennium
2642 2801 2657 2830 ,
2689 2758 2818 2817 licet
2843 2760 2914 2817 sit
2941 2760 3219 2830 securior,
3255 2776 3363 2819 non
3391 2763 3543 2821 vide-

1947 2853 2037 2902 tur
2065 2846 2195 2903 satis
2222 2846 2470 2917 fundata,
2495 2851 2554 2903 et
2579 2844 2704 2903 ideo
2732 2847 3021 2918 probabilis
3042 2855 3129 2906 est
3153 2856 3414 2911 sententia
3436 2855 3536 2911 Fe-

1946 2935 2060 3007 lini,
2076 2943 2130 2992 et
2154 2936 2506 3009 Henrici,qui
2533 2942 2665 2992 tunc
2689 2939 2855 2993 etiam
2875 2952 2985 2995 non
3011 2941 3303 3013 requirunt
3321 2949 3538 3001 certum

1946 3031 2188 3098 tempus,
2228 3024 2323 3083 sed
2352 3027 2532 3083 solum
2559 3028 2974 3099 repugnantiam
3001 3044 3096 3101 per
3123 3036 3284 3087 actus
3310 3040 3534 3091 contra·

1945 3117 2054 3172 rios
2085 3118 2141 3173 in
2169 3131 2398 3173 numero
2429 3114 2728 3173 sufficienti
2757 3116 2982 3175 arbitrio
3013 3119 3366 3190 prudentum.
3387 3122 3538 3191 Quae

1944 3208 2105 3263 etiam
2136 3206 2377 3264 sumitur
2396 3222 2464 3264 ex
2479 3205 2667 3263 Glossa
2683 3208 2740 3263 in
2761 3221 2886 3279 cap.
2899 3207 2999 3265 ult.
3015 3207 3081 3264 de
3103 3219 3358 3268 consuet.
3372 3212 3528 3287 line,

1944 3302 2002 3352 et
2037 3297 2228 3354 Innoc.
2266 3297 2319 3353 in
2360 3312 2484 3368 cap.
2523 3298 2674 3353 Cum
2700 3298 2931 3359 Petrus,
2963 3294 3032 3354 de
3069 3298 3172 3355 fide
3198 3300 3452 3361 instrum.
3481 3308 3544 3361 et

1942 3387 2225 3445 Dominico
2265 3387 2318 3444 in
2358 3386 2492 3444 dict.
2524 3383 2748 3461 §leyen
2794 3394 3066 3460 quatenus
3094 3388 3257 3463 dicit,
3286 3391 3356 3450 ad
3397 3393 3538 3452 hanc

1946 3478 2350 3554 derogationem
2390 3477 2645 3535 sufficere
2670 3478 3000 3538 habitualem
3029 3479 3363 3541 voluntatem
3389 3485 3539 3558 prin-

1944 3572 2083 3643 cipis
2110 3586 2218 3626 non
2241 3568 2511 3644 obligandi
2533 3575 2732 3626 contra
2753 3584 2984 3642 morem,
3001 3582 3326 3645 argumento
3341 3590 3465 3648 cap.
3482 3580 3500 3635 1
3515 3618 3529 3633 .
3565 3576 3572 3583 “

1945 3659 2013 3718 de
2039 3666 2296 3717 consuet.
2329 3659 2382 3716 in
2412 3664 2475 3733 6,
2505 3666 2560 3715 et
2584 3659 2844 3717 Anthent.
2875 3660 2944 3717 de
2971 3660 3212 3719 fideiuss.
3242 3666 3295 3721 in
3334 3668 3538 3738 princi-

1944 3749 2053 3823 pio.
2085 3750 2222 3807 Nam
2252 3750 2383 3806 licet
2409 3751 2660 3823 princeps
2687 3751 2903 3823 ignoret
2929 3752 3271 3810 subditorum
3299 3771 3533 3816 consue-

1946 3839 2209 3913 tudinem,
2235 3854 2449 3912 semper
2475 3841 2668 3898 retinet
2688 3839 2834 3898 illam
2863 3840 3300 3903 voluntatem.Et
3317 3847 3394 3903 ita
3421 3864 3530 3905 non

1946 3931 2242 4004 requiritur
2275 3947 2452 3988 novus
2479 3930 2598 3987 eius
2627 3946 2962 4004 consensus3
2993 3949 3124 4007 ergo
3145 3950 3256 3993 nec
3285 3938 3528 4011 scientia3

1944 4037 2076 4096 ergo
2105 4036 2204 4077 nec
2247 4020 2665 4078 determinatum
2708 4028 2944 4093 tempus.
2978 4023 3248 4082 Probatur
3285 4026 3418 4085 haec
3449 4029 3534 4087 ul·

1943 4114 2076 4170 tima
2102 4112 2518 4185 consequentia,
2547 4110 2676 4185 quia
2703 4110 2916 4167 nullum
2943 4114 3170 4188 estius,
3201 4116 3349 4189 quod
3375 4134 3531 4191 prae-

1943 4201 2149 4258 scribat
2177 4199 2310 4258 illud
2336 4208 2552 4283 tempus
2581 4200 2773 4258 decem
2802 4216 3102 4276 annorum,
3133 4220 3308 4279 neque
3333 4224 3398 4265 ex
3438 4224 3533 4266 na-

1946 4299 2073 4349 tura
2111 4293 2191 4348 rei
2229 4298 2316 4349 est
2354 4292 2747 4365 necessarium,
2790 4297 2848 4350 et
2885 4307 3022 4349 usus
3062 4294 3280 4353 videtur
3316 4312 3436 4355 esse
3473 4301 3529 4356 in

1941 4384 2303 4453 contrarium3
2354 4385 2486 4455 quia
2525 4389 2588 4439 ut
2626 4381 2714 4439 lex
2751 4389 3043 4441 censeatur
3079 4400 3186 4442 non
3229 4395 3531 4464 acceptata,

1942 4489 2051 4531 nou
2090 4472 2229 4531 solet
2267 4471 2542 4543 expectari
2579 4470 2716 4529 illud
2758 4478 2995 4546 tempus,
3027 4472 3122 4531 sed
3161 4476 3338 4534 solum
3379 4478 3528 4553 quod

1942 4579 2039 4636 pro
2068 4561 2257 4621 maiori
2277 4570 2428 4636 parte
2452 4577 2548 4636 per
2575 4560 2941 4621 sufficientem
2961 4567 3419 4626 consuetudinem
3440 4584 3526 4629 re-

1943 4660 2249 4728 pugnatum
2279 4655 2378 4710 sit:
2412 4651 2548 4709 haec
2575 4665 2705 4725 ergo
2735 4652 3001 4711 sententia
3023 4654 3076 4711 in
3113 4659 3451 4717 conscientia
3474 4668 3533 4719 et

1942 4747 2097 4817 praxi
2119 4743 2336 4801 videtur
2350 4743 2480 4800 satis
2503 4758 2722 4800 secura.
2739 4742 3094 4802 Nihilominus
3115 4752 3296 4807 tamen
3317 4756 3382 4807 ut
3397 4766 3530 4808 con-

1943 4840 2236 4908 sequenter
2276 4833 2566 4907 loquamur
2591 4874 2607 4906 ,
2648 4832 2830 4907 aliqua
2876 4831 3175 4894 differentia
3221 4838 3526 4899 adhibenda

1940 4932 2027 4983 est
2053 4926 2196 4982 inter
2235 4938 2401 4982 casus
2429 4923 2708 4996 scientiae,
2737 4923 2824 4980 vel
2863 4926 3200 4998 ignorantiae
3239 4932 3526 5005 principis.

1941 5016 2075 5073 Nam
2096 5013 2316 5089 quando
2336 5014 2588 5085 princeps
2611 5028 2642 5070 a
2669 5013 2938 5087 principio
2958 5016 3068 5073 scit
3090 5022 3523 5097 repugnantiam,

1938 5112 1995 5163 et
2024 5121 2130 5163 non
2160 5104 2554 5161 observantiam
2585 5103 2950 5177 subditorum,
2975 5113 3032 5164 et
3056 5106 3381 5185 dissimulat,
3411 5119 3522 5171 sta-

1938 5197 2039 5255 tim
2066 5202 2196 5270 post
2235 5194 2525 5253 nonnullos
2553 5200 2714 5253 actus
2755 5197 3060 5256 contrarios
3102 5200 3362 5261 toleratos
3401 5220 3530 5263 cen-

1940 5295 2095 5348 setur
2120 5286 2418 5365 prudenter
2443 5292 2700 5348 revocata
2726 5286 2834 5347 lex.
2867 5290 2939 5348 At
2973 5305 3104 5350 vero
3131 5292 3528 5371 quando‘prin.
