4325 6267
883 314 1009 380 200

803 459 980 518 titudo
1007 461 1172 519 etiam
1197 469 1283 520 est
1307 463 1615 522 necessaria
1651 463 1718 522 ad
1746 462 2114 522 defensionem
2143 463 2400 538 reipubli-

803 565 926 623 cae,
957 557 1020 606 ut
1047 550 1114 608 de
1142 568 1200 608 se
1229 559 1470 611 constat.
1503 556 1581 610 De
1607 553 1893 626 prudentia
1921 569 2050 612 vero
2079 571 2189 613 non
2217 554 2403 613 viden-

805 645 902 697 tur
923 639 1042 697 dari
1073 642 1333 714 speciales
1361 643 1507 717 leges
1537 643 1826 702 distinctae
1855 661 1886 702 a
1917 643 2126 718 legibus
2169 647 2236 702 de
2266 645 2402 702 acti·

801 728 910 786 bus
937 729 1166 788 aliarum
1194 733 1467 792 virtutum
1498 733 1810 804 moralium,
1835 734 1961 808 quia
1985 735 2277 807 prudentia
2305 749 2402 808 per

803 835 864 878 se
893 837 1000 878 non
1040 830 1301 894 operatur
1337 823 1472 882 bene
1511 823 1592 880 vel
1631 825 1913 883 moraliter
1950 828 2067 883 sine
2105 827 2403 884 virtutibus

801 911 1104 970 moralibus
1137 913 1436 972 voluntatis
1457 934 1472 986 ς
1497 920 1676 972 tamen
1706 918 1834 988 quia
1861 915 1998 974 aliae
2027 917 2262 973 virtutes
2288 932 2404 972 mo-

800 999 944 1060 rales
985 1010 1285 1074 operantur
1325 1005 1438 1062 sine
1478 1003 1786 1077 prudentia,
1829 1004 1948 1062 ideo
1991 1005 2136 1079 leges
2177 1005 2243 1062 de
2286 1005 2401 1062 aliis

801 1092 1101 1151 virtutibus
1129 1093 1290 1151 simul
1319 1100 1450 1151 sunt
1477 1094 1542 1151 de
1572 1111 1678 1151 usu
1705 1094 2045 1167 prudentiae.

881 1187 935 1240 8.
967 1182 1084 1240 Alio
1112 1183 1237 1240 item
1267 1183 1429 1241 modo
1460 1191 1644 1256 potest
1669 1184 1803 1242 haec
1833 1185 2075 1244 inductio
2103 1185 2242 1258 fieri,
2267 1185 2402 1258 quia

803 1288 996 1330 omnes
1023 1275 1256 1330 virtutes
1283 1273 1518 1331 morales
1545 1280 1642 1331 aut
1671 1282 1802 1332 sunt
1845 1273 1916 1332 ad
1953 1275 2187 1334 alterum
2227 1275 2400 1332 homi·-

802 1377 962 1432 nem,
980 1369 1077 1420 aut
1103 1369 1234 1419 sunt
1259 1362 1327 1420 ad
1355 1379 1436 1434 se,
1469 1370 1568 1420 aut
1591 1364 1659 1421 ad
1691 1367 1897 1436 Deum,
1939 1365 2084 1439 leges
2112 1373 2295 1422 autem
2325 1365 2403 1421 ci-

802 1452 933 1510 viles
962 1452 1266 1510 secundum
1297 1468 1483 1510 omnes
1509 1452 1608 1510 hos
1632 1459 1918 1526 respectus
1942 1456 2257 1527 praecipere
2280 1470 2407 1527 pos-

804 1547 952 1600 sunt.
973 1543 1152 1600 Primo
1175 1541 1417 1615 quidem,
1437 1549 1491 1600 et
1512 1545 1740 1600 maxime
1763 1545 1818 1600 in
1843 1543 2031 1602 ordine
2053 1542 2121 1602 ad
2144 1544 2401 1616 alterum,

803 1632 954 1707 quod
983 1631 1204 1707 quidem
1233 1641 1466 1705 possunt
1493 1633 1702 1707 iacere,
1731 1650 1838 1691 non
1868 1634 2046 1692 solum
2077 1635 2169 1693 uhi
2204 1643 2289 1692 est
2313 1633 2407 1691 de-

801 1724 974 1782 bitum
1003 1725 1260 1795 iustitiae,
1291 1722 1384 1780 sed
1413 1725 1576 1782 etiam
1603 1725 1700 1782 ubi
1726 1725 1980 1784 debitum
2006 1725 2277 1784 fidelitatis
2306 1732 2405 1783 aut

803 1813 1062 1886 simplicis
1090 1813 1465 1886 promissionis
1493 1815 1798 1873 intervenit.
1831 1817 1966 1873 Nam
1995 1815 2122 1873 licet
2160 1829 2321 1887 saepe
2352 1811 2407 1870 id

803 1919 913 1961 non
942 1903 1170 1976 faciant,
1201 1911 1381 1961 tamen
1412 1919 1517 1960 non
1543 1909 1628 1960 est
1654 1911 1808 1962 extra
1835 1911 2158 1977 potestatem
2183 1919 2398 1975 earum,

804 1995 932 2068 quia
957 1996 1120 2052 etiam
1148 1993 1456 2052 observatio
1483 1993 1750 2052 fidelitatis
1780 1995 1935 2053 valde
1965 1997 2297 2053 conveniens
2320 2001 2408 2054 est

807 2085 872 2144 ad
910 2083 1257 2144 concordiam
1295 2085 1528 2158 civium3
1575 2085 1717 2143 unde
1755 2088 1808 2143 in
1847 2087 2036 2144 multis
2074 2087 2298 2144 casibus
2338 2083 2407 2143 de

805 2175 895 2232 illa
920 2175 1236 2247 disponunt.
1272 2177 1404 2232 ltem
1430 2176 1594 2232 etiam
1625 2177 1924 2250 respiciunt
1957 2177 2201 2236 debitum
2232 2178 2403 2251 grati-

803 2264 1097 2334 tudinis,et
1116 2272 1338 2338 propter
1353 2266 1794 2340 ingratitudinem
1815 2268 2028 2340 privant
2043 2269 2236 2326 multis
2254 2285 2409 2326 com-

806 2355 982 2414 modis
1008 2355 1076 2412 ob
1105 2356 1352 2412 camdem
1392 2372 1637 2414 causam.
1670 2359 1848 2430 Opera
1891 2361 2058 2416 etiam
2100 2360 2401 2435 eleemosy-

807 2463 933 2519 nae,
963 2453 1018 2504 et
1043 2447 1349 2504 communis
1379 2448 1645 2505 amicitiae
1689 2465 1787 2506 seu
1825 2448 2131 2507 dilectionis
2170 2451 2237 2508 ad
2274 2467 2400 2523 pro·

805 2541 1036 2610 ximum,
1060 2544 1119 2595 et
1136 2539 1368 2596 maxime
1397 2537 1486 2594 ubi
1515 2539 1800 2597 intervenit
1825 2541 2124 2598 necessitas
2153 2557 2404 2598 commu-

809 2631 923 2704 nis,
951 2631 1267 2702 praecipere
1303 2636 1565 2702 possunt,
1595 2637 1651 2687 et
1676 2631 1756 2686 sic
1782 2629 1850 2687 de
1879 2629 2016 2688 aliis.
2052 2629 2307 2687 Secundo
2339 2647 2407 2688 ex

811 2720 1108 2779 virtutibus
1149 2719 1216 2777 ad
1257 2736 1318 2777 se
1353 2721 1670 2793 praecipere
1709 2727 1941 2793 possunt
1969 2721 2404 2778 observationem

811 2812 1202 2885 temperantiae
1229 2817 1286 2867 et
1311 2809 1642 2867 fortitudinis
1679 2810 1841 2868 modo
1879 2826 2046 2882 supra
2081 2811 2248 2868 dicto.
2278 2813 2410 2868 Pos-

813 2908 946 2960 sunt
963 2901 1124 2958 etiam
1145 2903 1462 2973 praecipere
1487 2899 1912 2958 moderationem
1935 2901 1986 2956 in
2005 2901 2239 2958 externis
2261 2915 2411 2958 sum·

813 2993 1034 3066 ptibus,
1073 2993 1124 3049 in
1162 2991 1409 3064 deliciis,
1449 2991 1498 3047 in
1541 2990 1696 3047 cultu
1739 2990 2004 3063 vestium,
2033 2998 2087 3048 et
2124 2991 2285 3048 nimio
2316 3005 2410 3062 ap·

809 3090 1006 3158 paratu
1035 3083 1360 3153 domorum,
1393 3095 1456 3138 ac
1484 3081 1871 3155 servientium,
1903 3087 2013 3139 etc.
2044 3081 2192 3150 Quae
2230 3081 2409 3139 omnia

810 3180 1065 3249 spectant
1089 3171 1157 3229 ad
1185 3172 1526 3230 honestatem
1555 3187 1815 3243 personae
1845 3171 1896 3228 in
1927 3188 2032 3229 usu
2064 3172 2405 3244 propriarum

806 3281 996 3325 rerum
1026 3271 1082 3322 et
1107 3263 1408 3334 actionum,
1441 3270 1497 3320 et
1523 3262 1832 3320 necessaria
1868 3269 2100 3340 possunt
2139 3277 2263 3319 esse
2300 3263 2405 3318 rei-

807 3355 1059 3431 publicae
1098 3351 1286 3425 civili',
1331 3360 1450 3410 tum
1490 3359 1716 3425 propter
1759 3351 2044 3409 vitandum
2084 3350 2405 3408 scandalum

808 3446 1045 3504 aliorum
1063 3485 1078 3514 ,
1108 3451 1167 3502 et
1190 3459 1258 3500 ne
1285 3443 1475 3500 noxiae
1503 3441 1928 3499 consuetudines
1955 3441 2403 3514 introducantur,

807 3543 931 3594 tum
954 3537 1116 3593 etiam
1145 3549 1212 3590 ne
1241 3533 1390 3590 cives
1419 3533 1775 3605 pauperiores
1797 3532 1947 3602 liant,
1970 3531 2117 3605 quod
2137 3539 2223 3587 est
2240 3533 2405 3588 etiam

807 3625 1141 3699 reipublicae
1161 3625 1406 3680 noxium.
1433 3623 1566 3680 item
1587 3628 1818 3695 possunt
1839 3621 1939 3678 hae
1961 3607 2108 3694 seges
2129 3621 2405 3680 interdum

811 3716 1079 3789 imperare
1099 3729 1189 3771 res
1211 3713 1413 3771 arduas
1437 3719 1490 3770 et
1511 3712 1775 3786 pericula,
1794 3727 1934 3786 quae
1957 3713 2070 3769 sine
2091 3712 2407 3771 fortitudine

810 3805 1061 3878 superari
1081 3820 1187 3862 non
1209 3809 1458 3875 possunt.
1477 3803 1656 3859 Tertio
1677 3804 1840 3859 etiam
1859 3802 1926 3860 de
1947 3801 2112 3860 rebus
2135 3803 2405 3876 pertinen-

810 3898 954 3955 tibus
983 3895 1050 3954 ad
1079 3899 1248 3953 Deum
1278 3909 1472 3951 curam
1500 3892 1814 3951 habuerunt
1839 3891 1985 3967 leges
2013 3893 2201 3951 civiles
2227 3892 2403 3952 ductu

811 3994 1062 4057 naturae,
1091 3985 1221 4060 quia
1248 3983 1646 4042 observantiam
1674 3983 1944 4056 religionis
1973 3989 2236 4056 putarunt
2266 4000 2409 4042 sem-

808 4095 910 4152 per
938 4075 1008 4136 ad
1035 4077 1464 4134 incolumitatem
1491 4075 1818 4147 reipublicae
1849 4075 2076 4148 maxime
2105 4076 2398 4147 pertinere.

811 4169 967 4227 Unde
993 4167 1210 4240 opinor,
1241 4167 1292 4222 in
1321 4170 1467 4222 statu
1495 4179 1665 4237 purae
1694 4170 1956 4236 naturae,
1985 4165 2030 4220 si
2061 4164 2111 4222 in
2140 4163 2233 4222 illo
2259 4171 2409 4223 esset

731 4299 740 4308 -
810 4258 1123 4332 respublica
1151 4272 1346 4313 verum
1375 4257 1546 4314 Deum
1575 4254 1894 4313 naturaliter
1920 4253 2128 4329 colens,
2157 4259 2407 4329 potuisse

813 4351 961 4424 leges
997 4347 1186 4406 civiles
1223 4346 1531 4420 prohibere,
1561 4353 1620 4404 et
1657 4347 1854 4418 punire
1891 4343 2154 4403 docentes
2194 4346 2407 4404 cultum

813 4443 1078 4500 salsorum
1107 4440 1360 4511 deorum,
1394 4445 1492 4495 aut
1519 4437 1680 4494 salsas
1708 4437 1986 4511 opiniones
2013 4437 2081 4495 de
2103 4439 2235 4504 Deo,
2258 4445 2316 4494 et
2340 4437 2409 4494 si·

814 4531 977 4590 milia.
1017 4530 1258 4602 Denique
1295 4534 1476 4599 potest
1513 4527 1616 4584 hoc
1651 4525 1919 4584 declarari
1957 4543 2024 4584 ex
2064 4529 2405 4586 connexione

817 4620 1012 4677 harum
1047 4618 1336 4676 moralium
1373 4619 1662 4690 virtutum,
1695 4619 1819 4690 quia
1861 4632 2019 4690 saepe
2055 4618 2258 4674 iustitia
2293 4633 2407 4675 ser·-

814 4712 930 4768 vari
970 4725 1078 4767 non
1121 4715 1323 4781 potest,
1367 4707 1466 4764 nisi
1506 4707 1829 4764 cohibeatur
1869 4706 2302 4779 intemperantia,
2346 4713 2409 4765 ut

813 4807 965 4875 patet
991 4799 1043 4857 in
1073 4798 1366 4868 adulterio,
1399 4813 1562 4870 saepe
1587 4796 1748 4854 etiam
1778 4795 1845 4853 ad
1867 4795 2163 4853 cavendam
2193 4797 2407 4854 iniusti·

812 4894 946 4949 tiam
973 4890 1285 4947 necessaria
1311 4895 1397 4945 est
1424 4885 1810 4960 mansuetudo,
1843 4887 2140 4959 sapientia,
2176 4893 2272 4944 aut
2297 4887 2407 4945 sor·

819 4980 1018 5054 titudo,
1046 4985 1104 5036 et
1127 4979 1207 5036 sic
1235 4978 1302 5036 de
1329 4977 1467 5035 aliis.

896 5075 951 5130 9.
981 5073 1168 5150 Potest
1191 5084 1323 5126 vero
1353 5067 1546 5142 aliquis
1573 5067 1822 5125 dubitare
1848 5064 1916 5124 de
1943 5065 2276 5140 quibusdam
2302 5067 2408 5126 vir-

815 5163 1028 5222 tutibus
1051 5164 1232 5230 minus
1255 5159 1530 5232 perfectis,
1556 5159 1803 5216 minusve
1825 5158 2175 5231 necessariis,
2196 5165 2259 5216 ut
2279 5165 2409 5217 sunt

816 5251 1134 5326 liberalitas,
1163 5251 1582 5327 magnificentia,
1599 5253 1655 5309 et
1681 5249 1994 5310 similes.De
2018 5249 2235 5309 actibus
2261 5249 2405 5309 enim

2264 339 2467 389 LIBER
2494 337 2600 388 111.

2472 463 2667 522 harum
2697 461 2967 523 virtutuin
2994 480 3103 522 non
3136 464 3390 523 videntur
3426 463 3556 522 l'erri
3594 479 3755 538 posse
3794 465 3945 540 leges
3982 483 4079 526 ec-

2470 553 2828 628 clesiasticae,
2846 554 3042 611 nedum
3070 555 3277 626 civiles,
3296 555 3425 628 quia
3445 555 3788 613 necessariae
3800 572 3909 614 non
3923 564 4074 630 sunt,

2470 643 2575 701 imo
2608 644 2857 702 videntur
2884 644 3380 716 extraordinariae,
3410 647 3466 702 et
3492 660 3559 702 ex
3587 661 3645 702 se
3674 647 3953 720 postulare
3978 663 4077 705 ca·

2470 735 2705 792 rentiam
2735 735 3105 810 obligationis,
3133 737 3260 809 quia
3299 752 3437 794 usus
3473 751 3665 793 earum
3704 736 3925 806 videtur
3949 753 4075 797 esse

2472 823 2686 882 consilii
2712 825 2918 898 potius,
2952 841 3119 899 quam
3148 825 3510 884 necessitatis.
3553 825 3635 884 Ad
3673 826 3779 884 hoc
3816 843 3948 884 vero
3988 844 4077 886 re·

2472 914 2727 984 sponderi
2758 921 2941 987 posset
2968 917 3165 988 primo,
3198 917 3551 990 assertionem
3590 931 3689 973 seu
3729 916 4069 975 distributio-

2471 1019 2595 1060 nem
2630 1005 2861 1080 intelligi
2897 1004 2963 1061 de
3002 1005 3296 1063 virtutibus
3333 1005 3701 1064 cardinalibus
3740 1008 4074 1082 praecipuis,

2471 1108 2612 1167 quae
2659 1093 2727 1151 ad
2774 1110 3123 1152 communem
3165 1094 3499 1153 honestatem
3542 1098 3881 1155 necessariae
3923 1103 4072 1171 sunt;

2472 1199 2597 1240 nam
2617 1183 2683 1241 de
2713 1184 2794 1240 his
2822 1185 3053 1242 maxime
3080 1186 3335 1243 videntur
3364 1185 3509 1266 loqui
3538 1185 3594 1242 d.
3624 1185 3857 1244 Thomas
3876 1192 3933 1244 et
3958 1189 4077 1244 Ari-

2472 1273 2717 1346 stoteles,
2742 1281 2798 1332 et
2818 1274 3081 1332 ordinarie
3108 1275 3363 1334 videntur
3390 1276 3645 1334 sufficere
3675 1277 3744 1334 ad
3764 1278 3967 1335 bonum
3991 1293 4078 1334 re-

2472 1364 2655 1438 gimen
2684 1364 3179 1436 reipublicae.Dico
3204 1382 3333 1423 vero
3362 1365 3760 1436 ulterius,licet
3779 1367 3931 1443 leges
3946 1368 4075 1425 civi-

2480 1453 2559 1510 les
2587 1454 2889 1512 ordinariae
2908 1471 3015 1512 non
3040 1455 3375 1528 praecipiant
3394 1457 3712 1515 exercitium
3736 1465 3967 1516 actuum
3990 1465 4069 1515 ta·

2478 1545 2612 1602 lium
2641 1545 2944 1618 virtutum,
2976 1562 3140 1621 posse
3167 1537 3513 1604 nihilominus
3540 1549 3819 1622 imponere
3848 1548 4070 1606 modum

2472 1642 2529 1693 et
2563 1651 2897 1706 mensuram,
2928 1643 2985 1694 et
3014 1636 3119 1694 hoc
3148 1637 3281 1693 satis
3308 1651 3455 1712 esse,
3486 1643 3548 1694 ut
3572 1637 3694 1695 illae
3718 1640 3879 1696 etiam
3904 1640 4075 1695 virtu-

2480 1731 2567 1782 tes
2606 1725 2714 1784 sint
2748 1727 2974 1784 materia
3009 1726 3144 1800 legis
3181 1725 3469 1786 humanae.
3499 1728 3743 1802 Denique
3778 1727 3927 1801 dico,
3958 1743 4067 1786 non

2476 1831 2597 1873 esse
2625 1816 2953 1888 impossibile
2976 1817 3206 1874 inventri
3234 1833 3423 1890 casus,
3450 1817 3499 1873 in
3529 1818 3730 1891 quihus
3758 1817 3892 1876 tales
3914 1826 4076 1876 actus

2479 1907 2589 1963 sint
2615 1908 2931 1979 necessarii,
2962 1913 3057 1964 aut
3082 1906 3238 1964 valde
3267 1907 3651 1965 convenientes
3678 1905 3749 1964 ad
3779 1923 4075 1965 commune

2481 1997 2687 2054 bonum
2715 1997 3079 2072 reipublicae,
3110 2005 3166 2055 et
3193 1997 3298 2055 boc
3327 1999 3460 2056 satis
3486 2013 3607 2056 esse
3625 2039 3643 2072 ,
3675 1997 4073 2073 utaliquando,

2486 2084 2611 2144 licet
2640 2087 2939 2158 rarissime,
2972 2088 3205 2161 praecipi
3236 2089 3466 2160 possint.

2564 2181 2651 2236 10.
2684 2178 2865 2235 Tertio
2897 2176 3189 2234 dicendum
3218 2185 3324 2252 est,
3356 2179 3499 2252 leges
3534 2179 3721 2236 civiles
3760 2194 3869 2238 non
3910 2194 4069 2252 posse

2478 2265 2606 2324 ferri
2636 2265 2703 2324 de
2734 2267 2984 2324 omnibus
3012 2267 3226 2324 actibus
3256 2269 3498 2326 omnium
3525 2273 3583 2326 et
3603 2268 3944 2342 singularum
3965 2274 4072 2328 vir·

2478 2358 2683 2413 tutum.
2716 2357 2833 2414 Hoc
2872 2357 3035 2414 etiam
3074 2356 3238 2414 docet
3277 2358 3331 2415 d.
3374 2358 3610 2416 Thomas
3651 2359 3798 2417 dicto
3836 2364 3992 2432 a.·3,
4024 2367 4081 2418 et

2476 2452 2696 2503 constat
2741 2445 2895 2503 facile
2936 2446 3269 2504 inductione.
3300 2449 3418 2505 Non
3454 2451 3595 2506 enim
3624 2455 3806 2522 potest
3841 2451 4075 2524 praecipi

2466 2535 2779 2609 ¹virginitas,
2815 2537 3029 2593 etiamsi
3058 2539 3298 2609 optimus
3325 2545 3485 2595 actus
3503 2538 3721 2595 virtutis
3744 2541 3832 2610 sit;
3858 2546 3915 2597 et
3936 2539 4074 2598 idem

2476 2633 2563 2684 est
2582 2625 2648 2682 de
2670 2627 2791 2686 aliis
2814 2627 3153 2700 actibus,qui
3177 2629 3392 2701 proprie
3416 2628 3678 2686 dicuntur
3698 2623 4070 2688 consiliorum.

2480 2717 2617 2774 Item
2639 2715 2707 2774 de
2732 2716 2947 2774 actibus
2969 2717 3320 2789 difficillimis,
3336 2719 3555 2796 quando
3580 2719 3645 2776 ad
3666 2736 3961 2778 commune
3978 2723 4077 2780 bo·

2483 2823 2615 2864 num
2644 2807 2973 2878 reipublicae
3004 2809 3182 2865 civilis
3220 2825 3327 2867 non
3370 2817 3498 2866 sunt
3536 2809 3852 2882 simpliciter
3886 2827 4079 2869 neces·

2481 2899 2632 2970 sarii,
2666 2906 2727 2956 ut
2752 2905 2902 2955 esset
2931 2915 2981 2954 v.
3012 2915 3068 2972 g.
3103 2898 3417 2972 frequenter
3456 2899 3691 2957 ieiunare
3714 2943 3729 2970 ,
3768 2907 3824 2958 et
3860 2900 4069 2958 similia.

2479 2989 2638 3045 Ratio
2678 2993 2861 3045 autem
2898 2997 3015 3060 est,
3047 2997 3163 3045 tum
3200 2991 3331 3064 quia
3367 2990 3449 3047 lex
3494 2989 3728 3047 humana
3766 2991 3930 3048 debet
3954 3007 4073 3050 esse

2482 3075 2786 3149 moderata,
2804 3082 2860 3134 et
2878 3076 2947 3135 de
2966 3093 3027 3134 re
3050 3079 3321 3136 moraliter
3344 3079 3586 3153 possibili
3609 3082 3893 3140 universae
3914 3099 4069 3140 com-

2480 3168 2733 3224 munitati
2773 3183 2873 3239 pro
2915 3169 3103 3226 maiori
3146 3175 3320 3244 parte,
3365 3177 3430 3228 ut
3468 3171 3559 3228 lib.
3603 3173 3670 3229 ΙΙ.
3715 3172 3767 3228 in
3796 3159 4072 3231 communi

2482 3264 2767 3315 ostensum
2796 3265 2911 3330 est3
2944 3265 3060 3316 tuni
3090 3260 3321 3316 maxime
3346 3262 3476 3334 quia
3505 3261 3571 3318 ad
3613 3262 3773 3318 tinem
3808 3261 3940 3337 legis
3976 3262 4076 3320 hu-

2482 3362 2675 3404 manae
2724 3364 2833 3405 non
2874 3355 3005 3404 sunt
3044 3350 3335 3406 necessarii
3375 3365 3566 3408 omnes
3604 3357 3763 3408 actus
3804 3353 4073 3412 virtutum

2479 3439 2747 3510 omnium,
2775 3453 3032 3496 mensura
3059 3445 3241 3498 autem
3270 3443 3561 3513 potestatis
3587 3457 3655 3500 ex
3680 3443 3784 3500 fine
3812 3441 3957 3501 illius
3986 3461 4077 3501 su·

2474 3528 2673 3586 menda
2698 3534 2801 3585 est.
2858 3555 2867 3584 l

2560 3621 2647 3679 11.
2678 3621 2751 3677 Et
2775 3619 2844 3676 ob
2871 3619 3116 3678 eamdem
3148 3621 3410 3680 rationem
3436 3637 3546 3679 non
3573 3627 3752 3696 potest
3776 3622 3861 3680 lex
3892 3622 4063 3682 civilis

2478 3708 2769 3782 prohibere
2798 3711 2978 3768 omnia
3006 3711 3132 3768 vitia
3154 3718 3345 3769 contra
3369 3729 3558 3770 omnes
3582 3714 3833 3786 virtutes,
3860 3719 3925 3771 ut
3946 3712 4079 3772 sim-

2477 3798 2677 3870 plicem
2717 3799 3134 3858 fornicationem
3173 3817 3281 3858 non
3320 3801 3731 3876 scandalosam,
3774 3818 3877 3860 nec
3917 3804 4075 3861 aliter

2480 3891 2733 3968 nocivam
2761 3891 3155 3948 communitati.
3185 3893 3299 3950 lmo
3340 3907 3445 3950 nec
3484 3894 3539 3949 in
3567 3893 3792 3951 materia
3832 3893 4068 3953 iustitiae

2482 3980 2732 4053 prohibet
2771 3981 2970 4052 omnia,
3003 3987 3065 4038 ut
3104 3982 3479 4054 deceptionem
3520 3984 3577 4039 in
3614 3983 3885 4055 emptione
3927 3985 4071 4041 citra

2479 4071 2775 4158 dimidiam,
2808 4072 2891 4130 vei
2920 4073 3035 4128 sine
3064 4075 3269 4130 enormi
3300 4073 3558 4142 laesione,
3589 4079 3645 4131 et
3670 4072 3885 4130 similia.
3917 4073 4076 4143 Quod

2477 4163 2640 4220 etiam
2680 4155 2851 4220 tradi't
2888 4162 2943 4220 d.
2976 4163 3208 4220 Thomas
3236 4163 3290 4220 d.
3323 4179 3379 4238 q.
3414 4167 3508 4238 96,
3538 4169 3642 4221 art.
3675 4169 3733 4235 2,
3765 4179 3893 4221 cum
3922 4169 4067 4238 Aug.

2478 4251 2569 4310 lih.
2612 4257 2669 4312 1.·
2688 4251 2760 4310 de
2789 4251 2970 4309 libero
2992 4252 3261 4320 arbitrio,
3290 4266 3343 4310 c.
3373 4259 3427 4326 ὃς
3450 4259 3507 4310 et
3526 4255 3787 4326 optimam
3808 4256 4072 4311 rationem

2478 4341 2701 4416 indicat,
2730 4345 2859 4416 quia
2896 4359 3093 4402 cavere
3132 4345 3313 4401 omnia
3350 4345 3481 4402 vitia
3520 4361 3630 4403 non
3671 4353 3759 4404 est
3798 4346 4067 4419 omnium,

2478 4451 2579 4494 nec
2620 4433 2945 4509 multorum,
2976 4434 3069 4492 sed
3110 4434 3516 4509 perfectorum
3549 4435 3634 4494 lex
3675 4442 3859 4494 autem
3890 4435 4070 4494 civilis

2477 4543 2595 4585 esse
2623 4526 2785 4584 debet
2811 4526 3225 4584 accommodata
3259 4527 3633 4584 communitati
3676 4525 3944 4584 humanae
3982 4543 4071 4583 se-

2479 4615 2724 4676 cundum
2764 4615 3065 4673 naturalem
3108 4615 3473 4673 conditionem
3510 4621 3818 4687 spectatam
3862 4623 3919 4673 et
3953 4615 4077 4674 ideo

2479 4725 2577 4782 per
2605 4707 2749 4782 leges
2777 4704 2967 4764 civiles
2992 4722 3102 4763 non
3128 4705 3490 4778 prohibentur
3516 4707 3698 4763 omnia
3736 4705 3888 4763 vitia:
3921 4707 4073 4764 sicut

2478 4802 2641 4858 etiam
2681 4805 2926 4870 potestas
2979 4797 3231 4855 coactiva
3286 4796 3459 4854 civilis
3500 4812 3607 4853 non
3649 4794 3960 4854 extenditur
3999 4796 4073 4854 ad

2481 4889 2680 4962 omnia,
2709 4890 2839 4962 quia
2866 4887 2972 4945 hoc
2995 4893 3141 4945 esset
3162 4903 3331 4960 supra
3351 4885 3723 4944 conditionem
3746 4885 4067 4944 humanam.

2479 4981 2551 5038 Et
2575 4985 2795 5052 propter
2822 4977 2928 5035 hoc
2955 4979 3119 5034 etiam
3148 4975 3381 5036 diximus
3407 4976 3499 5034 lib.
3532 4977 3576 5045 1,
3602 4991 3730 5049 cap.
3754 4977 3871 5047 XV,
3894 4975 4073 5050 legem

2480 5070 2719 5142 civilem,
2751 5069 2878 5126 licet
2904 5065 3145 5124 intendat
3165 5067 3348 5125 facere
3367 5066 3637 5124 hominem
3659 5065 3864 5123 bonum
3887 5081 4077 5124 mora·

2481 5161 2630 5234 liter,
2662 5175 2767 5216 non
2813 5165 2991 5216 tamen
3034 5156 3357 5229 simpliciter
3397 5158 3598 5216 bonum
3640 5159 3695 5214 in
3722 5157 3815 5215 illo
3844 5173 4071 5231 genere,

2485 5251 2613 5329 quia
2640 5242 2748 5308 nori
2774 5255 2861 5307 est
2900 5247 3044 5321 talis,
3076 5247 3178 5306 nisi
3215 5254 3405 5308 careat
3432 5248 3683 5307 omnibus
3710 5247 3886 5324 vitiis,
3916 5246 4073 5322 quod
