4325 6267
1730 304 1937 355 CAPUT
1966 306 2112 356 vlu.

294 430 477 488 multis
532 430 747 489 iuribus
792 429 1001 488 ostendi
1044 430 1307 503 superiori
1358 430 1493 489 libro
1541 447 1665 504 cap.
1701 432 1800 503 Vl,
1829 438 1887 489 et

292 522 431 581 idem
458 521 695 579 sumitur
729 537 795 577 ex
822 524 1017 594 cap.2.
1042 520 1109 579 de
1134 522 1355 579 constit.
1372 522 1424 579 in
1449 527 1503 581 6.
1526 523 1613 581 ibi:
1648 527 1723 585 Ut
1750 525 1887 581 ani-

294 627 534 671 marum
570 609 853 687 periculis
880 611 1155 679 obvietur,
1182 617 1240 670 et
1258 628 1381 687 cap.
1403 612 1505 671 ult.
1520 613 1587 671 de
1613 615 1811 685 poenit.
1830 619 1888 673 et

292 703 501 763 remiss.
530 702 627 760 ibi:
665 708 751 761 Ne
780 718 894 779 pro
919 701 1204 763 dilatione
1233 706 1621 779 poenitentiae
1652 706 1888 781 pericu-

294 793 421 853 lum
443 797 752 871 imminqt
790 798 1167 862 animarum,
1200 796 1335 852 etin
1375 801 1487 854 toto
1522 811 1645 869 cap.
1680 796 1889 855 Omnis

292 887 597 958 utriusque
614 928 630 951 ,
677 883 869 943 eodem
883 924 900 955 ,
928 890 987 941 et
1020 884 1337 956 praesertim
1364 885 1464 943 ibi:
1494 888 1760 943 Diversis
1784 901 1887 943 ex-

287 977 631 1051 perimentis
663 970 881 1032 utendo
906 972 991 1031 ad
1016 973 1379 1033 salvandum
1401 980 1727 1051 acyrotam.
1746 978 1883 1035 item

290 1082 351 1125 ex
380 1082 507 1140 cap.
554 1069 630 1129 Ul
662 1067 1137 1127 constitueretur„
1169 1064 1410 1124 distinct.
1445 1072 1538 1138 50,
1570 1066 1663 1126 ubi
1689 1071 1877 1142 Augu-

292 1157 469 1217 stinus
504 1158 599 1227 ait,
616 1157 897 1230 antiquam
918 1155 1373 1229 irregularitatem
1392 1158 1703 1230 impositam
1719 1173 1883 1232 agen·

294 1249 441 1307 tibus
496 1248 769 1322 publicam
816 1246 1197 1320 poenitentiam
1238 1254 1459 1320 propter
1508 1250 1753 1306 enormia
1779 1252 1887 1307 cri-

293 1340 434 1396 mina
468 1336 751 1395 inductam
777 1352 899 1394 esse
927 1352 993 1394 ex
1020 1338 1203 1411 rigore
1231 1336 1543 1410 disciplinae
1572 1339 1887 1411 pertinentis

292 1428 359 1486 ad
396 1435 720 1502 potestatem
746 1428 1004 1499 clavium,
1029 1428 1360 1501 significans,
1384 1427 1524 1485 hanc
1542 1429 1907 1502 potissimum·

292 1519 475 1577 datam
516 1535 637 1576 esse
674 1520 744 1577 ad
770 1516 1105 1592 spiritualem
1131 1518 1423 1575 criminum
1449 1520 1877 1587 correctionem,

292 1609 444 1667 etad
476 1610 709 1667 salutem
734 1608 1039 1667 animarum
1066 1607 1742 1684 procurandam.Denique
1772 1610 1885 1669 fere

289 1715 356 1757 ex
392 1706 511 1757 toto
552 1700 679 1757 iure
716 1700 978 1757 canonico
1006 1704 1063 1756 et
1084 1698 1325 1772 epistolis
1351 1699 1715 1759 decretalibus
1742 1702 1881 1759 Pon-

294 1792 503 1849 tificum
534 1798 620 1849 est
645 1790 699 1848 id
726 1790 1089 1849 manifestum.

372 1887 431 1941 3.
458 1884 613 1940 Ratio
656 1880 819 1939 etiam
858 1885 943 1937 est
978 1878 1158 1952 clara,
1199 1879 1329 1953 quia
1357 1886 1598 1953 potestas
1626 1880 1762 1939 haec
1789 1897 1883 1939 su·

299 1972 661 2047 pernaturalis
702 1978 815 2043 est,
858 1976 921 2029 ut
956 1985 1125 2045 supra
1150 1985 1275 2042 cap.
1308 1972 1351 2027 1.
1382 1969 1489 2028 late
1516 1970 1877 2047 ostendimus;

293 2081 429 2139 ergo
454 2080 553 2138 per
591 2080 651 2121 se
684 2070 743 2121 et
770 2067 969 2120 natura
993 2076 1097 2119 sua
1124 2059 1297 2118 tendit
1322 2064 1378 2118 in
1407 2061 1878 2134 supernaturalem

294 2156 477 2227 finem,
501 2155 612 2212 sive
632 2152 849 2211 futurae
877 2153 1041 2223 vitae,
1066 2151 1179 2209 sive
1206 2151 1525 2225 praesentis3
1557 2151 1613 2207 hi
1638 2152 1784 2208 enim
1812 2153 1886 2209 ita

296 2252 431 2304 sunt
468 2245 609 2303 inter
648 2260 706 2301 se
744 2241 975 2300 connexi
1004 2246 1061 2299 et
1087 2240 1458 2313 subordinati,
1488 2248 1553 2299 ut
1582 2258 1688 2299 non
1716 2242 1888 2314 possit

300 2352 447 2394 unus
492 2334 560 2393 ab
608 2334 777 2391 altero
827 2331 1102 2405 separari3
1140 2346 1275 2405 ergo
1314 2330 1367 2387 in
1394 2330 1501 2388 hoc
1528 2330 1629 2387 fine
1657 2331 1887 2390 maxime

295 2426 479 2485 differt
522 2424 655 2483 haec
700 2430 943 2497 potestas
992 2438 1023 2479 a
1070 2426 1339 2494 potestate
1366 2420 1533 2493 civili,
1564 2436 1707 2495 quae
1734 2437 1886 2481 mere

298 2516 563 2573 naturalis
602 2520 719 2585 est,
762 2519 817 2571 et
856 2518 1071 2571 tantum
1110 2510 1177 2569 ad
1218 2512 1378 2569 tinem
1404 2512 1705 2569 naturalem
1734 2527 1800 2569 ex
1830 2528 1889 2570 se

302 2607 525 2665 tendere
552 2610 828 2679 potest,ut
852 2617 1022 2675 supra
1040 2609 1323 2659 ostensum
1346 2608 1449 2659 est.
1464 2608 1643 2677 Atque
1664 2602 1738 2659 ita
1756 2618 1891 2660 con-

301 2703 447 2769 stat,
486 2696 793 2769 opinionem
832 2692 1077 2752 Fortunii
1126 2697 1416 2750 tractatam
1456 2706 1626 2765 supra
1672 2692 1764 2749 lib.
1796 2692 1886 2750 IV.

298 2802 425 2859 cap.
452 2786 544 2858 w,
573 2791 632 2842 et
655 2790 929 2859 quatenus
953 2778 1243 2840 confundit
1266 2781 1399 2839 fines
1426 2780 1621 2839 barum
1650 2788 1889 2855 potesta-

302 2884 447 2947 tum,
464 2874 798 2948 probabilem
818 2890 925 2931 non
954 2887 1097 2945 esse,
1111 2878 1169 2929 et
1185 2871 1532 2929 occasionem
1553 2886 1713 2944 posse
1734 2886 1889 2945 prae-

300 2968 427 3025 bere
454 2964 643 3023 multis
668 2964 967 3023 erroribus.
998 2964 1135 3021 Nam
1162 2967 1314 3020 certe
1340 2961 1385 3019 si
1414 2963 1701 3036 utriusque
1732 2968 1889 3035 pote-

298 3058 457 3115 statis
488 3056 631 3114 idem
656 3063 742 3114 est
766 3055 885 3113 finis
915 3053 1163 3125 ultimus,
1180 3050 1367 3111 eadem
1392 3050 1558 3111 etiam
1585 3057 1751 3110 erunt
1774 3067 1891 3110 me-

298 3147 409 3220 dia,
426 3146 729 3221 eademque
748 3146 999 3217 materia,
1012 3150 1069 3202 et
1089 3148 1493 3218 consequenter
1516 3141 1673 3199 iidem
1698 3148 1856 3201 actus
1870 3188 1887 3217 ,

297 3246 356 3298 et
401 3237 673 3313 quidquid
721 3252 833 3294 una
878 3240 1089 3309 potest,
1120 3233 1322 3307 poterit
1348 3232 1553 3311 altera,
1585 3248 1726 3307 quae
1754 3238 1891 3291 sunt

298 3329 459 3403 plane
486 3326 899 3385 erronea-Ratio
926 3340 1057 3382 vero
1083 3332 1198 3395 est,
1222 3324 1353 3398 quia
1371 3328 1675 3396 potestates
1704 3322 1806 3382 hae
1835 3322 1889 3380 in

302 3437 409 3479 suo
432 3434 557 3477 esse
580 3418 875 3493 plusquam
901 3430 1099 3490 genere
1126 3413 1562 3488 distinguuntur3
1592 3429 1725 3488 ergo
1752 3414 1888 3471 etin

300 3511 501 3568 finibus
526 3508 781 3581 distingui
808 3521 1033 3564 necesse
1057 3510 1161 3563 est.
1185 3502 1525 3563 Antecedens
1546 3511 1697 3577 patet
1720 3520 1787 3562 ex
1814 3504 1893 3563 di-

299 3604 431 3670 ctis,
454 3600 583 3674 quia
610 3615 717 3656 una
740 3604 830 3656 est
852 3595 1309 3669 supernaturalis,
1328 3611 1437 3652 non
1463 3601 1677 3653 tantum
1702 3596 1831 3669 quia
1859 3612 1893 3654 a

302 3696 413 3752 Deo
444 3689 771 3749 conceditur
797 3687 1222 3747 extraordinario
1247 3685 1433 3759 modo,
1460 3685 1554 3743 sed
1582 3685 1712 3759 quia
1735 3702 1800 3743 ex
1830 3703 1891 3743 se

300 3792 357 3842 et
381 3790 585 3841 natura
610 3797 713 3838 sua
738 3795 843 3837 non
865 3784 1048 3852 potest
1070 3778 1297 3835 inveniri
1323 3779 1379 3834 in
1406 3778 1524 3849 ipsa
1544 3783 1769 3848 natura,
1786 3792 1889 3837 nec

299 3891 367 3933 ex
394 3872 671 3947 principiis
697 3872 819 3927 eius
856 3869 1017 3938 oriri,
1047 3868 1194 3942 quod
1220 3882 1382 3925 secus
1410 3873 1498 3923 est
1520 3866 1587 3925 de
1617 3874 1891 3942 potestate

300 3963 474 4023 civili.
498 3960 651 4020 Unde
678 3960 839 4019 etiam
867 3962 1107 4031 potestas
1133 3957 1283 4032 regia
1309 3963 1476 4030 prout
1500 3958 1553 4014 in
1583 3958 1743 4016 Saule
1766 3958 1887 4031 fuit,

302 4055 387 4113 vel
428 4051 631 4113 Davide
651 4096 666 4124 ,
706 4050 835 4107 lieet
870 4048 1128 4106 babuerit
1165 4049 1216 4105 in
1243 4049 1320 4107 eis
1347 4047 1634 4123 quemdam
1662 4049 1888 4107 modum

300 4142 799 4219 supernaturalem,
821 4139 981 4213 'longe
999 4137 1217 4199 diversa
1241 4138 1347 4197 suit
1371 4140 1439 4196 ab
1468 4138 1571 4196 hac
1593 4144 1888 4213 potestate3

304 4251 431 4293 nam
456 4232 548 4291 illa
582 4232 685 4290 suit
720 4237 933 4287 tantum
960 4234 1200 4302 potestas
1228 4227 1421 4300 civilis,
1452 4243 1517 4285 ac
1545 4228 1611 4285 de
1640 4244 1697 4285 se
1724 4234 1887 4285 natu-

301 4326 431 4383 ralis
473 4324 525 4379 in
574 4319 875 4380 substantia
923 4335 1055 4392 sua,
1086 4318 1216 4377 licet
1242 4316 1405 4376 modo
1431 4317 1889 4390 praeternaturali

298 4416 431 4474 data
456 4414 645 4487 suerit3
669 4410 803 4469 haec
834 4404 1017 4468 autem
1041 4414 1129 4467 est
1146 4425 1242 4482 per
1268 4425 1329 4466 se
1357 4408 1812 4485 supernaturalis,
1836 4416 1894 4467 et

301 4504 510 4564 ordinis
536 4501 869 4575 divini,quia
894 4500 1045 4558 nullo
1072 4497 1235 4558 modo
1260 4515 1380 4557 esse
1408 4504 1593 4571 potest
1614 4506 1889 4559 connatu-

301 4595 437 4655 ralis
465 4591 790 4651 hominibus.
810 4592 989 4648 Prima
1011 4604 1143 4647 vero
1171 4589 1558 4663 consequentia
1586 4595 1753 4664 patet,
1764 4591 1893 4665 quia

304 4694 492 4745 totum
519 4698 641 4741 esse
668 4683 1075 4753 cuiuscumque
1102 4679 1385 4753 potestatis
1411 4678 1576 4736 estin
1604 4679 1791 4737 ordine
1820 4680 1889 4738 ad

304 4793 473 4835 suum
499 4776 659 4833 tinem
684 4779 740 4830 et
764 4770 1071 4841 obiectum.;
1109 4784 1244 4843 ergo
1282 4770 1329 4826 si
1357 4776 1601 4843 potestas
1629 4785 1894 4843 superna·

304 4866 499 4935 turalis
526 4872 635 4936 est,
664 4876 888 4921 necesse
914 4867 1023 4934 est,
1046 4866 1113 4919 ut
1136 4860 1207 4919 ad
1232 4862 1391 4919 tinem
1418 4866 1475 4918 et
1498 4860 1771 4920 obiectum
1798 4878 1893 4919 su·

304 4954 659 5033 pernaturale
684 4959 876 5011 natura
904 4966 1006 5009 sua
1032 4949 1237 5009 tendat.

380 5052 439 5109 4.
468 5048 655 5106 Dices:
688 5046 859 5117 Saepe
890 5042 1041 5117 leges
1068 5040 1685 5114 canonicae‘disponunt
1706 5040 1777 5101 de
1804 5057 1891 5100 re-

300 5144 410 5201 bus
428 5182 445 5213 ,
486 5151 627 5214 quae
667 5150 817 5194 mere
842 5133 1141 5193 exteriores
1166 5138 1379 5193 suntet
1406 5131 1681 5191 naturales
1706 5152 1722 5206 3
1764 5149 1891 5193 nam

300 5236 394 5292 ius
433 5231 601 5290 etiam
640 5226 965 5287 canonicum
1003 5223 1227 5283 intendit
1264 5229 1543 5291 externam
1583 5239 1805 5298 pacem,
1836 5232 1891 5285 et

3323 286 3443 351 331

1954 432 2193 489 iustitiae
2224 432 2790 504 conservationem,ut
2809 432 2862 489 iu
2892 431 3154 505 prooemio
3183 430 3540 491 decretalium

1951 520 2154 580 dicitur
2184 566 2198 593 ,
2246 530 2304 579 et
2350 524 2406 578 in
2454 522 2603 580 hunc
2645 523 2804 581 tinem
2830 527 3084 593 coercet,
3116 528 3173 579 et
3197 524 3358 594 punit
3383 521 3532 579 vitia.

1956 611 2125 669 Multa
2148 613 2314 669 etiam
2341 613 2692 670 inveniuntur
2737 613 2792 669 iu
2838 612 3048 687 legibus
3074 612 3371 685 canonicis,
3400 628 3542 686 quae

1954 699 2135 759 solum
2179 705 2450 775 pertinent
2495 702 2562 760 ad
2608 701 2854 759 ordinem
2900 718 3198 759 causarum
3241 707 3298 759 et
3319 709 3540 760 contra-

1956 797 2174 868 ctuum,
2192 799 2256 850 ut
2280 798 2432 865 patet
2456 808 2523 850 ex
2548 791 2687 850 libro
2715 796 2844 865 2,et
2871 810 2938 851 ex
2966 808 3160 866 magna
3186 796 3340 866 parte
3366 791 3486 850 libri
3508 798 3540 852 3

1954 882 2338 941 Decretalium.
2355 884 2501 957 Ergo
2528 881 2658 939 licet
2683 889 2928 955 potestas
2955 882 3353 956 ecclesiastica,
3377 889 3442 941 ut
3459 890 3546 941 est

1950 972 2471 1046 potestas.tradendi
2495 971 2800 1029 doctrinam
2821 972 2942 1030 fidei
2963 980 3020 1029 et
3043 980 3541 1047 sacramentorum,

1954 1068 2009 1119 et
2037 1068 2097 1119 ut
2122 1068 2210 1120 est
2232 1068 2476 1136 potestas
2497 1061 2804 1120 remittendi
2822 1065 3070 1135 peccata,
3095 1064 3179 1121 vel
3199 1062 3544 1137 dispensandi

1956 1152 2273 1225 spiritualia,
2307 1152 2738 1226 supernaturalis
2765 1153 2856 1224 sit,
2885 1158 2942 1209 et
2963 1154 3124 1211 linem
3154 1160 3546 1227 supernatura-

1953 1240 2059 1301 lem
2085 1243 2370 1317 respiciat3
2403 1242 2748 1300 nihilominus
2777 1249 2840 1301 ut
2865 1251 2949 1301 est
2973 1243 3290 1317 legislativa,
3319 1244 3540 1305 videtur

1954 1350 2075 1393 esse
2102 1334 2348 1393 eiusdem
2372 1336 2598 1393 rationis
2625 1342 2684 1391 et
2711 1334 2919 1392 ordinis
2938 1351 3066 1393 cum
3087 1341 3354 1407 potestate
3374 1337 3541 1397 civili.

1955 1425 2338 1499 Respondetur
2386 1424 2634 1500 negando
2684 1424 3150 1500 consequentiam.
3197 1428 3380 1485 Primo
3422 1431 3545 1504 qui-

1954 1518 2077 1574 dem
2093 1558 2109 1590 ,
2146 1517 2280 1592 quia
2321 1516 2486 1574 etiam
2515 1517 2569 1574 in
2595 1516 2821 1574 materia
2847 1515 2968 1573 fidei
2993 1522 3050 1573 et
3076 1522 3546 1577 sacramentorum

1954 1608 2127 1665 multa
2168 1607 2604 1681 supernaturalia
2646 1611 2703 1665 et
2739 1607 3225 1680 supernaturaliter
3259 1610 3546 1684 praecipit,

1954 1697 2234 1769 nimirum,
2257 1696 2483 1757 credere
2512 1696 2616 1755 hoc
2644 1695 2730 1753 vel
2755 1696 2912 1770 illud,
2935 1699 3182 1769 recipere
3209 1698 3335 1755 talia
3361 1716 3545 1781 saera-

1957 1794 2142 1845 menta
2189 1788 2281 1846 tali
2329 1787 2521 1857 modo,
2553 1788 2638 1846 vel
2685 1795 2965 1860 tempore,
2995 1788 3187 1847 offerre
3217 1792 3550 1851 sacrificium

1956 1877 2403 1951 supernaturale,
2427 1878 2513 1937 vel
2541 1876 2613 1936 illi
2642 1878 2920 1943 assistere,
2947 1884 3005 1936 et
3028 1878 3242 1938 similia:
3266 1882 3321 1937 in
3347 1883 3550 1956 quibus

1955 1968 2209 2027 omnibus
2249 1984 2308 2026 se
2347 1968 2516 2042 gerit,
2561 1974 2627 2027 ut
2664 1975 2904 2041 potestas
2929 1966 3229 2043 legislativa
3251 1976 3366 2043 est,
3399 1971 3549 2031 iuxta

1953 2073 2047 2128 ea,
2078 2074 2221 2133 quae
2255 2064 2464 2116 tractat
2486 2059 2636 2116 ioan.
2665 2058 2828 2117 xxn.
2858 2058 2912 2115 in
2951 2058 3174 2116 Extrav.
3214 2062 3388 2136 Quia
3413 2079 3552 2136 quo-

1952 2148 2255 2211 rumdam.
2287 2147 2358 2205 de
2385 2147 2603 2205 verbor.
2619 2148 2904 2223 significat.
2923 2149 3178 2208 Secundo
3195 2193 3210 2222 ,
3239 2154 3369 2225 quia
3387 2153 3553 2213 etiam

1957 2238 2009 2295 in
2050 2238 2133 2296 his
2174 2237 2458 2311 omnibus,
2500 2255 2645 2314 quae
2683 2240 2881 2297 statuit
2917 2238 3054 2298 haec
3081 2247 3360 2315 potestas,
3389 2246 3557 2318 perti-

1957 2334 2198 2403 nentque
2227 2328 2296 2387 ad
2322 2335 2606 2387 externam
2632 2328 2874 2402 politiam
2900 2329 3352 2401 ecclesiasticam,
3369 2335 3456 2392 vel
3482 2336 3554 2395 ad

1955 2419 2099 2491 lites,
2122 2423 2480 2491 contractus,
2503 2424 2616 2477 etc.
2642 2434 2856 2492 semper
2877 2422 3364 2492 supernaturaliter
3393 2439 3552 2499 prae·

1956 2512 2113 2582 cipit,
2148 2509 2202 2568 id
2227 2516 2334 2580 est,
2369 2509 2474 2568 sub
2503 2512 2715 2569 ratione
2743 2512 3168 2587 supernaturali,
3199 2518 3259 2571 et
3284 2514 3338 2571 in
3364 2515 3554 2574 ordine

1956 2599 2026 2658 ad
2067 2601 2224 2657 finem
2267 2600 2766 2674 supernaturalem.
2797 2602 2937 2659 Nam
2973 2600 3160 2661 eadem
3196 2610 3284 2662 est
3317 2611 3558 2677 potestas
3589 2628 3596 2635 ·

1958 2690 2258 2764 legislativa
2284 2690 2333 2747 in
2363 2705 2722 2765 quacumque
2751 2691 3011 2764 materia,
3040 2700 3096 2749 et
3123 2708 3338 2765 semper
3363 2710 3556 2768 opera-

1961 2788 2053 2839 tur
2090 2782 2197 2838 sub
2237 2783 2458 2854 propria
2494 2782 2704 2839 ratione
2743 2781 2940 2840 obiecti
2978 2784 3087 2841 sui.
3118 2782 3274 2852 Quod
3312 2792 3496 2858 potest
3520 2803 3555 2846 a

1958 2870 2119 2928 simili
2143 2870 2414 2929 declarari
2439 2886 2508 2929 ex
2540 2871 2758 2929 actibus
2783 2874 3048 2931 virtutum
3075 2873 3554 2937 infusarum-Nam

1957 2975 2055 3033 per
2082 2960 2244 3017 tidem
2267 2978 2322 3018 v.
2346 2978 2402 3034 g.
2428 2977 2538 3020 non
2568 2968 2784 3019 tantum
2811 2960 3087 3019 credimus
3117 2968 3554 3036 supernaturalia

1960 3052 2251 3128 mysteria,
2281 3049 2374 3109 sed
2401 3053 2560 3109 etiam
2589 3050 2765 3109 multa
2789 3050 3088 3125 naturalia,
3119 3059 3184 3111 ut
3208 3057 3380 3114 Deum
3406 3072 3552 3131 esse,

1957 3142 2042 3199 vel
2070 3142 2306 3199 animam
2327 3156 2448 3199 esse
2468 3141 2850 3217 immortalem3
2866 3148 3048 3200 tamen
3065 3149 3232 3215 prout
3251 3143 3381 3203 tides
3402 3148 3557 3207 circa

1959 3231 2091 3290 haec
2131 3237 2418 3303 versatur,
2461 3231 2565 3288 sub
2591 3232 2802 3290 ratione
2840 3232 3242 3305 supernaturali
3269 3236 3464 3301 tendit,
3495 3244 3552 3296 et

1964 3320 2457 3394 supernaturaliter
2496 3326 2785 3397 operatur3
2829 3321 2976 3379 idem
3009 3323 3062 3379 in
3097 3325 3327 3383 caritate
3363 3332 3422 3385 et
3455 3344 3554 3401 spe

1960 3410 2146 3469 videre
2176 3410 2304 3471 licet
2324 3455 2338 3484 ,
2377 3417 2435 3470 et
2458 3412 2692 3471 maxime
2716 3415 2773 3470 in
2800 3412 3098 3471 virtutibus
3124 3414 3423 3475 moralibus
3449 3436 3551 3492 per

1958 3518 2017 3561 se
2050 3502 2264 3561 infusis.
2294 3506 2373 3561 lta
2406 3519 2541 3579 ergo
2571 3520 2630 3561 se
2657 3490 2823 3561 habet
2845 3503 2982 3561 haec
3008 3510 3248 3577 potestas
3275 3507 3332 3565 in
3359 3508 3442 3567 his
3469 3509 3546 3567 le-

1958 3595 2117 3668 gibus
2156 3594 2426 3667 serendis,
2469 3610 2610 3668 quae
2651 3592 2904 3667 politicae
2938 3601 2997 3652 et
3020 3596 3182 3669 quasi
3210 3596 3397 3655 civiles
3423 3615 3549 3659 esse

1958 3685 2246 3756 videntur,
2291 3700 2416 3741 nam
2459 3698 2671 3757 semper
2710 3685 2763 3741 in
2803 3684 2909 3741 illis
2949 3683 3113 3743 habet
3137 3694 3450 3760 respectum
3479 3691 3550 3749 ad

1962 3776 2197 3835 salutem
2223 3777 2547 3846 animarum,
2575 3774 2724 3833 etad
2755 3774 3072 3849 religiosum
3098 3775 3313 3835 cultum
3339 3780 3454 3855 Dei,
3479 3789 3546 3841 ut

1958 3882 2027 3924 ex
2067 3873 2258 3924 tenore
2297 3866 2461 3923 etiam
2497 3865 2740 3937 ipsorum
2769 3880 3041 3924 canonum
3069 3868 3387 3941 regulariter
3415 3886 3547 3933 con-

1958 3962 2103 4015 stare
2129 3962 2330 4030 potest.
2355 3957 2561 4031 Estque
2582 3958 2853 4029 optimum
2871 3956 3180 4029 exemplum
3219 3958 3272 4016 in
3299 3975 3350 4017 c.
3376 3966 3542 4038 Qua-

1961 4045 2097 4105 liter
2125 4053 2184 4104 et
2208 4045 2462 4120 quando,
2492 4051 2551 4117 2,
2575 4046 2642 4103 de
2669 4053 2918 4104 accusat.
2941 4046 3033 4105 ubi
3059 4048 3345 4106 tractando
3365 4050 3434 4108 de
3459 4069 3552 4111 or-

1958 4136 2083 4195 dine
2102 4138 2155 4193 in
2178 4136 2420 4210 iudiciis,
2443 4134 2526 4193 vel
2547 4135 3056 4195 denunciationibus
3077 4139 3344 4198 servando
3364 4142 3546 4215 ipsum

1960 4226 2213 4301 colligere
2261 4226 2452 4284 nititur
2499 4226 2742 4285 Pontifex
2785 4244 2852 4285 ex
2891 4228 3307 4287 auctoritatibus
3342 4234 3467 4291 novi
3491 4241 3551 4292 et

1961 4316 2168 4374 veteris
2193 4317 2543 4375 Testamenti.
2571 4318 2671 4375 Ex
2697 4316 2918 4390 quibus.
2957 4317 3157 4391 inquit,
3177 4324 3391 4395 postea
3411 4339 3550 4398 pro-

1960 4411 2262 4465 cesserunt
2301 4409 2631 4465 canonicae
2671 4411 3020 4466 sanctiones.
3072 4410 3229 4468 Ratio
3266 4426 3396 4471 vero
3441 4423 3548 4491 est,

1957 4499 2090 4572 quia
2108 4510 2242 4556 cum
2269 4497 2403 4555 haec
2433 4503 2678 4570 potestas
2705 4498 2778 4554 sit
2803 4499 3099 4571 superioris
3128 4497 3364 4576 ordinis,
3392 4520 3547 4563 com·

1960 4589 2220 4661 plectitur
2248 4588 2410 4646 etiam
2443 4586 2696 4648 inferiora
2713 4628 2728 4659 ,
2757 4594 3028 4661 quatenus
3055 4587 3238 4665 aliquo
3265 4591 3426 4651 modo
3455 4612 3553 4653 su-

1964 4679 2274 4754 perioribus
2313 4677 2628 4737 deserviunt
2666 4679 2749 4736 vel
2788 4695 2886 4751 per
2926 4678 3148 4738 modum
3173 4681 3431 4757 subiecti,
3460 4686 3548 4745 vel

1966 4785 2063 4844 per
2091 4766 2318 4843 modum
2346 4769 2830 4841 instrumenti,aut
2855 4770 2959 4827 alio
2987 4770 3242 4844 simili30t
3264 4774 3337 4829 ita
3365 4781 3550 4847 potest

1962 4863 2127 4919 etiam
2158 4860 2227 4919 de
2253 4858 2451 4933 rebus,
2483 4876 2584 4917 seu
2611 4858 2847 4917 materiis
2875 4858 3142 4918 inferioris
3169 4860 3372 4921 ordinis
3397 4864 3544 4939 leges

1964 4951 2131 5025 serre,
2160 4966 2378 5025 semper
2406 4957 2589 5009 tamen
2615 4951 2718 5009 sub
2745 4950 2953 5023 ratione
2981 4954 3250 5025 superiori
3275 4959 3332 5012 et
3356 4971 3551 5031 super-

1961 5042 2221 5101 naturali.

2038 5136 2093 5192 5.
2114 5133 2303 5192 Tertia
2327 5131 2652 5193 excellentia
2674 5131 2840 5191 huius
2866 5135 3144 5205 potestatis
3165 5136 3425 5211 assignari
3450 5157 3550 5214 po.

1967 5231 2077 5283 test
2102 5242 2170 5285 ex
2197 5230 2354 5298 parte
2381 5239 2583 5283 causae
2608 5222 2897 5283 efficientis
2926 5230 2984 5283 et
3007 5226 3247 5299 originis;
3270 5229 3554 5291 namhaec
