4325 6267
754 326 878 387 154

682 482 859 538 genus
886 468 1250 539 gubernatur,
1281 474 1337 523 et
1364 466 1633 525 humanae
1662 471 1907 526 actiones
1944 469 2278 543 diriguntur.

682 557 750 611 Et
779 555 883 612 hoc
908 554 1068 611 modo
1098 554 1310 613 videtur
1339 558 1642 629 sumpsisse
1672 560 1760 615 ius
1784 559 2087 617 humanum
2110 561 2278 617 Arist.

690 652 743 701 5.
780 644 975 701 Ethic.
1011 660 1137 717 cap.
1171 646 1225 715 7,
1256 644 1403 717 quod
1436 647 1551 717 ipse
1580 648 1825 705 nominat
1854 650 1937 705 ius
1968 648 2278 719 politicum,

680 733 765 789 vel
796 733 986 803 civile,
1033 739 1092 789 ut
1132 734 1403 805 interpres
1443 738 1618 792 vertit.
1659 740 1837 809 Atque
1877 739 1947 795 ita
1983 738 2173 793 dividit
2198 739 2285 794 ius

680 822 837 877 civile
876 824 927 877 in
974 823 1224 879 naturale
1264 838 1329 879 ac
1368 823 1705 895 legitimum,
1740 841 1834 897 per
1872 827 2170 898 legitimum
2201 828 2284 883 in-

682 911 925 983 telligens
948 910 1101 982 illud,
1120 912 1269 985 quod
1295 930 1393 969 nos
1412 916 1703 985 positivum
1726 916 1881 972 civile
1908 918 2280 973 nominamus.

688 1004 820 1057 ltem
854 1004 905 1057 in
940 1002 1039 1058 hac
1070 1004 1459 1071 significatione
1491 1004 1701 1063 videtur
1730 1007 2027 1078 sumpsisse
2072 1008 2156 1062 ius
2187 1007 2288 1061 hn-

684 1106 907 1147 manum
933 1092 987 1147 d.
1012 1092 1243 1149 Thomas
1270 1092 1325 1148 d.
1353 1108 1409 1165 q.
1432 1097 1524 1161 95,
1558 1102 1665 1151 art.
1698 1100 1754 1165 ²3
1787 1110 1909 1151 nam
1939 1095 2071 1152 illud
2098 1095 2290 1151 dividit

682 1181 733 1234 in
766 1178 843 1245 id,
887 1180 1037 1253 quod
1080 1196 1186 1237 vim
1230 1181 1393 1237 habet
1430 1198 1495 1238 ex
1538 1183 1799 1240 discursu
1842 1184 2096 1255 naturali,
2140 1184 2284 1241 aliud

622 1298 629 1305 ·
687 1269 839 1341 quod
868 1286 932 1325 ex
964 1270 1187 1325 arbitrio
1216 1270 1529 1341 hominum3
1561 1288 1703 1345 quae
1730 1272 1841 1330 duo
1870 1274 2127 1331 videntur
2165 1290 2288 1329 esse

686 1361 772 1413 ius
804 1358 1053 1415 naturale
1081 1366 1133 1414 et
1165 1360 1459 1430 positivum
1492 1367 1723 1419 tantum.
1758 1365 2048 1420 Praeterea
2078 1364 2161 1420 lex
2191 1380 2290 1435 po-

686 1448 843 1503 sitiva
873 1455 1107 1503 vocatur
1134 1464 1163 1503 a
1192 1448 1249 1504 d.
1282 1449 1487 1506 Thoma
1516 1450 1777 1523 humana,
1808 1458 1863 1508 et
1900 1451 2023 1508 talis
2064 1453 2131 1509 ab
2173 1453 2289 1525 ipso

684 1544 947 1593 censetur
972 1539 1147 1594 omnis
1170 1538 1433 1611 illa,quae
1455 1540 1522 1595 ab
1545 1539 1851 1597 hominibus
1874 1542 2290 1613 ponitur.Eam-

683 1626 796 1699 que
823 1626 1209 1698 subdistinguit
1238 1629 1290 1681 in
1320 1629 1475 1685 artic.
1514 1632 1578 1700 ⁴3
1612 1644 1737 1685 nam
1765 1630 2038 1703 quaedam
2076 1636 2163 1687 est
2195 1644 2289 1703 per

686 1716 913 1771 modum
942 1715 1333 1787 conclusionis,
1363 1733 1505 1790 quae
1537 1720 1644 1775 vim
1673 1718 1833 1775 habet
1861 1735 1892 1776 a
1919 1720 2040 1777 iure
2064 1728 2292 1777 natura·

685 1806 739 1875 li,
772 1821 937 1878 quam
968 1822 1067 1861 nos
1097 1806 1329 1863 dicimus
1356 1822 1477 1863 esse
1508 1809 1690 1879 potius
1712 1807 2104 1865 declarativam
2126 1811 2285 1873 iuris.

686 1910 853 1968 quam
886 1896 1327 1967 constitutivam3
1362 1896 1463 1953 alia
1500 1912 1631 1953 vero
1670 1903 1754 1953 est
1792 1914 1889 1969 per
1933 1897 2159 1955 modum
2197 1898 2292 1955 de-

686 1984 1103 2055 terminationis,
1128 2000 1269 2056 quae
1292 2000 1493 2041 novum
1518 1985 1603 2041 ius
1624 1985 1941 2059 introducit,
1966 2002 2132 2059 quam
2159 1988 2290 2043 sim-

686 2072 905 2145 pliciter
934 2074 1217 2144 positivam
1248 2090 1534 2131 vocamus.
1552 2074 1781 2131 Videtur
1806 2090 1939 2147 ergo
1968 2076 2023 2132 d.
2054 2076 2290 2133 Thomas

686 2164 741 2219 in
774 2161 919 2218 dicto
949 2169 1055 2218 art.
1089 2167 1140 2219 4.
1178 2162 1326 2235 loqui
1367 2162 1433 2219 de
1474 2164 1591 2219 iure
1632 2166 1879 2236 gentium
1920 2172 2180 2238 tanquam
2223 2165 2290 2221 de

684 2252 807 2325 lege
840 2252 1078 2309 humana
1106 2260 1159 2308 et
1188 2254 1441 2323 positiva,
1474 2253 1641 2325 priori
1672 2252 1834 2309 modo
1864 2260 2128 2326 accepta3
2165 2270 2286 2310 nam

689 2348 875 2411 aperte
907 2340 1042 2397 dicit
1071 2356 1192 2397 esse
1228 2357 1323 2413 per
1344 2340 1566 2397 modum
1596 2342 1989 2413 conclusionis,
2012 2350 2068 2400 et
2090 2343 2290 2400 habere

688 2446 847 2485 suam
878 2432 987 2485 vim
1010 2446 1041 2486 a
1069 2432 1187 2486 iure
1209 2429 1462 2487 naturali.
1495 2431 1563 2487 Et
1592 2428 1729 2485 idem
1761 2430 1978 2487 videtur
2004 2433 2207 2488 sentire
2230 2438 2286 2491 2.

689 2524 746 2589 2,
786 2536 839 2590 q.
878 2522 942 2575 57
972 2559 986 2586 ,
1016 2526 1121 2574 art.
1160 2522 1213 2575 3.
1248 2518 1315 2575 ad
1346 2526 1687 2590 argumenta.
1720 2519 2081 2576 Nihilominus
2110 2527 2290 2576 tamen

691 2614 877 2679 potest
916 2608 1140 2681 intelligi
1182 2609 1401 2679 proprie
1426 2607 1494 2664 de
1522 2610 1641 2665 iure
1678 2610 1911 2680 positivo
1940 2618 1993 2667 et
2022 2610 2285 2677 humano,

692 2698 860 2754 id-est
888 2698 955 2754 ab
986 2697 1295 2754 hominibus
1326 2698 1627 2755 constituto
1656 2718 1667 2755 :
1701 2697 1912 2755 dicitur
1939 2706 2124 2756 autem
2152 2714 2288 2755 con-

692 2788 843 2844 stitui
868 2802 963 2857 per
994 2786 1217 2844 modum
1245 2786 1639 2861 conclusionis,
1660 2794 1718 2844 et
1744 2804 1852 2844 non
1880 2788 2289 2846 determinatio-

694 2878 809 2947 nis,
842 2878 968 2949 quia
996 2892 1062 2933 ex
1092 2879 1143 2933 vi
1181 2877 1317 2933 iuris
1354 2877 1597 2948 gentium
1640 2892 1745 2933 non
1785 2880 1982 2950 recipit
2018 2878 2286 2951 integram

688 2964 1199 3034 determinationem
1230 2967 1278 3021 in
1310 2965 1653 3036 particulari,
1688 2965 1781 3023 sed
1813 2968 1865 3023 in
1896 2968 2180 3024 communi
2211 2968 2290 3023 in-

690 3054 1012 3111 troducitur
1042 3070 1137 3126 per
1168 3053 1387 3111 modum
1421 3054 1693 3128 illationis,
1718 3071 1823 3112 non
1848 3054 2163 3127 simpliciter
2192 3072 2284 3112 ne·

692 3146 957 3215 cessaria,
990 3144 1084 3201 sed
1117 3145 1187 3200 ita
1218 3145 1545 3201 couveniens
1576 3150 1831 3217 naturae,
1864 3152 1924 3202 ut
1952 3146 2111 3217 quasi
2140 3145 2292 3201 insti-

690 3240 851 3305 gante
884 3240 1076 3289 natura
1113 3232 1396 3289 inseratur.
1429 3234 1497 3289 Et
1525 3233 1598 3289 ita
1628 3232 1780 3289 illum
1810 3232 2060 3306 intelligit
2080 3276 2095 3305 ,
2126 3240 2183 3288 et
2211 3248 2295 3289 se-

690 3325 883 3395 quitur
910 3324 1041 3380 Soto
1071 3322 1161 3379 lib.
1205 3327 1252 3380 t.
1286 3321 1357 3378 de
1384 3325 1576 3380 instit.
1602 3318 1665 3396 'q.
1704 3329 1771 3392 5,
1803 3327 1904 3379 art.
1940 3326 1971 3379 4
2000 3364 2015 3391 ,
2046 3328 2099 3379 et
2127 3321 2291 3379 latius

692 3413 785 3470 lib.
817 3417 939 3486 3,q.
975 3418 1023 3483 t,
1046 3418 1149 3469 art.
1169 3417 1222 3478 3,
1254 3419 1308 3467 et
1336 3410 1631 3469 cardinalis
1653 3410 2009 3469 Bellarminus
2043 3409 2113 3467 lib
2149 3416 2196 3469 1.
2229 3411 2295 3467 de

692 3500 899 3558 cleric.
934 3516 1056 3574 cap.
1093 3506 1185 3559 29.
1222 3502 1272 3556 in
1318 3500 1507 3557 ultima
1546 3500 1800 3558 editione.
1836 3500 1985 3556 ldem
2016 3505 2163 3558 tenet
2192 3502 2295 3558 Co·

694 3606 843 3647 varr.
878 3592 926 3647 in
960 3591 1503 3664 regulapeccatum,
1536 3594 1591 3648 2.
1624 3606 1679 3662 p.
1712 3596 1745 3657 s
1782 3593 1868 3662 ll,
1895 3606 1947 3645 n.
1982 3594 2039 3647 4.

775 3680 965 3752 Neque
1006 3679 1075 3735 ab
1115 3679 1219 3735 hac
1265 3678 1529 3735 sententia
1556 3679 1889 3736 dissentiunt
1915 3680 2170 3751 iuristae,
2201 3681 2296 3753 qui

696 3772 785 3827 ius
811 3770 1055 3842 gentium
1083 3768 1430 3843 distinguunt
1472 3770 1525 3825 in
1554 3768 1866 3841 primarium
1886 3810 1900 3839 ,
1931 3775 1986 3826 et
2024 3767 2294 3825 secunda·

694 3861 859 3931 rium,
890 3865 946 3916 et
978 3860 1129 3931 prius
1150 3857 1341 3917 dicunt
1364 3859 1567 3915 includi
1594 3859 1649 3915 in
1670 3861 1791 3916 iure
1813 3858 2080 3929 naturali,
2111 3867 2295 3931 poste-

608 3996 614 4003 .
696 3950 815 4006 rius
854 3964 978 4006 vero
1016 3964 1137 4005 esse
1178 3949 1479 4021 positivum
1509 3949 1833 4021 humanum,
1865 3955 1931 4005 ut
1956 3947 2139 4006 videre
2171 3950 2299 4006 licet

696 4039 749 4094 in
777 4038 984 4095 Albert.
1017 4038 1299 4109 Bolognet.
1342 4042 1563 4095 tractat.
1596 4036 1667 4094 de
1695 4037 1945 4111 Leqtbus
1980 4043 2038 4095 et
2064 4040 2290 4095 iuram.

697 4126 1273 4200 cap.27,etPinell.in
1304 4128 1429 4183 rub.
1460 4125 1605 4183 C.de
1635 4126 2113 4185 rescind.,rendit.
2146 4129 2293 4185 Haec

695 4217 841 4272 enim
868 4216 1063 4272 divisio
1094 4221 1309 4273 tautum
1338 4214 1515 4271 differt
1551 4215 1603 4270 in
1646 4231 1751 4272 usu
1782 4215 1935 4272 vocis
1954 4256 1969 4287 ,
2002 4232 2127 4273 nam
2156 4217 2210 4273 in
2238 4232 2296 4275 re

701 4306 967 4363 coincidit
992 4320 1123 4361 cum
1150 4304 1401 4361 doctrina
1424 4303 1573 4361 data.
1606 4305 1743 4373 Quia
1771 4304 1903 4361 illud
1931 4305 2017 4362 ius
2045 4306 2296 4379 gentium

697 4397 1037 4468 primaevum
1066 4396 1359 4451 intrinsece
1388 4392 1636 4451 naturale
1662 4402 1773 4463 est,
1807 4393 2100 4467 solumque
2127 4394 2298 4453 deno-

702 4485 946 4540 minatur
975 4484 1240 4555 gentium,
1272 4482 1403 4554 quia
1430 4480 1519 4538 illo
1546 4491 1733 4553 gentes
1763 4488 2001 4539 utuntur
2040 4498 2297 4541 commu·

699 4574 860 4629 niter.
894 4572 989 4628 Hic
1013 4586 1142 4627 vero
1172 4572 1389 4643 proprie
1426 4569 1738 4642 loquimur,
1771 4577 2043 4643 quatenus
2082 4572 2150 4627 ab
2192 4573 2298 4628 ori-

700 4663 824 4734 gine
852 4667 909 4717 et
937 4660 1260 4716 auctoritate
1290 4660 1366 4716 ita
1396 4659 1802 4731 denominatum
1832 4667 1890 4716 et
1920 4661 2021 4717 hoc
2050 4667 2137 4719 est
2165 4661 2297 4719 illud

704 4748 1115 4819 secundarium,
1130 4748 1278 4821 quod
1303 4747 1375 4804 illi
1391 4748 1625 4805 fatentur
1646 4763 1768 4805 esse
1792 4750 2082 4821 positivum
2105 4750 2299 4808 huma·

703 4854 855 4894 num.
890 4839 1111 4895 Ratione
1139 4838 1303 4894 etiam
1332 4837 1681 4894 convincitur
1709 4838 1843 4895 haec
1872 4841 2098 4897 assertio
2123 4855 2189 4897 ex
2219 4839 2301 4896 di-

703 4926 831 5000 ctis,
862 4927 989 4999 quia
1020 4928 1101 4983 lex
1134 4925 1469 4983 sufficienter
1497 4925 1757 4983 dividitur
1784 4943 1883 5000 per
1910 4929 2216 4987 naturalem
2247 4937 2303 4988 et

702 5017 987 5087 positivam
1018 5016 1236 5087 proprie
1262 5014 1491 5085 dictam,
1520 5015 1603 5071 vel
1632 5030 1731 5088 per
1756 5016 1993 5075 divinam
2021 5026 2077 5076 et
2107 5019 2301 5077 huma-

706 5122 852 5176 nam,
870 5106 937 5161 ab
965 5112 1197 5161 auctore
1228 5113 1519 5176 utramque
1546 5103 1965 5179 denominando,
1984 5110 2116 5181 quia
2147 5117 2299 5166 utra·

705 5211 813 5266 que
845 5194 1085 5252 membra
1114 5194 1481 5251 immediatam
1502 5195 1991 5255 contradictionem
2015 5199 2300 5257 involvunt

2171 346 2370 395 LIBER
2399 346 2476 396 11.

2351 476 2414 527 ut
2445 476 2694 543 constat3
2730 469 2824 527 sed
2863 475 3150 526 ostensum
3178 476 3292 541 est,
3327 470 3497 541 legem
3537 471 3672 527 iuris
3711 474 3952 543 gentium

2351 576 2460 616 non
2492 574 2614 615 esse
2645 559 2946 615 naturalem
2977 560 3196 631 proprie
3232 565 3290 617 et
3327 561 3380 615 in
3421 559 3601 633 rigore
3625 600 3641 630 ,
3671 568 3728 617 et
3755 577 3954 618 conse·

2352 655 2585 722 quenter
2611 663 2716 703 non
2747 662 2867 703 esse
2893 647 3166 715 divinam3
3197 662 3330 719 ergo
3358 664 3584 705 necesse
3621 656 3708 707 est
3738 692 3754 721 ,
3785 656 3846 707 ut
3885 653 3958 707 sit

2351 738 2579 810 positiva
2607 745 2661 793 et
2689 737 2946 793 humana.
2977 738 3374 808 confirmatur,
3407 738 3534 809 quia
3572 738 3658 795 lex
3689 740 3956 796 naturalis

2355 834 2459 896 est,
2491 842 2657 899 quam
2687 842 2793 883 non
2825 826 3002 897 opinio
3026 826 3234 897 genuit,
3259 826 3352 882 sed
3377 827 3642 883 naturalis
3663 828 3954 894 evidentia,

2355 922 2416 973 ut
2436 908 2628 973 Cicero
2656 916 2813 988 dixit3
2846 930 2978 989 ergo
3003 918 3184 979 ‚omnis
3211 916 3321 987 lex,
3347 932 3490 989 quae
3519 933 3624 974 non
3655 918 3760 975 hoc
3791 920 3958 976 modo

2354 1012 2682 1078 generatur,
2715 1006 2947 1075 positiva
2983 1012 3068 1061 est
3103 1014 3160 1063 et
3199 1004 3470 1076 humana3
3505 1006 3608 1063 tale
3650 1016 3834 1064 autem
3867 1016 3958 1066 est

2354 1097 2442 1150 ius
2468 1096 2730 1166 gentium,
2762 1095 2889 1167 quia
2921 1110 3024 1149 non
3059 1110 3156 1167 per
3182 1094 3508 1151 evidentiam
3535 1136 3550 1163 ,
3583 1095 3679 1151 sed
3703 1112 3800 1167 per
3829 1112 3958 1167 pro-

2356 1184 2716 1254 babilitatem,
2746 1192 2803 1240 et
2829 1198 3181 1241 communem
3209 1184 3642 1241 aestimationem
3673 1184 3956 1243 hominum

2359 1272 2756 1345 introducitur3
2782 1288 2938 1345 ergo.

2433 1366 2486 1419 4.
2519 1361 2678 1417 Nunc
2704 1368 2888 1419 autem
2917 1371 3173 1435 superest
3197 1362 3600 1435 explicandum,
3631 1366 3682 1420 in
3711 1380 3824 1437 quo
3851 1363 3951 1421 dit-

2359 1446 2500 1506 t'erat
2524 1450 2612 1506 ius
2640 1453 2884 1523 gentium
2916 1467 2947 1508 a
2973 1452 3147 1519 civili3
3180 1466 3304 1507 nam
3333 1466 3492 1508 omne
3521 1453 3606 1508 ius
3634 1455 3950 1525 positivum,

2359 1539 2427 1595 ab
2459 1538 2770 1595 hominibus
2799 1540 3044 1611 positum
3087 1542 3140 1595 in
3171 1538 3354 1597 ordine
3389 1540 3456 1597 ad
3495 1540 3955 1613 gubernationem

2359 1644 2496 1700 pure
2529 1630 2844 1700 politicam,
2875 1635 3042 1686 vocat
3065 1630 3383 1687 Aristoteles
3413 1622 3714 1702 legitimum
3741 1638 3795 1689 5.
3836 1634 3960 1688 Ett-

2361 1718 2524 1776 chor.
2554 1734 2680 1788 cap.
2719 1722 2772 1786 7,
2797 1726 2852 1775 et
2873 1718 3120 1775 illudmet
3139 1719 3353 1776 videtur
3373 1722 3558 1777 vocari
3577 1721 3757 1791 civile,
3783 1729 3847 1778 ut
3868 1736 3966 1777 su·

2361 1809 2529 1864 mitur
2566 1823 2632 1863 ex
2675 1806 2882 1864 Isidoro
2921 1823 3122 1878 supra,
3153 1824 3251 1864 seu
3281 1824 3408 1881 cap.
3442 1814 3460 1866 1
3488 1852 3503 1879 ,
3531 1809 3586 1866 d.
3628 1815 3676 1881 1,
3707 1817 3766 1868 et
3791 1813 3956 1867 sentit

2359 1896 2415 1952 d.
2448 1897 2684 1953 Thomas
2715 1897 2851 1953 locis
2879 1897 3074 1953 citatis.
3108 1898 3264 1953 Dices
3283 1938 3299 1967 ,
3327 1897 3540 1954 differre
3563 1939 3580 1969 ,
3609 1902 3740 1972 quia
3769 1900 3854 1956 ius
3881 1901 3960 1955 ci·

2363 1984 2470 2041 vile
2498 1991 2583 2042 est
2610 1987 2695 2041 ius
2720 1987 2882 2042 unius
2911 1986 3143 2043 civitatis
3171 1992 3270 2042 aut
3297 1988 3480 2058 regni,
3513 1987 3598 2043 ius
3621 1994 3806 2045 autem
3829 2004 3964 2061 gen·

2361 2074 2496 2131 tium
2518 2080 2604 2130 est
2625 2089 2918 2133 commune
2939 2075 3192 2131 omnibus
3212 2075 3492 2147 gentibus.
3507 2076 3614 2133 Sed
3635 2084 3829 2133 contra
3855 2077 3958 2133 hoc

2359 2170 2466 2235 est,
2499 2164 2673 2236 primo
2695 2166 2828 2237 quia
2851 2162 2984 2219 haec
3005 2162 3306 2221 differentia
3327 2164 3506 2221 solum
3530 2164 3747 2221 videtur
3767 2181 3966 2223 secun-

2360 2252 2494 2309 dum
2520 2254 2690 2327 magis
2705 2254 2980 2324 etminus,
2995 2258 3052 2309 et
3069 2251 3222 2308 valde
3243 2251 3614 2311 accidentalis.
3630 2253 3888 2311 Secundo
3911 2260 3969 2311 et

2359 2343 2663 2411 difficilius,
2689 2342 2815 2414 quia
2849 2340 3180 2414 impossibile
3211 2340 3444 2409 videtur,
3471 2343 3556 2399 ius
3575 2346 3820 2416 gentium
3845 2359 3966 2399 esse

2359 2446 2656 2489 commune
2685 2431 2938 2487 omnibus
2965 2430 3223 2502 gentibus
3259 2430 3641 2488 introductum
3681 2431 3962 2488 voluntate

2361 2527 2415 2579 et
2443 2522 2693 2593 opinione
2722 2520 2981 2576 humana.
3017 2519 3149 2586 Quia
3187 2521 3241 2575 in
3281 2520 3399 2588 his,
3431 2536 3571 2593 quae
3607 2521 3676 2577 ab
3713 2520 3963 2591 opinione

2359 2616 2415 2667 et
2443 2610 2668 2665 arbitrio
2699 2608 2980 2665 hominum
3012 2607 3266 2679 pendent,
3297 2624 3406 2665 non
3437 2608 3614 2665 solent
3647 2624 3838 2666 omnes
3874 2625 3960 2666 ra·

2358 2700 2531 2756 tiones
2561 2697 2876 2756 convenire.
2906 2698 3040 2755 Nam
3073 2696 3176 2754 hoc
3215 2706 3302 2754 est
3338 2698 3622 2755 hominum
3658 2699 3956 2772 ingenium,

2363 2797 2425 2845 ut
2450 2796 2582 2863 quot
2615 2796 2746 2845 sunt
2768 2788 2968 2860 capita,
2997 2793 3076 2843 tot
3097 2787 3208 2843 sere
3231 2788 3338 2844 sint
3360 2787 3558 2860 placita
3579 2794 3636 2844 et
3657 2787 3957 2859 opiniones,

2357 2893 2493 2950 ergo
2523 2876 2604 2933 vel
2634 2878 2719 2933 ius
2747 2877 2988 2948 gentium
3019 2891 3125 2931 non
3152 2883 3240 2933 est
3265 2876 3590 2947 humanum,
3625 2877 3708 2933 vel
3733 2893 3840 2933 noa
3865 2893 3961 2948 po-

2363 2972 2471 3023 test
2500 2967 2552 3022 iu
2578 2983 2644 3024 eo
2668 2981 2698 3021 a
2723 2966 2867 3021 civili
2893 2965 3133 3023 differre.

2443 3062 2494 3113 5.
2529 3052 2606 3113 Ad
2651 3056 2758 3112 hoc
2803 3056 2970 3128 igitur
3009 3054 3394 3126 explicandum
3437 3059 3515 3114 ita
3554 3064 3761 3114 statuo:
3807 3074 3964 3131 prae-

2361 3152 2522 3218 cepta
2541 3146 2675 3203 iuris
2695 3144 2940 3217 gentium
2961 3147 3016 3200 in
3038 3143 3141 3200 hoc
3164 3144 3422 3201 differunt
3441 3161 3470 3202 a
3486 3149 3798 3218 praeceptis
3828 3146 3963 3204 iuris

2361 3234 2552 3303 civilis,
2583 3234 2712 3306 quia
2739 3249 2848 3289 non
2879 3234 3111 3305 scripto,
3137 3232 3234 3289 sed
3263 3234 3508 3291 moribus
3539 3251 3646 3291 non
3677 3236 3841 3292 unius
3871 3237 3953 3293 vel

2365 3322 2586 3379 alterius
2613 3322 2844 3379 civitatis
2865 3328 2962 3379 aut
2983 3322 3319 3393 provinciae,
3351 3321 3444 3378 sed
3475 3323 3722 3381 omnium
3745 3325 3829 3381 rel
3855 3324 3966 3381 t'ere

2367 3412 2610 3469 omnium
2653 3412 2972 3481 nationum,
3016 3415 3305 3483 coustant3
3350 3412 3617 3500 ius2enim
3659 3411 3961 3470 humanum

2364 3499 2564 3571 duplex
2608 3505 2723 3569 est,
2755 3500 2970 3555 scilicet
2997 3500 3300 3571 scriptum,
3329 3505 3384 3556 et
3412 3516 3520 3556 non
3563 3503 3870 3572 scriptum,
3901 3510 3968 3559 ut

2367 3588 2592 3645 tradunt
2610 3590 2733 3645 iura
2755 3604 2925 3661 supra
2945 3588 3136 3657 citata,
3161 3595 3221 3645 et
3241 3588 3375 3645 infra
3395 3588 3724 3661 videbimus3
3748 3598 3969 3647 constat

2367 3686 2552 3737 autem
2583 3680 2666 3735 ius
2693 3680 2938 3751 gentium
2967 3678 3239 3750 scriptum
3265 3694 3374 3734 non
3401 3694 3557 3751 esse,
3587 3686 3646 3736 et
3673 3681 3746 3735 ita
3775 3680 3826 3735 in
3859 3679 3964 3736 hoc

2364 3766 2582 3825 differre
2610 3768 2677 3823 ab
2705 3768 2853 3823 omni
2880 3769 3000 3823 iure
3040 3765 3188 3823 civili
3227 3767 3456 3839 scripto,
3485 3768 3648 3824 etiam
3689 3770 3962 3840 imperiali

2364 3863 2420 3913 et
2446 3856 2746 3913 communi.
2778 3857 2869 3912 lus
2907 3861 3091 3912 autem
3118 3870 3227 3911 uon
3255 3858 3524 3928 scriptum
3553 3858 3802 3914 moribus
3831 3872 3969 3914 con-

2365 3951 2495 4016 stat,
2524 3943 2672 4018 quod
2703 3946 2776 4000 sit
2803 3946 2966 4001 unius
2993 3944 3168 4017 gentis
3196 3944 3443 4000 moribus
3473 3944 3874 4017 introductum,
3905 3954 3964 4002 et

2367 4034 2484 4091 illas
2513 4040 2726 4091 tantum
2756 4033 2981 4105 obligat,
3011 4032 3212 4090 dicitur
3239 4034 3400 4089 etiam
3431 4034 3614 4089 civile.
3639 4034 3694 4089 Si
3725 4050 3855 4091 vero
3885 4036 3969 4090 in-

2367 4122 2685 4180 troductum
2713 4123 2786 4179 sit
2813 4122 3060 4179 moribus
3098 4122 3346 4179 omnium
3382 4123 3660 4193 gentium,
3691 4133 3746 4179 et
3776 4138 3968 4179 omnes

2367 4212 2601 4287 obliget,
2635 4212 2739 4268 hoc
2779 4210 3056 4268 credimus
3090 4225 3212 4267 esse
3255 4212 3343 4266 ius
3379 4210 3622 4283 gentium
3659 4214 3968 4283 proprium,

2366 4303 2515 4379 quod
2544 4309 2600 4360 et
2625 4301 2804 4359 differt
2831 4316 2861 4357 a
2891 4298 3148 4371 naturali,
3175 4300 3304 4372 quia
3329 4316 3435 4357 non
3455 4306 3710 4371 naturae,
3729 4300 3826 4357 sed
3849 4316 3968 4356 mo-

2365 4394 2518 4450 ribus
2547 4393 2832 4462 innititur,
2859 4394 2975 4446 eta
3003 4388 3145 4445 civili
3181 4391 3340 4446 etiam
3379 4388 3732 4461 distinguitur
3770 4389 3822 4445 in
3859 4390 3973 4445 ori-

2365 4484 2510 4556 gine,
2534 4480 2912 4551 t'uadamento,
2936 4474 2994 4535 e't
3023 4477 3452 4549 universalitate,
3477 4476 3640 4535 modo
3667 4477 3964 4549 explicato.

2366 4570 2522 4640 Quod
2555 4569 2766 4627 videtur
2795 4568 2924 4627 mihi
2955 4568 3190 4625 sensisse
3227 4566 3560 4624 iustinianus
3597 4567 3650 4622 in
3679 4566 3704 4635 ἓ
3729 4568 3828 4623 ius
3859 4582 3970 4622 att·

2367 4667 2501 4727 tem,
2528 4660 2702 4717 Instit.
2721 4658 2786 4715 de
2814 4658 2932 4714 iure
2963 4662 3147 4713 natur.
3169 4657 3410 4729 gentium
3439 4662 3494 4713 et
3521 4656 3685 4728 civili,
3709 4673 3840 4713 cum
3870 4658 3969 4714 ait:

2367 4754 2470 4807 Ius
2500 4752 2700 4807 autem
2726 4750 2995 4821 qentium
3014 4749 3174 4803 omni
3193 4746 3462 4803 humano
3482 4747 3682 4818 ymeri
3705 4761 3968 4802 commu·

2366 4856 2439 4899 πε
2467 4846 2592 4906 est;
2621 4854 2768 4896 nam
2793 4852 2913 4894 usu
2939 4839 3234 4908 enemente,
3262 4839 3318 4892 et
3343 4836 3624 4891 humanis
3651 4837 3972 4891 necessita-

2369 4930 2542 4997 tibus,
2579 4932 2777 5001 yentes
2802 4927 3105 4983 humanae
3125 4927 3270 4981 iura
3290 4920 3591 4996 quaedam
3618 4922 3732 4979 sibi
3753 4924 3972 4979 consti·

2367 5021 2629 5078 tuterunt.
2659 5017 2759 5077 Ubi
2787 5014 3030 5089 pondero
3058 5014 3287 5071 verbum
3315 5030 3433 5070 usu
3457 5017 3726 5085 exiqente
3763 5017 3819 5068 et
3849 5027 3970 5068 ver-

2368 5110 2502 5168 bum
2531 5110 2987 5172 constituimini,-
3018 5119 3138 5160 nam
3167 5104 3218 5159 in
3251 5101 3354 5159 hoc
3377 5104 3667 5174 posteriori
3697 5101 3966 5174 signitica-

2371 5208 2487 5273 tur,
2512 5199 2883 5257 constitutum
2913 5194 3080 5251 tuisse
3104 5210 3210 5250 non
3233 5209 3262 5250 a
3292 5199 3511 5264 natura,
3537 5191 3632 5249 sed
3655 5191 3724 5249 ab
3747 5191 3974 5247 homini-
