4325 6267
757 365 797 423 2
1537 357 1544 365 ’
1942 380 2331 428 anomalum
2360 378 2679 428 ,mucronis

673 507 1030 566 rumtamen
1071 503 1136 564 hi
1221 502 1530 582 hilosophi
1565 505 1814 568 tantum
1851 503 2378 585 iurisprudentiae
2463 503 2717 582 rincipia
2764 502 3063 565 videntur
3107 500 3447 564 tradidisse.
3481 501 3645 567 Nam
3688 502 3819 567 t‘ere
3846 502 3927 564 de

671 585 819 648 solis
848 584 1139 647 humanis
1179 519 1423 662 legibus
1452 588 1830 660 tractarunt,
1861 603 2024 666 quae
2052 585 2127 648 ad
2154 602 2382 665 rempu
2452 586 2613 647 icam
2640 589 2703 647 et
2742 583 3061 646 civitatem
3101 583 3165 646 in
3194 583 3424 646 iustitia
3452 587 3516 646 et
3550 601 3701 664 pace
3728 585 3929 648 conti-

672 664 947 730 nendam
973 666 1420 730 convenientes
1447 670 1629 742 sunt,
1655 671 1716 729 et
1736 669 1816 732 ad
1839 685 2176 732 summum
2202 664 2280 730 de
2302 667 2565 730 naturali
2592 666 2731 730 iure
2746 711 2762 738 ,
2785 671 3097 745 quatenus
3116 665 3396 728 humana
3416 667 3657 729 ratione
3680 666 3927 730 ostendi

671 752 871 828 potest
887 795 905 822 ,
958 752 1022 812 et
1070 749 1376 811 moralem
1425 748 1812 814 honestatem
1843 750 2153 814 virtutum
2195 749 2644 829 acquisitarum
2684 748 2925 828 dirigit,
2962 744 3252 810 nonnihil
3294 747 3654 826 attigerunt.
3716 751 3926 830 Atque

669 829 959 893 eamdem
985 828 1116 894 fere
1143 831 1450 894 rationem
1477 831 1543 893 in
1571 831 1812 912 legibus
1838 831 2112 896 ferendis
2143 836 2484 895 tenuerunt
2512 831 2920 910 imperatores
2939 877 2957 906 ,
2982 834 3056 892 ut
3078 828 3185 892 alii
3210 829 3499 893 civilium
3531 831 3751 911 legum
3773 847 3929 894 con·-

671 911 934 984 ditores;
965 930 1114 975 nam
1155 911 1544 992 philosophia
1589 917 1883 993 tauquam
1923 913 2338 977 fundamento
2378 914 2473 976 usi
2493 959 2510 985 ,
2540 912 2757 975 exilia
2786 912 2953 993 leges
2979 910 3199 974 civiles
3226 911 3452 974 rationi
3477 917 3925 976 consentaneas

669 992 1113 1057 deduxerunt:
1147 994 1316 1057 unde
1345 991 1562 1058 Cicero
1587 995 1652 1057 in
1680 995 1843 1058 libro
1863 996 2068 1076 primo
2088 997 2160 1059 de
2188 994 2433 1076 Legibus
2455 994 2575 1056 hoc
2603 995 2879 1057 maxime
2899 992 3150 1056 efficere
3172 997 3439 1055 conatur
3454 1039 3470 1066 ‚
3496 998 3570 1057 ut
3588 1012 3672 1057 ex
3691 995 3929 1058 intimis

670 1075 1099 1156 philosophiae
1134 1075 1692 1155 iurisprudentiam
1729 1077 2150 1142 hauriendam
2192 1094 2328 1140 esse
2363 1075 2731 1148 confirmet;
2760 1077 2865 1138 cui
2892 1079 3189 1138 consonat
3216 1075 3375 1138 illud
3408 1075 3654 1156 Ulpiani
3682 1077 3749 1139 in
3782 1077 3826 1140 l.
3861 1076 3923 1152 1,

674 1157 741 1220 ff.
773 1157 853 1218 de
895 1157 1087 1220 iustit.
1121 1162 1182 1219 et
1213 1157 1386 1220 iure:
1432 1156 1650 1220 Veram
1669 1159 2104 1240 philosophiam
2131 1177 2255 1220 non
2285 1157 2633 1222 simulatam
2675 1157 3052 1237 affectamus.
3086 1155 3266 1222 Unde
3298 1155 3402 1230 fit,
3436 1161 3507 1220 ut
3534 1159 3692 1221 iuris
3718 1158 3923 1223 civilis

585 1303 600 1320 ,
672 1238 1000 1319 prudentia
1041 1239 1200 1301 nihil
1235 1238 1409 1301 aliud
1449 1239 1561 1314 sit,
1593 1257 1788 1320 quam
1827 1241 2138 1320 quaedam
2183 1241 2426 1320 philoso
2470 1240 2608 1302 hiae
2646 1239 2900 1302 moralis
2941 1238 3020 1301 ad
3048 1238 3352 1318 regendos
3378 1254 3449 1300 ac
3482 1239 3926 1320 gubernandos

671 1321 952 1402 politicos
970 1320 1351 1401 reipublicae
1375 1338 1580 1385 mores
1602 1322 1928 1402 applicatio
1949 1339 2063 1386 seu
2084 1323 2391 1385 extensio,
2447 1321 2695 1402 deoque
2727 1326 2797 1383 ut
2809 1321 3086 1400 aliquam
3106 1336 3292 1384 verae
3314 1321 3602 1384 scientiae
3620 1322 3929 1386 rationem

757 1403 998 1481 rticipet
1016 1448 1035 1478 ‚
1071 1402 1500 1484 philosophiae
1534 1404 1836 1484 coniungi
1856 1451 1873 1480 ,
1905 1422 2019 1467 seu
2062 1405 2477 1468 subalternari
2505 1420 2757 1467 necesse
2783 1407 2897 1466 est.
2930 1401 3081 1466 Tota
3114 1419 3265 1466 vero
3291 1401 3445 1465 haec
3475 1403 3694 1484 legum
3720 1403 3921 1467 consi-

672 1419 910 1547 gssratio
929 1502 1059 1546 non
1079 1485 1459 1547 transcendit
1484 1487 1835 1550 naturalem
1857 1485 2073 1560 finem,
2097 1486 2232 1548 imo
2258 1503 2467 1564 neque
2488 1486 2666 1549 omni
2692 1501 2777 1546 ex
2796 1488 2970 1565 parte
2992 1483 3179 1548 illum
3196 1485 3462 1564 attingit,
3484 1485 3594 1548 sed
3615 1489 3926 1566 quatenus

673 1567 753 1628 ad
781 1572 1108 1629 externam
1135 1567 1434 1630 iustitiam
1461 1573 1522 1630 et
1550 1585 1769 1648 pacem
1794 1568 2177 1648 reipublicae
2204 1567 2507 1630 tuendam
2535 1567 2961 1631 necessarium
2988 1571 3101 1628 est.

756 1650 841 1711 At
882 1649 1048 1727 leges
1084 1649 1421 1710 canonicae
1462 1649 1538 1710 ad
1583 1651 2123 1730 supernaturalem
2166 1650 2456 1713 ordinem
2498 1653 2813 1730 spectant,
2844 1653 2987 1711 tum
3017 1649 3164 1728 quia
3189 1668 3226 1710 a
3253 1651 3549 1727 potestate
3577 1649 3765 1713 Petro
3792 1649 3933 1712 data

635 1743 639 1747 ·
675 1729 754 1792 ad
782 1729 1169 1810 pascendum
1195 1727 1425 1792 Christi
1465 1747 1722 1810 gregem
1758 1731 2156 1804 derivantur,
2188 1735 2329 1794 tum
2358 1733 2544 1794 etiam
2617 1731 2720 1794 uia
2748 1748 2832 1794 ex
2860 1731 3178 1810 principiis
3206 1728 3407 1793 divini
3434 1731 3589 1794 iuris
3615 1731 3931 1811 originem

674 1812 954 1888 ducunt;
987 1811 1272 1890 illudque
1313 1811 1521 1891 quoad
1557 1813 1694 1876 fieri
1721 1815 1952 1890 potest,
1984 1818 2046 1875 et
2074 1811 2357 1892 expedit,
2391 1813 2605 1876 imitan
2635 1831 2739 1874 ur.
2768 1812 3032 1892 Propter
3058 1810 3235 1891 quod
3263 1807 3429 1875 dixit
3452 1812 3781 1877 Innocent.
3812 1812 3931 1876 111.

672 1894 739 1956 in
781 1911 916 1974 cap.
963 1893 1269 1971 Qualiter,
1308 1904 1361 1956 et
1401 1896 1642 1975 quando
1659 1939 1676 1964 ,
1705 1893 1768 1957 2.
1815 1896 1888 1958 de
1929 1905 2195 1958 accusat.
2240 1895 2567 1957 canonicas
2610 1895 2960 1958 sanctiones
3000 1911 3084 1957 ex
3112 1894 3587 1959 auctoritatibus
3618 1895 3847 1959 veteris
3874 1899 3939 1956 et

673 1976 826 2039 novi
862 1975 1238 2039 Testamenti
1279 1977 1671 2056 processisse.
1717 1977 2062 2040 Possumus
2105 1979 2315 2040 tamen
2356 1976 2775 2039 nihilominus
2816 1977 2882 2039 in
2916 1975 3064 2055 ipsis
3090 1974 3435 2039 canonibus
3460 1975 3624 2042 duos
3650 1975 3811 2040 fines
3839 1977 3939 2040 di-

673 2058 1022 2137 stinguere:
1058 2075 1228 2121 unus
1256 2063 1386 2133 est,
1419 2059 1484 2120 in
1513 2062 1645 2121 toto
1671 2059 2087 2122 ecclesiastico
2113 2063 2277 2121 statu
2305 2059 2591 2122 debitum
2617 2057 2905 2121 ordinem
2934 2057 3258 2137 politicum
3278 2059 3655 2121 constituere
3670 2105 3691 2134 ‚
3714 2075 3935 2139 pacem

675 2143 738 2202 et
785 2141 1082 2203 iustitiam
1129 2139 1442 2202 custodire
1462 2186 1479 2214 ,
1512 2145 1574 2204 et
1619 2141 1834 2204 omnia
1850 2187 1866 2215 ,
1912 2158 2075 2220 quae
2125 2140 2204 2203 ad
2252 2139 2470 2203 forum
2510 2145 2854 2214 externum
2891 2140 3375 2203 ecclesiasticum
3410 2145 3719 2220 spectant,
3764 2145 3936 2204 recta

675 2222 910 2285 ratione
939 2221 1274 2297 moderari;
1298 2221 1460 2284 alius
1479 2226 1595 2296 est,
1612 2223 1825 2285 omnia
1845 2240 2009 2302 quae
2031 2221 2109 2284 ad
2131 2221 2429 2285 divinum
2455 2223 2703 2284 cultum
2725 2225 2787 2284 et
2807 2222 3073 2284 salutem
3094 2222 3472 2296 animarum,
3496 2241 3569 2284 ac
3588 2223 3935 2303 puritatem

676 2302 823 2366 fidei
850 2306 914 2366 et
941 2320 1200 2401 morum
1219 2308 1536 2400 spectant,
1568 2308 1747 2400 recte·
1765 2309 1827 2367 et
1854 2305 2201 2398 prudenter
2228 2303 2539 2367 ordinare.
2573 2304 2736 2367 luris
2762 2301 2914 2384 e'rgo
2941 2303 3223 2400 canonici
3249 2303 3618 2400 interpretes
3638 2320 3754 2384 per
3772 2321 3841 2366 se
3863 2320 3935 2366 ac

675 2384 3937 2548 ἢθὲἷὲξῖἐῖἐὲἒῑὲξιῗῖῑιῗᾶῑίῖξὶῗὲὲέἓέεέᾏὲἓὲῗέωῗῧῖἓὲιῖιῗῧῗῗὲῗέῗὲἓῗὲῖἳὲἶἧῇῖὲὲξὲξᾨῇἓᾙῖζ

676 2554 750 2612 ut
787 2550 1244 2630 supernaturali
1277 2549 1483 2612 ordini
1525 2550 1901 2630 supponitur
1920 2597 1937 2624 ,
1969 2555 2035 2613 et
2071 2550 2150 2612 ab
2185 2551 2299 2613 illo
2327 2550 2684 2613 firmitatem
2713 2550 3019 2612 maiorem
3044 2550 3298 2629 accipit;
3331 2549 3498 2628 leges
3526 2565 3683 2613 vero
3710 2549 3931 2613 civiles

669 2631 882 2694 solum
902 2679 919 2706 ,
952 2632 1055 2696 vel
1087 2634 1159 2694 ut
1186 2631 1265 2694 de
1293 2647 1519 2696 earum
1543 2632 1864 2694 honestate
1907 2649 1978 2694 ac
2006 2629 2379 2694 rectitudine
2408 2649 2520 2712 per
2547 2632 2793 2694 altiores
2820 2631 3073 2711 regulas
3097 2630 3396 2693 diiudicet
3412 2677 3426 2702 ‚
3452 2631 3556 2694 vel
3592 2633 3667 2694 ut
3690 2631 3931 2711 obliga-

669 2715 868 2776 tiones
888 2714 1300 2776 conscientiae
1321 2760 1337 2786 ,
1361 2731 1523 2793 quae
1544 2731 1628 2776 ex
1649 2714 1769 2776 illis
1788 2715 2082 2776 oriuntur
2100 2760 2117 2787 ,
2142 2714 2319 2776 iuxta
2340 2713 2641 2794 principia
2664 2713 2809 2776 fidei
2830 2712 3137 2775 declaret:
3164 2729 3369 2775 sacros
3390 2718 3605 2776 autem
3622 2729 3921 2786 canones,

669 2800 734 2858 et
757 2795 1139 2858 Pontificum
1167 2796 1412 2857 decreta
1431 2841 1448 2870 ,
1481 2799 1553 2858 ut
1579 2797 2020 2859 conscientiam
2047 2796 2273 2873 ligant,
2306 2795 2473 2858 etad
2502 2799 2819 2859 aeternam
2846 2796 3119 2858 salutem
3145 2794 3463 2873 dirigunt,
3497 2799 3802 2874 tanquam
3822 2795 3939 2857 sibi

669 2878 948 2958 proprias
987 2877 1410 2956 recognoscit,
1442 2881 1506 2939 et
1545 2876 1849 2949 vindicat,
1880 2895 1950 2940 ac
1978 2877 2247 2940 subinde
2278 2879 2341 2939 in
2367 2877 2665 2940 omnibus
2707 2876 2803 2938 his
2834 2876 3077 2956 legibus
3106 2877 3468 2956 primariam
3497 2878 3811 2956 originem
3832 2924 3849 2950 ,
3880 2881 3945 2941 et

673 2959 975 3023 ultimum
1020 2958 1213 3022 finem
1256 2960 1376 3022 sub
1417 2959 1636 3022 divino
1679 2960 1922 3022 lumine
1953 2959 2254 3038 inquirit:
2288 2959 2611 3038 quomodo
2648 2959 2944 3021 sciliceta
2972 2957 3105 3020 Deo
3134 2959 3269 3037 ipso
3296 2959 3612 3038 originem
3643 2958 3941 3029 habeant,

675 3046 985 3122 quatenus
1011 3044 1279 3121 potestas
1305 3040 1384 3103 ad
1414 3039 1549 3104 illas
1576 3039 1862 3103 ferendas
1890 3041 1954 3102 in
1985 3039 2119 3102 Deo
2146 3041 2439 3120 primarie
2467 3041 2711 3114 existit,
2743 3045 2808 3103 et
2831 3042 2909 3104 ab
2941 3040 3074 3120 ipso
3100 3039 3176 3102 ad
3206 3039 3491 3103 homines
3518 3046 3628 3102 aut
3657 3040 3929 3103 naturali

673 3126 784 3185 aut
809 3123 1267 3202 supernaturali
1297 3123 1400 3185 via
1418 3123 1732 3196 dimanet,
1756 3126 1990 3185 etcum
2013 3122 2133 3184 illis
2161 3139 2411 3202 semper
2432 3122 2658 3185 intluat
2676 3169 2693 3196 ,
2720 3127 2781 3185 et
2801 3126 3197 3202 cooperetur.
3224 3125 3317 3185 Ac
3339 3121 3611 3201 denique
3631 3121 3932 3195 declarat,

680 3203 1004 3284 quomodo
1051 3203 1220 3284 leges
1248 3203 1484 3288 ’omnes‘
1523 3220 1855 3267 mensurae
1898 3205 2020 3267 sint
2059 3203 2490 3267 humanarum
2519 3205 2842 3266 actionum
2883 3205 2951 3266 in
2994 3203 3216 3266 ordine
3255 3202 3334 3266 ad
3361 3203 3803 3266 conscientiam
3826 3249 3845 3278 ,
3874 3206 3939 3264 et

673 3292 1131 3364 consequenter
1157 3291 1466 3367 quantum
1493 3287 1571 3348 ad
1602 3287 1900 3373 meritum
1929 3285 2033 3348 vel
2062 3286 2449 3350 demeritum
2477 3289 2764 3348 aeternae
2793 3287 2958 3347 vitae
2986 3285 3327 3349 conferant.
3678 3283 3690 3296 ‘

755 3368 979 3448 Neque
1015 3385 1171 3433 vero
1211 3369 1374 3430 hanc
1410 3367 1489 3430 de
1519 3369 1764 3448 legibus
1791 3368 2221 3430 tractationem
2252 3368 2441 3448 primi
2468 3368 2629 3430 inter
2656 3367 2985 3447 theologos
3011 3367 3357 3430 adorimur:
3391 3367 3596 3430 Duces
3623 3368 3799 3430 enim
3826 3365 3938 3430 ha-

672 3451 900 3514 bemus
927 3453 1135 3513 omnis
1158 3451 1370 3514 aetatis
1396 3451 1799 3529 gravissimos
1825 3451 2175 3528 scriptoreS.
2210 3449 2291 3512 Et
2316 3451 2382 3512 in
2412 3450 2631 3530 primis
2658 3448 2723 3511 d.
2756 3449 2983 3513 Thom.
3007 3449 3075 3511 iu
3104 3466 3217 3512 sua
3248 3448 3306 3510 1.
3339 3447 3403 3523 2,
3433 3468 3470 3511 a
3499 3467 3562 3530 q.
3594 3447 3698 3513 90.
3732 3465 3937 3530 usque

674 3533 752 3596 ad
792 3531 930 3596 109.
962 3532 1125 3594 hanc
1167 3531 1542 3595 methodum
1582 3535 1791 3594 servat
1830 3531 1896 3592 in
1925 3531 2204 3594 doctrina
2246 3531 2328 3594 de
2368 3531 2611 3610 legibus
2647 3529 2941 3593 tradenda
2962 3576 2979 3604 ‚
3025 3546 3222 3610 quem
3254 3530 3343 3592 ibi
3376 3531 3759 3611 expositores
3788 3535 3937 3595 sunt

676 3613 930 3686 imitati,
960 3617 1024 3676 et
1049 3613 1415 3692 praesertim
1443 3613 1572 3677 Sot.
1605 3613 1855 3677 duobus
1882 3613 2104 3692 primis
2132 3613 2307 3676 libris
2332 3613 2405 3675 de
2432 3613 2662 3676 iustitia
2696 3622 2750 3676 et
2774 3613 2909 3677 iure
2930 3657 2947 3684 ,
2984 3616 3049 3676 et
3067 3611 3132 3674 d.
3174 3613 3531 3692 Antoninus
3548 3612 3613 3674 .1.
3639 3627 3701 3692 p.
3734 3613 3938 3677 Theo-

675 3695 864 3774 logali
889 3713 926 3756 a
953 3696 1046 3756 tit.
1082 3694 1181 3757 11.
1215 3710 1420 3774 usque
1446 3694 1526 3757 ad
1557 3692 1658 3757 18.
1691 3694 1872 3758 Idem
1897 3695 2260 3758 observavit
2286 3693 2502 3758 Alens.
2534 3691 2597 3756 3.
2629 3710 2695 3773 p.
2722 3713 2759 3756 a
2787 3712 2851 3773 q.
2882 3692 2987 3756 26.
3014 3710 3219 3774 usque
3246 3693 3324 3756 ad
3346 3693 3450 3758 60.
3477 3693 3770 3757 Vincent.
3796 3693 3939 3757 Bel-

677 3776 983 3840 luacensis
1009 3777 1076 3839 in
1105 3775 1340 3858 speculo
1365 3774 1587 3840 moral.
1620 3776 1731 3840 lib.
1764 3776 1825 3851 1,
1851 3793 1916 3856 p.
1947 3776 2010 3838 2.
2043 3793 2158 3856 per
2186 3793 2421 3839 novem
2450 3775 2681 3856 primas
2707 3775 3157 3856 disputationes
3175 3821 3193 3850 ,
3224 3779 3287 3838 et
3327 3776 3537 3855 aliqua
3563 3774 3645 3837 de
3672 3776 3938 3856 singulis

677 3858 922 3938 legibus
948 3858 1143 3938 attigit
1169 3856 1433 3923 Gerson.
1463 3857 1526 3922 3.
1559 3875 1622 3938 p.
1655 3862 1831 3921 tract.
1861 3858 1934 3920 de
1960 3856 2086 3920 vita
2107 3858 2302 3939 spirit.
2330 3858 2471 3919 lect.
2496 3857 2559 3920 2.
2585 3859 2651 3919 et
2668 3874 2800 3937 seq.
2826 3861 2889 3921 et
2908 3875 2972 3938 p.
3000 3857 3061 3921 1.
3084 3861 3260 3920 tract.
3291 3857 3363 3920 de
3380 3866 3587 3938 potest.
3614 3857 3934 3922 ecclesiast.

679 3941 1041 4021 praesertim
1067 3940 1435 4004 considerat.
1468 3939 1568 4005 13.
1605 3938 1900 4020 Magister
1925 3943 2142 4002 autem
2172 3938 2637 4004 Sententiarum
2659 3955 2857 4018 pauca
2885 3938 2965 4001 de
2987 3938 3217 4003 divinis
3239 3939 3484 4019 legibus
3504 3939 3703 4018 attigit
3720 3939 3789 4002 in
3814 3938 3879 4003 3.
3902 3958 3939 4001 a

678 4021 821 4086 dist.
847 4019 950 4086 37.
977 4035 1183 4104 usque
1203 4022 1282 4085 ad
1303 4022 1523 4100 finem,
1547 4038 1744 4103 quem
1764 4021 1871 4084 alii
1891 4021 2110 4084 imitati
2130 4025 2302 4094 sunt,
2328 4021 2475 4101 quia
2496 4021 2705 4083 solum
2728 4022 3164 4101 expositorum
3181 4039 3420 4085 munus
3440 4024 3937 4102 assumpserunt.

679 4104 808 4168 Alii
849 4105 1039 4169 etiam
1078 4105 1356 4185 theologi
1382 4104 1728 4184 peculiares
1755 4107 2052 4166 tractatus
2080 4102 2160 4165 de
2189 4102 2572 4183 quibusdam
2601 4102 2843 4183 legibus
2870 4103 3243 4178 ediderunt,
3276 4107 3346 4164 ut
3373 4101 3749 4166 Guilielmus
3775 4103 3949 4168 Pari-

679 4187 897 4249 siensis
939 4185 998 4250 1.
1030 4205 1092 4264 p.
1125 4185 1296 4250 Sum.
1330 4187 1436 4250 lib.
1469 4187 1533 4262 2,
1563 4203 1760 4266 quem
1787 4186 1860 4249 de
1877 4184 2116 4266 *leqibus
2143 4184 2483 4264 inscripsit,
2514 4185 2658 4247 licet
2696 4185 2775 4248 de
2818 4185 2965 4248 solis
2992 4184 3331 4265 praeceptis
3361 4184 3514 4264 legis
3558 4185 3785 4248 veteris
3810 4185 3947 4248 fere

679 4267 972 4348 disputet.
1001 4269 1084 4333 Et
1101 4267 1314 4332 Castro
1341 4270 1584 4350 scripsit
1609 4269 1682 4332 de
1703 4268 1826 4350 leqe
1837 4265 2104 4350 poenali,
2127 4270 2194 4329 et
2213 4265 2427 4329 Dried.
2454 4267 2519 4328 in
2540 4283 2731 4345 opere
2754 4267 2825 4328 de
2844 4266 3033 4330 libert.
3060 4266 3368 4330 christian.
3395 4264 3637 4328 erudite
3660 4266 3739 4329 de
3760 4265 3941 4330 omni

681 4366 910 4429 genere
931 4351 1148 4430 legum
1167 4350 1492 4426 disseruit,
1516 4355 1589 4414 ut
1607 4350 1762 4414 alios
1779 4349 2090 4413 omittam.
2115 4348 2331 4429 ltaque
2369 4349 2731 4411 communis
2766 4348 3211 4428 theologorum
3231 4363 3573 4410 consensus
3593 4353 3709 4422 est,
3734 4347 3945 4428 legem

679 4435 811 4498 tam
839 4432 1192 4495 secundum
1219 4448 1632 4495 communem
1657 4432 1966 4495 rationem
1995 4448 2181 4494 suam
2201 4477 2218 4505 ,
2250 4448 2443 4512 quam
2471 4433 2661 4510 prout
2686 4429 2765 4492 ad
2794 4447 3015 4493 omnes
3043 4428 3278 4510 species
3304 4446 3449 4492 suas
3477 4428 3828 4505 descendit,
3859 4428 3939 4491 ad

681 4529 889 4575 sacrae
916 4514 1232 4578 doctrinae
1258 4514 1822 4578 considerationem
1848 4515 2147 4592 spectare.

765 4594 870 4657 Ex
895 4595 1072 4658 dictis
1112 4595 1302 4675 igitur
1342 4599 1618 4670 constat,
1650 4611 1811 4675 quae
1841 4595 1921 4656 sit
1949 4593 2142 4659 huius
2175 4597 2463 4657 tractatus
2490 4595 2767 4656 subiecta
2794 4593 3051 4657 materia
3069 4639 3086 4666 ,
3118 4597 3179 4655 et
3206 4593 3326 4656 sub
3353 4611 3479 4672 qua
3506 4593 3745 4658 ratione
3770 4593 3936 4655 eima

682 4676 860 4739 illam
885 4680 1195 4742 versetur.
1226 4674 1658 4754 Quamobrem
1683 4675 1966 4754 adhunc
1993 4675 2261 4755 scopum
2286 4676 2679 4738 intendentes
2708 4692 2836 4737 non
2856 4676 2976 4738 crit
2994 4674 3246 4738 difficile
3270 4692 3589 4738 summam
3609 4674 3929 4748 omnium,

683 4774 846 4837 quae
875 4759 1186 4824 tractanda
1211 4765 1358 4822 sunt
1379 4807 1396 4834 ,
1426 4764 1488 4823 et
1516 4760 1826 4823 rationem
1854 4757 2104 4820 dicendi
2139 4774 2212 4818 ac
2238 4756 2611 4821 methodum
2642 4756 3013 4819 servandam
3041 4773 3189 4836 prae
3226 4756 3429 4818 oculis
3473 4772 3732 4836 ponere.
3766 4753 3947 4818 Dice-

684 4856 830 4902 mus
857 4840 1028 4903 enim
1054 4842 1260 4922 primo
1279 4841 1360 4904 de
1390 4842 1527 4924 lege
1549 4842 1615 4905 in
1637 4840 1993 4915 communi,
2010 4841 2074 4902 et
2094 4837 2323 4900 deinde
2344 4836 2424 4900 ad
2445 4839 2719 4918 singulas
2740 4838 2973 4917 species
2993 4837 3448 4900 descendemus
3466 4881 3485 4912 ,
3509 4837 3659 4900 etin
3680 4837 3946 4917 singulis

685 4938 757 4982 ea
799 4924 1046 4985 tantum
1065 4969 1082 4996 ,
1128 4941 1288 5003 quae
1333 4931 1544 4988 nostro
1587 4923 1701 4987 fini
1727 4919 2201 4986 accommodata
2226 4919 2461 4983 fuerint
2480 4967 2497 4993 ‚
2528 4919 3058 4983 considerabimus
3080 4965 3099 4995 ‚
3128 4920 3211 4982 ita
3238 4922 3313 4982 ut
3340 4922 3649 4998 quantum
3676 4919 3741 4982 in
3765 4919 3951 4982 nobis

686 5001 876 5065 fuerit
893 5050 910 5076 ,
940 5003 1134 5080 nihil,
1186 5004 1358 5085 quod
1413 5005 1747 5086 theologici
1789 5005 1866 5066 sit
1912 5003 2217 5074 instituti,
2268 5003 2860 5080 praetermittamus,
2907 5018 2988 5063 ne
3036 5017 3245 5064 sacrae
3285 5000 3600 5064 doctrinae
3650 5001 3952 5064 terminos

691 5085 1002 5148 transilire
1033 5087 1390 5151 videamur.
2208 5085 2215 5092 ’
