4325 6267
1723 404 1934 454 CAPUT
1964 406 2053 453 tv.

264 540 465 598 regere
514 524 847 583 Ecclesiam
878 530 1003 594 Dei,
1040 534 1149 583 etc.
1176 528 1309 584 Nam
1340 525 1585 600 rvqcndi
1625 528 1853 585 verbum

266 621 447 687 aperte
483 614 621 671 dicit
660 616 929 687 pastorale
972 631 1191 674 munus.
1224 618 1515 689 Secundo,
1572 619 1701 691 quia
1740 618 1853 689 epi·

266 705 501 776 scopalis
537 706 883 762 consecratio
923 706 1136 763 confert
1162 722 1258 778 per
1285 722 1343 763 se
1374 708 1545 780 ipsam
1571 709 1854 782 episcopa-

3322 390 3436 453 311

1923 545 1977 602 q.
2024 536 2076 601 t,
2107 536 2213 585 art.
2252 535 2307 601 ⁴,
2332 531 2622 588 Caietanus
2655 537 2803 619 tomo
2854 534 2899 588 1.
2946 532 3212 604 Opuscul.
3255 540 3420 590 tract.
3471 543 3519 603 Ι,

1923 633 2045 689 cap.
2065 623 2155 690 19,
2172 636 2426 692 expresse
2452 623 2760 677 Antoninus
2786 623 3182 693 3.part.tit.22,
3207 627 3444 695 capena
3472 628 3520 691 1,

1923 708 2087 779 verbo
2109 713 2380 783 septima,
2398 724 2528 766 cum
2549 712 2795 767 Hervaeo
2822 718 2983 769 tract.
3001 709 3074 767 de
3085 716 3374 785 potestate
3395 715 3516 769 Pa-

263 793 365 849 lem
392 793 745 867 dignitatem,
780 811 914 868 ergo
942 797 1156 853 confert
1194 796 1622 854 iurisdictionem
1664 798 1854 854 saltem
1913 812 2055 871 pac,
2075 799 2334 855 latissime
2363 800 2856 874 Francisc.Vargas
2879 806 3041 858 tract.
3068 798 3139 857 de
3160 804 3520 859 auctoritate

262 882 317 937 in
356 882 575 955 habitu,
626 901 723 941 seu
771 887 824 939 in
867 890 995 942 actu
1036 886 1239 957 primo,
1292 886 1420 943 licet
1466 903 1573 943 non
1612 887 1856 945 conterat

262 988 457 1042 usum,
502 973 677 1030 donec
716 974 1025 1046 applicetur
1062 974 1135 1031 illi
1176 976 1423 1047 materia,
1456 977 1603 1032 sicut
1627 978 1679 1033 in
1708 976 1856 1033 ordi-

264 1063 483 1119 natione
531 1064 840 1121 sacerdotis
881 1063 1049 1122 datur
1076 1072 1317 1137 potestas
1341 1066 1681 1135 absolvendi,
1713 1081 1856 1139 quae

264 1158 347 1207 est
373 1151 677 1209 iurisdictio
706 1155 758 1209 in
788 1153 994 1211 habitu.

334 1243 516 1299 Tertio
538 1259 835 1315 possumus
856 1246 1229 1317 argumentari
1249 1259 1313 1300 ex
1343 1260 1448 1301 usu
1472 1243 1849 1318 antiquissimo

258 1331 562 1405 Ecclesiae,
602 1332 730 1405 quia
768 1333 817 1388 in
859 1334 1124 1405 principio
1166 1334 1396 1407 apostoli
1440 1333 1706 1392 creabant
1742 1332 1855 1405 epi-

262 1435 492 1492 scopos,
522 1421 840 1480 inconsulto
868 1424 1060 1495 Petro,
1093 1430 1147 1481 et
1176 1431 1369 1496 postea
1395 1424 1596 1481 fiebant
1624 1440 1723 1495 per
1746 1422 1855 1480 ele·

259 1512 493 1567 ctionem
512 1512 671 1580 cleri,
696 1518 794 1568 aut
820 1512 1174 1585 populorum,
1196 1520 1253 1570 et
1279 1514 1462 1572 statim
1485 1514 1855 1571 censebantur

258 1618 376 1659 esse
416 1602 660 1675 episcopi
702 1602 816 1659 sine
856 1602 1077 1676 speciali
1118 1620 1353 1662 recursu
1395 1603 1459 1661 ad
1504 1604 1848 1671 Pontificem,

256 1691 340 1748 vel
369 1692 537 1748 alium
567 1691 865 1764 hominem3
895 1708 1025 1765 ergo
1054 1693 1271 1765 signum
1301 1701 1405 1767 est,
1437 1701 1761 1768 potestatem
1793 1692 1855 1765 il·

256 1781 362 1839 lam
389 1781 509 1838 dari
537 1780 843 1839 immediate
872 1798 903 1839 a
929 1782 1067 1856 Deo,
1096 1782 1241 1840 sacta
1268 1785 1640 1858 designatione
1668 1801 1855 1857 perso-

256 1886 354 1928 nae
390 1886 488 1943 per
530 1871 877 1943 electionem,
910 1872 992 1929 vel
1036 1890 1133 1945 per
1172 1874 1337 1931 alium
1380 1874 1684 1949 legitimum
1729 1891 1848 1933 mo-

256 1961 410 2034 dum,
441 1962 591 2019 sicut
616 1961 682 2018 de
724 1978 941 2020 summo
968 1964 1226 2021 Pontifice
1265 1962 1523 2021 diximus.
1556 1966 1625 2022 Et
1653 1966 1855 2022 contir-

256 2058 471 2123 matur,
502 2053 630 2123 quia
666 2051 991 2125 episcopus,
1021 2069 1150 2110 cum
1188 2052 1334 2125 leges
1362 2053 1496 2127 t'ert,
1528 2071 1633 2111 non
1674 2061 1853 2126 potest

256 2139 433 2198 dicere
453 2182 469 2212 ,
502 2157 561 2197 se
588 2141 733 2198 serre
758 2141 877 2198 illas
906 2148 1173 2215 potestate
1202 2142 1304 2199 sihi
1332 2159 1363 2199 a
1391 2146 1533 2216 Papa
1560 2160 1849 2219 concessa,

258 2232 401 2288 sicut
426 2247 537 2287 non
566 2238 745 2303 potest
772 2231 878 2288 hoc
916 2232 1101 2289 dicere
1128 2232 1350 2306 quando
1379 2236 1848 2307 excommunicat,

257 2318 339 2377 rel
366 2337 398 2376 a
428 2336 667 2377 censura
694 2321 955 2393 absolvit3
989 2338 1113 2378 nam
1143 2322 1247 2378 hoc
1275 2324 1505 2393 pertinet
1532 2322 1599 2379 ad
1639 2323 1853 2396 delega-

259 2416 393 2479 tum,
425 2426 536 2468 non
567 2410 635 2467 ad
663 2410 999 2467 ordinarium
1023 2410 1280 2482 iudicem,
1311 2412 1407 2469 sed
1436 2420 1642 2485 potest,
1672 2420 1729 2470 et
1756 2412 1848 2469 de-

257 2500 349 2557 bet
386 2500 571 2558 dicere
608 2502 933 2573 episcopus:
964 2502 1100 2576 Ego,
1134 2508 1400 2573 potestate
1441 2518 1471 2558 a
1509 2502 1723 2560 Christo
1762 2520 1857 2561 ac-

257 2596 431 2662 cepta,
464 2589 547 2646 vel
587 2590 717 2663 quid
757 2590 955 2663 simite,
984 2607 1117 2663 ergo
1159 2593 1373 2663 signum
1400 2600 1506 2662 est,
1553 2593 1751 2652 habere
1782 2592 1845 2650 it-

256 2679 358 2735 lam
388 2679 693 2737 immediate
722 2697 753 2736 a
776 2682 1010 2737 Christo.

338 2776 390 2830 ⁴.
423 2769 785 2829 Nihilominus
838 2767 1131 2829 dicendum
1172 2779 1291 2841 est,
1337 2772 1474 2828 hanc
1532 2781 1853 2843 potestatem

260 2860 611 2933 legislativam
641 2877 747 2917 non
786 2860 907 2918 dari
932 2860 1237 2918 immediate
1268 2877 1297 2916 a
1338 2862 1582 2935 Christo,
1622 2862 1715 2919 sed
1757 2879 1855 2935 per

262 2968 540 3007 summum
568 2950 904 3024 Pontificem3
930 2966 1111 3025 neque
1138 2967 1257 3007 ease
1285 2949 1353 3007 de
1382 2951 1501 3009 iure
1528 2952 1733 3025 divino,
1758 2951 1853 3009 sed

260 3041 327 3099 de
356 3042 618 3098 humano.
650 3040 889 3098 Similem
920 3041 1275 3098 assertionem
1306 3043 1465 3112 posui
1494 3042 1543 3097 in
1585 3049 1732 3099 tomo
1758 3041 1847 3098 IV.

258 3132 323 3187 de
365 3130 739 3188 iurisdictione
767 3133 819 3186 in
864 3130 978 3186 t'oro
1006 3130 1394 3202 poenitentiae,
1424 3139 1481 3188 et
1516 3133 1569 3188 in
1610 3138 1758 3187 tomo
1785 3132 1853 3187 V.

256 3221 320 3277 de
364 3226 635 3293 potestate
674 3219 988 3277 absolvendi
1031 3238 1062 3277 a
1114 3223 1409 3293 censuris,
1455 3229 1855 3295 consequenter

256 3326 387 3383 ergo
407 3310 458 3367 in
486 3312 757 3382 praesenti
779 3310 917 3366 idem
940 3325 1127 3367 assero
1148 3309 1216 3367 de
1240 3316 1501 3381 potestate
1534 3310 1853 3383 legislativa.

257 3402 429 3469 Quam
469 3400 795 3457 sententiam
822 3416 890 3457 ex
928 3399 1199 3456 veteribus
1231 3400 1495 3473 theologis
1522 3400 1854 3474 colligimus,

258 3499 533 3562 quatenus
560 3497 835 3553 asserunt,
874 3496 1197 3562 potestatem
1235 3490 1472 3546 clavium
1510 3497 1606 3547 aut
1642 3490 1859 3547 iurisdi-

256 3582 453 3637 ctionis
474 3622 489 3647 ,
518 3586 791 3653 quatenus
818 3578 887 3636 ad
932 3579 1383 3652 gubernationem
1412 3580 1697 3637 Ecclesiae
1737 3596 1861 3653 spe-

260 3678 411 3741 ctat,
457 3667 526 3725 ad
568 3685 755 3725 ornnes
796 3669 928 3726 alios
970 3685 1067 3741 per
1106 3670 1361 3741 Petrum,
1405 3678 1461 3726 et
1499 3684 1854 3729 successores

260 3764 379 3818 eius
406 3760 673 3833 derivari3
706 3776 831 3816 nam
868 3760 1081 3815 clarum
1109 3764 1226 3829 est,
1258 3759 1397 3815 hanc
1435 3766 1751 3832 potestatem
1780 3760 1857 3817 le-

260 3851 563 3924 gislativam
608 3850 714 3905 suh
758 3848 849 3905 illa
888 3847 1257 3905 iurisdictione
1284 3853 1585 3922 contineri3
1612 3851 1717 3907 imo
1747 3866 1861 3907 ma-

260 3942 341 3997 ior
377 3948 467 3997 est
506 3939 643 3996 ratio
682 3938 749 3995 de
791 3938 901 4011 illa,
946 3946 1008 3995 ut
1046 3956 1112 3995 ex
1152 3938 1409 3996 discursu
1455 3941 1678 4012 patebit.
1721 3941 1859 3999 Illud

262 4040 441 4088 autem
485 4030 809 4101 principium
852 4030 1087 4086 sumitur
1126 4044 1189 4085 ex
1234 4029 1291 4086 d.
1323 4030 1527 4086 Thema
1568 4034 1621 4088 4.
1664 4038 1861 4089 contra

261 4120 481 4191 Gentes,
511 4135 635 4191 cap.
672 4122 763 4190 76,
796 4121 994 4175 ration.
1027 4122 1087 4188 4,
1122 4118 1213 4175 uhi
1242 4119 1396 4193 dicit,
1428 4119 1549 4176 ideo
1574 4120 1853 4177 Christum

261 4208 573 4282 specialiter
600 4212 761 4266 Petro
789 4210 1138 4280 promisisse:
1182 4208 1309 4265 Tibi
1342 4206 1497 4265 dabo
1521 4208 1750 4272 claves,
1782 4215 1851 4267 ut

259 4298 660 4358 ostenderetur
694 4304 954 4373 potestas
982 4298 1245 4355 clavium
1264 4313 1376 4372 per
1416 4315 1549 4355 eum
1577 4298 1662 4356 ad
1699 4299 1857 4357 alios

261 4387 596 4446 derivanda
612 4390 695 4446 ad
716 4386 1191 4445 conservandam
1208 4386 1510 4446 Ecclesiae
1530 4392 1843 4447 unitiatem.

264 4479 407 4536 idem
452 4480 615 4534 sentit
648 4483 705 4549 2,
746 4477 988 4535 distinct.
1024 4482 1115 4537 4⁴.
1149 4478 1199 4533 in
1240 4478 1343 4533 line
1372 4478 1523 4534 circa
1560 4480 1855 4549 expositio·

265 4583 383 4624 nem
418 4569 648 4625 litterae.
669 4569 739 4624 Et
767 4568 997 4641 loquens
1024 4567 1089 4624 de
1121 4574 1384 4640 potestate
1412 4568 1746 4626 concedendi
1786 4570 1861 4625 in-

265 4657 566 4731 dulgentias
599 4660 649 4713 in
679 4663 736 4728 4,
768 4656 1009 4714 distinct.
1035 4663 1131 4727 20,
1155 4674 1211 4730 q.
1240 4658 1385 4713 unic.
1414 4660 1573 4714 artic.
1604 4662 1659 4727 4,
1685 4674 1852 4732 quae-

267 4750 471 4805 stiunc.
508 4754 563 4817 3,
608 4748 825 4804 dicens:
871 4750 1047 4821 Papa
1086 4747 1261 4805 habet
1290 4746 1721 4821 plenitudinem
1760 4763 1862 4822 po-

268 4840 498 4895 testatis
527 4836 889 4911 pontificalis
928 4840 1100 4911 quasi
1126 4852 1236 4894 rex
1264 4840 1327 4893 in
1364 4853 1579 4910 reque:
1606 4840 1863 4913 episcopi

266 4944 399 4984 vero
442 4931 833 4983 assumuntur
872 4930 937 4983 in
969 4932 1207 5001 partem
1246 4926 1662 4983 sollicitudinis
1688 4930 1861 4999 quasi

266 5015 497 5074 iudices
522 5016 772 5091 sinqulis
800 5017 1131 5073 civitatibus
1165 5020 1515 5091 praepositi.
1541 5016 1694 5075 Unde
1730 5034 1862 5075 con-

270 5107 463 5177 cludit,
490 5106 689 5164 habere
738 5114 1057 5179 potestatem
1108 5106 1413 5164 secundum
1465 5108 1857 5166 ordinationem

271 5198 467 5269 Papae,
497 5204 553 5253 et
576 5213 681 5253 non
712 5195 963 5268 amplius.
996 5193 1141 5252 Idem
1171 5197 1336 5253 sentit
1370 5196 1497 5253 dist.
1532 5200 1626 5267 2⁴,
1657 5204 1760 5253 art.
1797 5204 1852 5270 5,

269 5304 323 5359 q·
355 5292 409 5362 3,
432 5286 499 5344 ad
522 5291 579 5358 4,
604 5292 661 5344 et
680 5285 920 5345 Durand.
938 5292 1151 5360 quaest.
1181 5290 1238 5358 2,
1263 5302 1317 5342 n.
1355 5290 1441 5361 13,
1460 5286 1589 5343 Soto
1609 5286 1734 5345 dist.
1762 5294 1857 5361 20,

1920 887 2232 961 Pontificis
2263 895 2474 962 quaest.
2495 890 2672 962 princ.
2697 890 2944 947 Bellarm.
2972 889 3066 946 lib.
3098 895 3152 949 4.
3177 890 3248 947 de
3267 907 3521 948 romano

1920 977 2224 1051 Pontifice,
2242 994 2365 1049 cap.
2393 982 2489 1049 2⁴,
2519 979 2797 1036 Salmeron
2822 988 2957 1038 tom.
2990 986 3046 1051 4,
3071 986 3515 1052 part.3,tract.⁴.

1996 1072 2065 1127 Ut
2100 1074 2284 1125 autem
2321 1067 2460 1124 hanc
2497 1070 2818 1126 sententiam
2861 1071 2976 1126 sine
3015 1086 3216 1127 vocum
3259 1071 3522 1144 ambigui-

1865 1182 1878 1191 ·
1924 1166 2035 1217 tate
2064 1157 2788 1232 probemus,adrertendum
2819 1160 3273 1223 est,contrariam
3309 1164 3527 1216 senten-

1924 1250 2051 1306 tiam
2090 1246 2312 1305 duohus
2339 1246 2516 1304 modis
2555 1246 2731 1305 solere
2759 1248 3037 1320 explicari.
3072 1250 3222 1305 Prior
3267 1252 3525 1322 supponit

1921 1339 1975 1396 in
2017 1338 2204 1410 primis
2240 1338 2326 1408 id,
2357 1336 2503 1411 quod
2543 1344 2762 1394 certum
2800 1353 2921 1394 esse
2963 1338 3274 1407 credimus,
3309 1338 3520 1395 scilicet

1924 1429 2396 1485 consecrationem
2443 1426 2806 1499 episcopalem
2848 1434 2904 1485 et
2941 1434 3262 1500 potestatem
3290 1426 3516 1501 ordinis,

1923 1533 2064 1592 quae
2092 1532 2155 1574 ex
2183 1520 2232 1573 vi
2255 1515 2400 1574 illius
2431 1517 2738 1588 confertur,
2763 1533 2883 1574 esse
2905 1534 2969 1574 ex
3001 1518 3197 1574 Christi
3227 1519 3520 1575 institutio-

1923 1624 2022 1678 ne,
2054 1615 2111 1665 et
2150 1606 2224 1663 ita
2250 1623 2315 1664 ex
2359 1608 2409 1663 vi
2436 1608 2571 1664 iuris
2613 1607 2775 1664 divini
2817 1608 3076 1677 conferri,
3109 1614 3165 1665 et
3206 1616 3354 1665 recte
3381 1609 3518 1680 dici,

1924 1712 2086 1769 posse
2126 1695 2434 1753 immediate
2461 1712 2493 1753 a
2527 1697 2741 1754 Christo
2779 1696 2916 1753 dari.
2949 1699 3064 1753 Hoc
3095 1698 3144 1754 in
3187 1699 3412 1754 materia
3451 1698 3519 1756 de

1924 1785 2109 1843 ordine
2150 1801 2216 1841 ex
2256 1785 2502 1857 professo
2544 1785 2886 1857 probandum
2927 1793 3032 1843 est.
3075 1787 3232 1843 Nunc
3277 1787 3518 1844 breviter

1924 1875 2272 1933 declarantur
2301 1874 2546 1947 singulae
2575 1881 2791 1947 partes,
2825 1892 2948 1932 nam
2979 1878 3127 1933 sicut
3153 1876 3404 1934 Christus
3441 1876 3520 1932 in-

1924 1966 2137 2035 stituit,
2185 1972 2247 2021 ut
2291 1967 2552 2021 essentia
2581 1964 2829 2023 Ecclesia
2856 1965 3208 2037 sacerdotes,
3251 1966 3324 2021 ita
3353 1968 3518 2022 etiam

1921 2054 2174 2128 instituit,
2189 2062 2256 2111 ut
2281 2062 2466 2111 essent
2491 2054 2752 2127 episcopi,
2772 2055 2866 2127 qui
2895 2055 2942 2109 in
2971 2054 3143 2127 gradu
3169 2054 3522 2135 ordinationis

1924 2159 2057 2201 auae
2093 2150 2282 2201 essent
2323 2143 2634 2215 superiores
2673 2150 2730 2200 et
2767 2145 3136 2216 potentiores,
3169 2144 3318 2201 unde·
3355 2144 3523 2201 multa

1923 2242 2157 2305 possunt
2195 2232 2412 2289 efficere
2450 2248 2547 2305 per
2585 2239 2912 2305 potestatem
2952 2234 3188 2305 ordinis,
3232 2248 3372 2308 quae
3415 2249 3522 2288 non

1924 2329 2159 2395 possunt
2199 2321 2512 2378 sacerdotes
2552 2322 2635 2378 vel
2679 2324 2930 2393 omnino,
2974 2322 3060 2380 vel
3106 2337 3173 2378 ex
3213 2323 3264 2377 vi
3305 2328 3522 2378 tantum

1923 2428 2055 2468 suae
2085 2410 2457 2477 ordinationis,
2483 2419 2547 2468 ut
2572 2411 2824 2469 conferre
2845 2412 3059 2470 ordines
3081 2417 3401 2484 praesertim
3430 2427 3520 2467 sa·

1921 2517 2071 2572 cros,
2115 2508 2174 2559 et
2215 2502 2444 2560 maxime
2485 2501 3258 2567 sacerdotium,contirmare,
3301 2508 3357 2559 et
3395 2502 3519 2558 alia.

1922 2594 2069 2650 Haec
2100 2609 2232 2667 ergo
2273 2599 2515 2666 potestas
2553 2608 2660 2649 non
2697 2599 2879 2664 potest
2904 2608 3054 2664 esse,
3087 2591 3189 2649 nisi
3218 2608 3284 2649 ex
3321 2591 3521 2648 Christi

1924 2682 2284 2752 institutione,
2315 2684 2442 2756 quia
2471 2698 2566 2754 per
2593 2682 2737 2739 illam
2766 2681 2932 2739 datur
2962 2681 3251 2739 character
3275 2688 3334 2738 et
3361 2688 3514 2753 pote·

1926 2780 2038 2830 stas
2058 2772 2430 2830 consecrandi·
2445 2780 2502 2829 et
2523 2771 2858 2842 absolvendi,
2873 2779 2928 2829 et
2949 2772 3127 2847 gratia
3149 2771 3517 2842 sanctificans,

1926 2878 2069 2936 quae
2091 2879 2196 2918 non
2228 2867 2458 2935 possunt
2485 2878 2604 2919 esse
2627 2878 2696 2919 ex
2722 2862 3062 2919 institutione
3093 2862 3348 2918 humana.
3375 2861 3520 2934 Ergo

1926 2954 2267 3009 consecratio
2294 2949 2650 3025 episcopalis,
2683 2967 2778 3023 per
2807 2968 2972 3025 quam
3002 2951 3125 3008 talis
3151 2956 3398 3023 potestas
3425 2950 3521 3006 da-

1928 3050 2043 3115 tur,
2074 3044 2141 3100 de
2173 3043 2514 3099 institutione
2541 3041 2738 3098 Christi
2765 3048 2868 3098 est.
2894 3044 3052 3113 Item,
3080 3040 3228 3115 quod
3257 3055 3520 3113 personae

1928 3134 2007 3188 sic
2039 3138 2394 3211 consecratae
2423 3131 2587 3189 detur
2615 3131 2866 3203 specialis
2895 3137 3136 3203 potestas
3157 3172 3172 3200 ,
3203 3131 3270 3187 de
3297 3133 3416 3186 iure
3444 3129 3522 3185 di-

1929 3222 2051 3279 vino
2080 3228 2190 3291 est,
2215 3236 2314 3277 nec
2344 3228 2526 3292 potest
2553 3221 2670 3278 talis
2701 3228 2940 3292 potestas
2967 3219 3236 3292 impediri,
3262 3227 3358 3275 aut
3385 3219 3524 3275 limi·

1930 3314 2029 3369 tari
2058 3328 2153 3385 per
2195 3311 2462 3380 homines,
2493 3311 2538 3365 si
2571 3312 2908 3367 consecratio
2937 3310 3114 3367 valida
3139 3316 3244 3367 est.
3277 3314 3356 3365 Ac
3385 3306 3518 3365 sub-

1926 3402 2049 3459 inde
2082 3408 2234 3459 recte
2259 3400 2481 3471 dicitur,
2503 3416 2532 3455 a
2559 3399 2772 3457 Christo
2804 3399 3108 3457 immediate
3135 3400 3276 3471 dari,
3301 3402 3432 3473 quia
3461 3400 3524 3455 li-

1928 3499 2019 3549 cet
2056 3490 2360 3549 intercedat
2401 3492 2545 3547 actio
2583 3492 2822 3548 ministri
2859 3491 3232 3547 consecrantis
3260 3490 3424 3547 alium
3469 3489 3519 3543 in

1926 3582 2273 3655 episcopum,
2298 3580 2386 3637 ille
2411 3578 2591 3636 solum
2615 3594 2672 3635 se
2691 3580 2849 3652 gerit,
2874 3588 2938 3637 ut
2958 3580 3200 3636 minister
3221 3580 3522 3651 applicans,

1930 3688 2030 3729 seu
2077 3670 2324 3728 efficiens
2379 3676 2780 3729 sacramentum
2809 3708 2824 3740 ,
2881 3684 2980 3726 seu
3033 3671 3520 3728 consecrationem:

1928 3761 2182 3818 Christus
2205 3776 2334 3817 vero
2357 3761 2470 3831 ipse
2489 3766 2652 3815 estet
2676 3759 2982 3830 proximum
3004 3766 3059 3816 et
3081 3760 3376 3832 principale
3397 3778 3527 3833 ope-

1929 3869 2056 3909 rans
2097 3852 2320 3924 propria
2361 3850 2591 3906 virtute:
2633 3864 2696 3905 ex
2741 3848 2790 3904 vi
2827 3864 2961 3923 ergo
3003 3865 3134 3907 suae
3171 3852 3526 3907 institutionis

1930 3950 2142 4000 tantum
2181 3940 2398 3997 confert
2423 3939 2566 3995 illam
2610 3945 2934 4010 potestatem
2959 3940 3114 4012 quasi
3143 3939 3211 3997 de
3252 3957 3385 4011 suo,
3418 3940 3526 4011 vel,

1929 4039 1994 4089 ut
2032 4032 2107 4088 ita
2144 4030 2350 4101 dicam,
2395 4030 2462 4085 de
2504 4045 2604 4085 suo
2644 4029 3015 4085 communicat
3055 4028 3526 4101 participationem

1930 4120 2298 4179 immediatam
2326 4134 2458 4176 suae
2486 4120 2790 4191 potestatis.

2008 4216 2062 4269 5.
2094 4212 2209 4267 Hoc
2251 4209 2555 4281 supposito,
2597 4208 2728 4265 dicit
2766 4209 2960 4265 Castro
2983 4248 2999 4281 ,
3031 4208 3171 4265 hanc
3201 4214 3527 4281 potestatem

1930 4302 2011 4357 sic
2050 4300 2231 4357 datam
2271 4301 2530 4372 episcopo
2571 4313 2637 4354 ex
2676 4298 2725 4354 vi
2769 4312 2901 4354 suae
2943 4298 3376 4355 consecrationis
3419 4315 3528 4356 non

1931 4390 2111 4448 solum
2152 4404 2274 4445 esse
2315 4394 2636 4461 potestatem
2681 4387 2916 4458 ordinis,
2964 4387 3059 4443 sed
3101 4390 3260 4445 etiam
3307 4388 3533 4445 iurisdi-

1930 4480 2148 4537 ctionis.
2179 4478 2315 4547 Quia
2339 4494 2406 4535 ex
2449 4476 2506 4533 vi
2525 4476 2670 4533 illius
2698 4483 2880 4549 potest
2905 4478 3195 4550 episcopus
3235 4493 3530 4535 consecra-

1932 4577 2021 4627 tus
2041 4572 2130 4626 ius
2156 4568 2376 4639 dicere,
2401 4568 2444 4623 si
2469 4567 2516 4623 ei
2545 4566 2850 4639 applicetur
2879 4568 3122 4624 materia.
3150 4567 3228 4623 Ad
3257 4584 3382 4624 eum
3413 4584 3526 4625 mo-

1932 4659 2063 4716 dum
2084 4700 2099 4730 ,
2131 4674 2243 4731 quo
2270 4659 2468 4714 Navar.
2499 4660 2554 4717 et
2591 4656 2756 4728 aliqui
2787 4656 2874 4712 alii
2912 4655 3194 4725 dixerunt,
3227 4672 3415 4713 omnes
3445 4674 3530 4713 sa-

1932 4749 2187 4811 cerdotes
2211 4764 2278 4805 ex
2309 4748 2360 4803 vi
2382 4745 2738 4803 ordinationis
2761 4761 2892 4802 suae
2920 4746 3165 4817 recipere
3196 4746 3533 4804 iurisdictio·-

1932 4853 2053 4895 nem
2084 4838 2132 4893 in
2165 4836 2353 4892 habitu
2372 4876 2388 4903 ,
2418 4841 2482 4892 ut
2509 4836 2608 4907 ipsi
2639 4835 2972 4907 loquuntur,
3003 4834 3132 4891 licet
3156 4850 3220 4891 ea
3247 4839 3326 4892 uti
3360 4837 3531 4895 valide

1932 4944 2039 4985 non
2083 4927 2316 5000 possint,
2357 4925 2455 4981 nisi
2498 4927 2576 4980 eis
2617 4923 2923 4995 applicetur
2964 4924 3211 4980 materia.
3243 4927 3324 4981 lta
3363 4928 3525 4983 etiam

1935 5018 2173 5091 explicat
2199 5016 2340 5073 hanc
2367 5012 2688 5070 sententiam
2718 5013 2882 5083 Vasq.
2917 5028 3085 5084 supra
3104 5055 3119 5084 ,
3145 5020 3304 5071 utens
3334 5014 3523 5071 eadem

1932 5106 2278 5165 similitudine
2304 5111 2360 5161 et
2390 5106 2767 5176 proportione,
2797 5109 2853 5159 et
2879 5102 3162 5159 declarans
3182 5146 3196 5174 ,
3247 5103 3392 5160 illam
3431 5121 3531 5175 ap-

1931 5199 2286 5271 plicationem.
2305 5196 2560 5251 materiae
2589 5207 2692 5248 non
2723 5208 2844 5248 esse
2866 5206 2961 5263 per
2991 5191 3160 5248 solam
3187 5196 3528 5264 approxima·

1930 5291 2131 5345 tionem
2158 5284 2573 5360 praeexistentia.
2589 5283 2860 5354 materiae3
2877 5280 2972 5339 sed
2997 5297 3118 5339 esse
3139 5298 3238 5354 per
3266 5285 3526 5342 moralem
