4325 6267
1827 328 2037 378 CAPUT
2063 329 2158 376 lv.

340 473 509 527 etiam
534 476 621 526 est
658 469 829 524 maior
859 466 941 522 vel
972 466 1148 520 minor
1191 462 1337 519 iuxta
1366 459 1543 517 varias
1582 452 1939 513 consuetudi-

344 577 443 617 nes
472 566 529 616 et
556 558 753 616 iudicia
792 558 1103 612 hominum:
1138 550 1337 625 pendet
1364 564 1497 621 ergo
1536 552 1645 603 tota
1680 544 1814 600 baec
1854 558 1943 597 res

342 668 411 707 ex
438 650 679 705 humano
720 645 947 703 consilio
974 652 1029 699 et
1054 641 1300 699 arbitrio.
1332 635 1747 709 Intelligendum
1777 632 1944 705 igitur

340 746 461 809 est,
494 738 738 810 singulos
768 735 1013 791 homines
1040 749 1105 789 ex
1134 736 1331 787 natura
1358 729 1436 785 rei
1466 726 1663 783 babere
1706 720 1941 795 partiali-

344 838 427 886 ter
456 831 541 900 (ut
573 829 653 884 sic
681 825 880 895 dicam)
912 825 1171 879 virtutem
1194 818 1263 876 ad
1284 812 1718 889 componendam
1744 827 1841 867 seu
1868 808 1943 865 es-

342 918 631 977 ficiendam
664 914 1117 973 communitatem
1144 909 1467 982 perlectam,
1496 920 1563 961 eo
1590 908 1773 960 autem
1801 902 1943 971 ipso,

344 1007 493 1083 quod
526 1007 677 1063 illam
705 1008 1071 1074 componunt,
1099 996 1329 1055 resultat
1358 996 1411 1051 in
1437 1001 1551 1051 tota
1573 992 1664 1048 illa
1684 990 1819 1047 baec
1847 1004 1941 1060 po-

342 1106 531 1156 testas.
574 1095 747 1152 Nihilo
803 1093 979 1149 minus
1022 1098 1203 1147 tamen
1251 1087 1335 1143 ius
1385 1092 1613 1141 naturae
1652 1098 1759 1138 non
1812 1077 1945 1135 obli-

344 1196 461 1262 gat,
493 1195 558 1244 ut
586 1184 668 1242 vel
708 1200 806 1256 per
842 1184 1015 1255 ipsam
1053 1186 1225 1237 totam
1263 1175 1715 1233 communitatem
1756 1170 1945 1225 imme-

345 1281 493 1336 diate
532 1280 879 1339 exercentur,
924 1272 1007 1327 vel
1046 1271 1099 1325 in
1142 1269 1256 1340 ipsa
1296 1279 1511 1337 semper
1552 1264 1785 1317 maneat.
1830 1258 1945 1313 lmo

346 1371 479 1443 quia
500 1366 774 1424 moraliter
794 1360 1171 1418 difficillimum
1200 1361 1349 1412 esset
1368 1354 1441 1411 ita
1462 1351 1604 1421 lieri,
1626 1354 1771 1405 esset
1804 1347 1945 1403 enim

346 1458 551 1515 infinita
593 1454 841 1511 contusio
875 1457 933 1507 et
974 1447 1296 1515 morositas,
1326 1445 1369 1499 si
1398 1440 1665 1513 suffragiis
1704 1437 1945 1493 omnium

346 1550 496 1621 leges
526 1550 709 1601 essent
735 1538 1005 1609 conditae3
1040 1536 1160 1594 ideo
1189 1534 1373 1591 statim
1400 1531 1792 1589 determinatur
1809 1526 1942 1581 haec

351 1644 595 1709 potestas
622 1632 689 1689 ab
717 1626 1029 1686 hominibus
1054 1624 1125 1683 ad
1152 1623 1385 1696 aliquem
1416 1637 1479 1677 ex
1509 1616 1801 1692 praedictis
1832 1630 1945 1670 mo-

350 1726 435 1781 dis
460 1721 902 1797 gubernationis,
931 1717 1059 1790 quia
1094 1730 1205 1771 non
1240 1718 1474 1784 possunt
1502 1708 1589 1765 alii
1617 1704 1943 1777 excogitari,

346 1826 409 1873 ut
436 1814 593 1873 l'acile
620 1808 991 1869 consideranti
1016 1805 1238 1877 patebit.

435 1912 489 1963 2.
516 1901 767 1961 Secundo
790 1898 1040 1971 sequitur
1065 1911 1130 1951 ex
1151 1893 1335 1963 dictis,
1353 1894 1676 1963 potestatem
1699 1884 1931 1947 civilem,

346 1995 561 2069 quoties
604 1995 654 2048 in
690 2006 801 2046 uno
832 1986 1079 2055 homine,
1110 1982 1195 2039 vel
1237 1980 1480 2054 principe
1520 1976 1787 2049 reperitur
1816 1972 1947 2044 legi-

350 2087 479 2141 timo
506 2098 571 2139 ac
600 2077 873 2137 ordinario
899 2076 1036 2143 iure,
1062 2090 1093 2129 a
1115 2070 1319 2146 populo
1340 2076 1396 2125 et
1424 2067 1812 2123 communitate
1836 2077 1946 2117 ma-

348 2190 507 2231 nasse
538 2172 621 2227 vel
650 2168 909 2242 proxime,
938 2164 1023 2221 vel
1070 2168 1302 2231 remote,
1334 2174 1433 2217 nec
1476 2171 1635 2229 posse
1674 2154 1826 2212 aliter
1852 2152 1947 2207 ba-

350 2265 489 2333 beri,
518 2269 583 2318 ut
618 2261 761 2315 iusta
790 2258 879 2312 sit.
910 2256 1057 2311 Haec
1096 2258 1185 2309 est
1221 2250 1487 2307 sententia
1526 2243 1835 2302 communis
1862 2242 1942 2297 iu-

350 2352 727 2425 risperitorum
760 2348 815 2401 in
844 2346 881 2401 l.
922 2351 969 2415 1,
1005 2343 1059 2399 ff.
1092 2340 1159 2398 de
1188 2346 1369 2397 const.
1401 2336 1636 2407 Princip.
1664 2341 1722 2391 et
1744 2334 1794 2387 in
1820 2334 1854 2387 l.
1884 2336 1940 2402 2,

350 2443 405 2499 ff.
438 2442 505 2497 de
536 2441 675 2510 orig.
697 2438 805 2492 iur.
824 2435 907 2491 Ea
943 2432 1147 2505 quibus
1172 2428 1389 2485 iuribus
1420 2425 1473 2481 id
1499 2427 1657 2482 etiam
1684 2421 1943 2479 habetur.

352 2532 499 2589 ldem
526 2532 730 2586 Panor.
775 2532 832 2581 et
854 2523 946 2579 alii
972 2520 1284 2578 canonistae
1314 2518 1362 2573 in
1393 2532 1517 2587 cap.
1550 2518 1669 2572 Per
1702 2526 1948 2569 venera·

355 2620 547 2686 bilem,
593 2617 690 2690 qui
725 2614 812 2671 lilii
841 2613 951 2668 sint
975 2609 1215 2683 legitimi.
1246 2606 1394 2664 idem
1420 2606 1475 2661 d.
1498 2604 1729 2661 Thomas
1756 2618 1811 2673 q.
1846 2604 1941 2669 90,

352 2718 457 2767 art.
476 2714 531 2779 3,
552 2715 608 2764 et
628 2724 686 2779 q.
703 2707 799 2771 97,
819 2703 1107 2759 caietanus
1134 2701 1304 2756 citato
1334 2712 1529 2768 opusc.
1567 2691 1639 2751 de
1659 2694 1948 2766 potestate

352 2804 580 2875 Papae.
630 2801 771 2869 part.
796 2799 853 2863 2,
878 2808 1001 2864 cap.
1036 2795 1093 2860 2,
1124 2795 1181 2846 et
1206 2792 1293 2858 to,
1318 2787 1521 2843 Victor.
1549 2785 1599 2839 in
1622 2782 1839 2855 propria
1861 2795 1946 2835 re-

351 2890 577 2947 lectione
617 2884 685 2941 de
714 2884 817 2939 bac
861 2898 956 2952 re,
987 2886 1043 2937 et
1081 2879 1169 2935 alii
1208 2877 1445 2949 allegati.
1481 2874 1638 2931 Ratio
1676 2887 1739 2927 ex
1781 2869 1945 2926 dictis

350 2986 467 3050 est,
496 2978 627 3050 quia
662 2974 795 3030 baec
826 2976 1065 3043 potestas
1090 2984 1157 3025 ex
1186 2974 1383 3023 natura
1412 2964 1486 3019 rei
1513 2968 1599 3018 est
1630 2958 1943 3016 immediate

352 3071 407 3125 in
435 3064 856 3132 communitate,
889 3076 1019 3133 ergo
1046 3066 1106 3115 ut
1125 3060 1265 3114 iuste
1296 3055 1519 3127 incipiat
1538 3068 1659 3109 esse
1684 3052 1734 3107 in
1764 3049 1946 3122 aliqua

356 3172 587 3231 persona
614 3162 873 3227 tanquam
908 3152 961 3205 in
990 3162 1247 3221 supremo
1277 3144 1551 3218 principe,
1582 3156 1807 3197 necesse
1834 3145 1939 3209 est,

356 3254 421 3304 ut
455 3261 520 3302 ex
548 3257 822 3301 consensu
864 3237 1275 3294 communitatis
1314 3233 1385 3291 illi
1414 3231 1711 3290 tribuatur.
1745 3227 1948 3285 Deinde

355 3336 660 3408 explicatur
687 3348 720 3388 a
751 3327 1047 3386 sufficienti
1082 3325 1319 3398 partium
1348 3321 1786 3387 enumeratione3
1820 3333 1943 3374 nam

356 3426 491 3482 haec
520 3428 763 3496 potestas
795 3425 977 3493 potest
1002 3415 1219 3487 intelligi
1246 3414 1370 3471 data
1396 3412 1613 3483 regibus
1636 3407 1945 3465 immediate

355 3516 426 3571 ab
452 3516 571 3586 ipso
596 3514 731 3581 Deo,
763 3508 861 3565 sed
890 3507 1018 3573 hoc,
1051 3504 1183 3562 licet
1208 3503 1497 3577 aliquando
1526 3504 1596 3557 sit
1619 3500 1852 3567 factum,
1886 3507 1948 3571 ut

306 3617 311 3621 ·
355 3606 413 3661 in
440 3602 599 3660 Saule
626 3607 683 3657 et
706 3598 927 3663 Doride,
959 3604 1137 3653 tamen
1164 3594 1301 3651 illud
1335 3594 1435 3650 ruit
1454 3590 1943 3649 extraordinarium

357 3700 416 3749 et
442 3688 859 3764 supernaturale
899 3684 1084 3759 quoad
1124 3683 1377 3753 modum3
1408 3682 1557 3738 iuxta
1596 3692 1945 3737 communem

353 3792 539 3840 autem
571 3791 628 3837 et
662 3776 991 3835 ordinariam
1019 3772 1413 3848 providentiam
1455 3785 1563 3826 non
1603 3770 1679 3825 ita
1704 3768 1789 3838 iit,
1821 3766 1949 3839 quia

356 3874 604 3931 homines
628 3872 779 3927 iuxta
824 3872 1054 3922 naturae
1080 3862 1329 3921 ordinem
1370 3876 1474 3917 non
1506 3855 1947 3928 revelationibus,

350 3963 449 4020 sed
490 3960 723 4018 naturali
768 3957 985 4014 ratione
1027 3960 1296 4027 reguntur
1337 3951 1389 4007 in
1432 3950 1548 4011 bis,
1593 3962 1731 4019 quae
1772 3944 1949 4001 civilia

351 4061 501 4111 sunt.
533 4052 719 4123 Neque
760 4048 962 4116 obstat,
992 4042 1143 4117 quod
1168 4042 1454 4114 Scriptura
1492 4035 1761 4094 interdum
1791 4034 1943 4103 dicit,

354 4146 525 4201 Deum
553 4139 685 4197 dare
718 4153 907 4209 regna,
938 4142 993 4190 et
1018 4140 1233 4191 mutare
1264 4146 1367 4188 suo
1396 4126 1771 4197 nutu,Daniel.
1806 4129 1862 4192 4,
1892 4130 1949 4181 et

222 4290 243 4301 ,
353 4235 480 4290 lsai.
515 4235 608 4289 45.
648 4227 875 4297 dicitur,
906 4227 1081 4300 Cyrus
1109 4239 1139 4279 a
1160 4225 1271 4279 Deo
1299 4220 1639 4276 constitutus
1668 4231 1779 4272 rex.
1797 4212 1949 4273 Unde

355 4324 508 4379 loan.
548 4324 635 4377 19.
667 4316 803 4374 dixit
828 4315 1110 4370 Christus:
1144 4315 1276 4368 Non
1300 4308 1547 4367 haberes
1576 4310 1645 4362 in
1675 4320 1769 4361 me
1788 4309 1951 4379 pote·

354 4416 571 4468 statem
611 4406 834 4471 ullam,
869 4406 986 4459 nisi
1025 4401 1131 4460 tibi
1168 4399 1377 4459 datum
1404 4402 1551 4455 esset
1578 4395 1865 4469 desuper:
1894 4394 1945 4449 in

350 4500 439 4556 his
479 4498 621 4554 enim
664 4495 842 4551 solum
882 4492 1247 4567 significatur,
1295 4491 1425 4545 haec
1466 4486 1644 4542 omnia
1687 4499 1794 4540 non
1834 4484 1946 4539 lieri

358 4590 469 4645 sine
498 4583 722 4659 speciali
756 4581 1089 4656 providentia
1115 4581 1207 4638 Dei
1244 4579 1328 4637 vel
1357 4575 1689 4647 ordinantis,
1722 4574 1804 4631 vel
1832 4589 1953 4646 per-

358 4678 645 4747 mittentis,
679 4682 743 4731 ut
766 4673 901 4730 dixit
924 4676 1160 4745 August.
1193 4675 1413 4726 tractat.
1448 4672 1479 4726 6
1513 4668 1565 4723 in
1594 4668 1744 4722 loan.
1766 4672 1824 4720 et
1852 4668 1946 4721 22.

355 4774 551 4824 contra
576 4767 837 4822 Faustum
860 4802 877 4831 ,
900 4773 1022 4833 cap.
1058 4762 1147 4817 14.
1179 4760 1296 4816 Hoc
1329 4766 1507 4814 tamen
1545 4770 1649 4811 non
1685 4751 1949 4821 excludit,

358 4856 489 4929 quin
518 4870 614 4926 per
638 4854 883 4909 homines
915 4852 1063 4923 fiant,
1090 4851 1236 4905 sicut
1262 4847 1347 4904 alii
1368 4848 1597 4904 effectus
1621 4860 1833 4915 omnes,
1857 4843 1951 4916 qui

360 4949 499 5003 liunt
529 4960 624 5017 per
652 4958 853 4999 causas
896 4939 1197 5011 secundas,
1227 4935 1596 5010 principaliter
1636 4934 1953 4991 tribuuntur

364 5035 735 5109 providentiae
764 5034 877 5089 Dei.

441 5131 494 5183 3.
526 5122 782 5181 Secundo
811 5128 991 5193 potest
1017 5119 1152 5175 baec
1182 5126 1427 5191 potestas
1452 5130 1574 5173 esse
1614 5114 1667 5170 in
1702 5127 1828 5186 rege
1856 5126 1952 5185 per

364 5214 774 5273 successionem
813 5208 1251 5277 haereditariam,
1282 5218 1340 5266 et
1381 5210 1455 5265 ita
1482 5206 1791 5266 existimant
1816 5218 1951 5259 non·

526 5324 699 5366 susan
711 5353 723 5372 .
746 5322 803 5365 De
821 5320 1001 5373 Leuibus
1018 5340 1067 5349 —
1082 5318 1185 5361 Pars
1202 5316 1237 5360 1.

3407 309 3530 371 169

2014 451 2146 509 nulli
2175 452 2394 509 iuristae
2423 469 2454 509 a
2483 453 2745 525 principio
2771 453 2963 517 fuisse,
2996 451 3089 509 sed
3122 456 3266 507 recte
3294 450 3381 515 alii
3413 448 3604 506 adver-

2016 548 2166 613 tunt,
2186 544 2594 599 successionem
2615 544 2926 599 necessario
2947 556 3254 615 supponere
3275 540 3597 609 dominium,

2014 631 2099 687 vel
2128 638 2457 703 potestatem
2485 634 2538 687 in
2563 647 2651 703 eo,
2684 634 2775 690 cui
2805 632 3152 701 succediturz,
3183 632 3240 687 et
3270 628 3391 687 ideo
3417 618 3606 684 neces-

2015 722 2157 777 sario
2189 720 2588 777 deveniendum
2625 736 2744 777 esse
2781 720 2848 777 ed
2890 716 3157 793 aliquem,
3191 722 3282 793 qui
3317 719 3469 775 alteri
3497 734 3604 774 non

2012 810 2515 883 successerit‚quia
2546 826 2652 867 non
2683 810 3002 881 proceditur
3031 810 3082 865 in
3107 810 3483 866 infinitum.De
3511 808 3602 865 illo

2011 914 2145 972 ergo
2199 902 2374 971 primo
2417 899 2766 972 inquirimus,
2803 898 2946 956 unde
2988 899 3235 955 habuerit
3275 914 3502 971 regnum
3549 904 3606 953 et

2014 994 2338 1061 potestatem
2357 1031 2372 1059 ,
2403 992 2534 1062 quia
2559 1005 2668 1045 non
2697 989 2862 1045 babet
2893 1006 2923 1045 a
2953 1006 3010 1045 se
3039 990 3156 1045 iure
3184 998 3440 1059 naturae3
3471 1003 3603 1059 ergo

2014 1080 2296 1135 successio
2335 1094 2444 1134 non
2483 1084 2662 1150 potest
2703 1094 2824 1133 esse
2865 1077 3040 1149 prima
3075 1076 3224 1133 radix
3261 1077 3424 1132 huius
3453 1082 3605 1148 pote-

2014 1169 2171 1224 statis
2197 1166 2248 1223 in
2272 1183 2418 1239 rege.
2436 1168 2780 1239 Quapropter
2801 1182 3026 1223 necesse
3053 1172 3154 1229 est,
3189 1172 3252 1221 ut
3279 1166 3482 1236 primus
3513 1166 3605 1221 ba-

2013 1255 2194 1313 buerit
2223 1262 2547 1328 potestatem
2576 1272 2890 1329 supremam
2919 1256 3224 1313 immediate
3245 1272 3276 1311 a
3296 1255 3598 1328 republica,

2015 1362 2370 1403 successores
2411 1354 2596 1403 autem
2619 1347 2764 1404 illius
2803 1348 2870 1403 ab
2901 1348 2990 1404 illa
3019 1347 3253 1403 habeant
3295 1347 3522 1403 mediate
3547 1352 3603 1402 et

2014 1434 2344 1493 radicaliter.
2371 1438 2442 1493 Et
2467 1438 2593 1509 quia
2622 1452 2709 1493 res
2741 1440 2940 1495 transit
2965 1437 3032 1495 ad
3062 1453 3446 1509 successorem
3473 1454 3603 1493 cum

2016 1542 2118 1583 suo
2147 1542 2336 1599 onere,
2366 1526 2704 1584 conditiones
2731 1528 2872 1599 illae,
2902 1542 3030 1585 cum
3052 1528 3255 1601 quibus
3279 1529 3490 1599 primus
3514 1540 3606 1583 rex

2012 1632 2043 1671 a
2085 1617 2360 1688 republica
2403 1633 2632 1690 regnum
2660 1618 2898 1690 accepit,
2930 1616 2997 1673 ad
3026 1633 3396 1674 successores·
3425 1624 3604 1674 trans·

2012 1712 2169 1777 eunt,
2201 1706 2272 1761 ita
2302 1712 2363 1762 ut
2387 1721 2516 1762 cum
2545 1706 2748 1763 eisdem
2777 1707 3030 1763 oneribus
3063 1722 3292 1779 regnum
3323 1706 3577 1764 babeant.

2093 1798 2147 1852 4.
2180 1795 2396 1851 Tertius
2427 1795 2622 1852 titulus
2653 1798 2830 1869 regiae
2859 1798 3140 1869 potestatis
3166 1812 3286 1852 esse
3315 1798 3454 1854 solet
3493 1796 3605 1854 bel-

2015 1886 2151 1955 lum,
2185 1884 2350 1957 quod⁴
2371 1892 2590 1957 oportet
2621 1902 2742 1942 esse
2778 1886 3021 1958 iustum,
3054 1893 3117 1942 ut
3155 1903 3343 1943 verum
3385 1887 3602 1943 titulum

2014 1980 2069 2029 et
2108 1973 2409 2031 dominium
2447 1974 2715 2031 conserat.
2747 1976 2814 2031 Et
2851 1974 2974 2032 hinc
3005 1976 3160 2032 multi
3187 1978 3517 2047 existimant,
3545 1978 3598 2032 in

2017 2065 2282 2137 principio
2311 2065 2621 2122 introducta
2657 2081 2780 2123 esse
2809 2081 2974 2138 regna
3013 2081 3110 2138 per
3141 2066 3477 2142 tyrannidem
3506 2082 3601 2137 po·

2016 2156 2145 2225 tius,
2178 2172 2344 2229 quam
2382 2170 2478 2227 per
2508 2171 2687 2213 veram
2717 2162 3064 2227 potestatem,
3096 2164 3158 2212 ut
3186 2155 3364 2212 videre
3395 2157 3524 2212 licet
3549 2157 3602 2211 in

2014 2244 2214 2302 Alvaro
2241 2245 2456 2317 Pelagio
2486 2244 2576 2300 lib.
2617 2249 2664 2302 t.
2697 2243 2770 2301 de
2789 2244 3042 2318 planctu
3073 2244 3388 2313 Ecclesiae,
3421 2258 3475 2300 c.
3506 2248 3600 2315 ⁴1,

2020 2334 2215 2392 Driedo
2241 2333 2333 2390 lib.
2373 2340 2422 2393 1.
2450 2333 2712 2391 deliber.
2744 2336 2948 2392 christ.
2982 2351 3033 2390 c.
3075 2339 3162 2403 15,
3193 2336 3351 2391 Petro
3379 2336 3526 2391 Bert.
3549 2337 3604 2390 in

2011 2410 2254 2481 tractatu
2289 2422 2360 2481 de
2385 2428 2532 2497 oriq.
2559 2426 2730 2491 iuris,
2766 2440 2822 2498 q.
2861 2428 2908 2482 1.
2940 2425 3164 2493 Quando
3203 2441 3334 2498 ergo
3367 2442 3600 2498 regnum

2014 2530 2109 2587 per
2136 2514 2310 2570 solam
2340 2516 2448 2569 vim
2474 2514 2731 2570 iniustam
2757 2514 3090 2585 possidetur,
3115 2530 3224 2571 non
3249 2522 3334 2571 est
3356 2530 3482 2572 vera
3503 2532 3604 2587 po-

2015 2610 2184 2660 testas
2213 2602 2514 2676 legislativa
2538 2604 2593 2659 in
2616 2618 2775 2677 rege;
2805 2604 2919 2661 fieri
2947 2612 3132 2661 autem
3160 2612 3360 2677 potest,
3386 2612 3447 2662 ut
3473 2623 3604 2662 suc·

2010 2708 2177 2749 cessu
2205 2695 2468 2764 temporis
2508 2693 2746 2765 populus
2789 2696 3114 2759 consentiat,
3143 2700 3196 2751 et
3233 2695 3479 2753 admittat
3520 2702 3598 2751 ta-

2014 2781 2119 2837 lem
2148 2784 2532 2855 principatum,
2563 2791 2620 2839 et
2645 2790 2777 2841 tunc
2807 2785 3106 2842 reducetur
3135 2790 3376 2856 potestas
3403 2785 3470 2841 ad
3499 2802 3598 2857 po-

2014 2872 2126 2943 puli
2144 2872 2482 2929 traditionem
2504 2880 2559 2929 et
2577 2872 2945 2931 donationem.
2961 2874 3241 2932 Interdum
3265 2882 3446 2933 autem
3467 2892 3604 2931 con-

2015 2962 2225 3033 tingere
2255 2967 2454 3032 potest,
2480 2970 2544 3019 ut
2568 2962 2882 3034 respublica
2909 2970 3066 3020 antea
3087 2980 3194 3020 non
3219 2964 3465 3021 subiecta
3486 2966 3600 3037 regi

2014 3066 2110 3121 per
2138 3050 2343 3106 iustum
2371 3049 2574 3107 bellum
2601 3052 2950 3121 stibiiciatur3
2983 3052 3114 3108 illud
3155 3060 3341 3109 autem
3382 3069 3595 3126 semper

2012 3147 2100 3197 est
2124 3140 2280 3212 quasi
2307 3156 2402 3211 per
2429 3140 2687 3197 accidens
2713 3143 2766 3197 in
2797 3157 3024 3212 poenam
3054 3141 3284 3198 alicuius
3311 3142 3515 3213 delicti,
3545 3148 3601 3199 et

2014 3236 2145 3285 tunc
2175 3230 2288 3300 ipsa
2317 3235 2536 3286 tenetur
2563 3245 2780 3301 parere,
2813 3236 2869 3286 et
2906 3230 3210 3286 consentire
3252 3230 3598 3303 subiectioni‚

2015 3325 2180 3391 atque
2229 3320 2303 3374 ita
2341 3321 2502 3374 etiam
2541 3318 2630 3375 ille
2672 3317 2864 3375 modus
2912 3317 3318 3393 quodammodo
3367 3318 3601 3377 includit

2014 3424 2347 3465 consensum
2369 3407 2722 3480 reipublicae,
2754 3407 2837 3465 vel
2863 3408 3187 3479 exhibitum,
3217 3410 3303 3465 vel
3328 3409 3591 3465 debitum.

2012 3501 2354 3571 Quamquam
2383 3497 2471 3553 bic
2502 3501 2794 3569 praecipue
2823 3499 3097 3573 loquimur
3132 3500 3199 3557 de
3228 3500 3330 3557 hac
3360 3505 3600 3572 potesta·-

2017 3597 2091 3660 te,
2110 3595 2382 3661 quatenus
2407 3603 2504 3659 per
2533 3604 2590 3643 se
2617 3589 2897 3645 introduci
2925 3598 3124 3663 potest,
3154 3596 3210 3647 et
3235 3591 3353 3648 dari
3385 3590 3475 3646 uni
3503 3590 3601 3645 bo·

2014 3678 2165 3735 mini.
2208 3679 2286 3733 Ac
2330 3676 2562 3749 denique
2603 3678 2772 3750 siquis
2815 3686 2966 3735 recte
3009 3679 3337 3751 consideret,
3379 3677 3600 3751 quando

2016 3769 2151 3825 baec
2193 3767 2462 3823 subiectio
2503 3767 2560 3822 fit
2600 3782 2695 3837 per
2733 3770 2942 3825 iustum
2981 3768 3186 3825 bellum
3214 3770 3282 3826 ad
3311 3784 3478 3825 unum
3511 3783 3595 3823 re-

2011 3873 2157 3931 gem,
2190 3857 2295 3913 iam
2324 3856 2652 3927 supponitur
2669 3858 2720 3911 in
2749 3872 2816 3913 eo
2845 3864 3100 3929 potestas‘
3115 3860 3282 3931 regia,
3306 3872 3403 3930 per
3428 3873 3594 3929 quam

2013 3948 2187 4019 possit
2227 3946 2330 4002 tale
2371 3946 2571 4002 bellum
2611 3945 2869 4019 indicere,
2900 3956 2956 4005 et
2995 3948 3083 4005 illa
3110 3950 3284 4005 solum
3311 3953 3396 4004 est
3427 3947 3594 4003 veluti

2013 4038 2157 4093 iusta
2179 4035 2420 4093 extensio
2444 4036 2614 4109 regni,
2632 4052 2764 4109 ergo
2789 4051 3001 4109 semper
3026 4036 3334 4094 reducenda
3355 4044 3438 4093 est
3460 4037 3594 4093 haec

2017 4132 2258 4198 potestas
2287 4128 2434 4199 regia
2460 4125 2528 4182 ad
2555 4126 2791 4200 aliquem
2811 4171 2826 4199 ,
2857 4130 2950 4201 qui
2977 4144 3085 4185 non
3115 4144 3210 4201 per
3237 4129 3464 4198 bellum,
3495 4128 3592 4185 sed

2016 4232 2111 4287 per
2138 4217 2339 4272 iustam
2361 4215 2708 4288 electionem,
2740 4217 2819 4274 vel
2863 4217 3045 4290 populi
3084 4220 3494 4274 consensionem
3537 4216 3598 4273 il-

2017 4306 2123 4363 lam
2150 4309 2579 4379 comparaverit,
2612 4322 2744 4380 ergo
2773 4324 2802 4363 a
2831 4307 3121 4365 sufficienti
3161 4309 3417 4365 divisione
3448 4316 3597 4366 recte

2016 4396 2390 4468 concluditur,
2422 4404 2746 4468 potestatem
2776 4397 2915 4454 banc
2943 4414 2975 4454 a
2993 4398 3272 4469 republica
3298 4399 3364 4455 ad
3396 4401 3598 4470 princi-

2019 4503 2142 4559 pem
2173 4500 2441 4544 manasse.

2098 4584 2149 4637 5.
2183 4578 2361 4636 Obiici
2384 4593 2513 4633 vero
2538 4584 2735 4649 potest,
2761 4578 2887 4651 quia
2913 4577 3037 4635 hinc
3067 4578 3341 4651 sequitur,
3369 4584 3603 4649 potesta-

2020 4675 2127 4725 tem
2156 4667 2358 4740 regiam
2388 4682 2508 4723 esse
2539 4682 2604 4722 ex
2633 4665 2750 4723 solo
2776 4668 2894 4723 iure
2922 4658 3182 4737 humano,
3211 4666 3359 4740 quod
3387 4667 3604 4724 videtur

2018 4764 2211 4815 contra
2253 4754 2472 4813 modum
2513 4755 2767 4828 loquendi
2793 4758 3140 4829 scripturae:
3172 4759 3288 4813 Per
3324 4773 3414 4813 me
3440 4772 3602 4830 reyes

2020 4841 2288 4919 reynant,
2309 4844 2566 4902 proverb.
2597 4851 2651 4915 8,
2675 4852 2732 4901 et
2751 4845 2817 4902 ad
2840 4847 2995 4903 Rom.
3032 4850 3126 4904 13:
3153 4848 3428 4904 Minister
3448 4848 3606 4901 enim

2020 4938 2133 4992 Dei
2155 4940 2258 4995 est.
2291 4942 2400 4991 ete.
2431 4936 2564 4992 item
2595 4935 2867 5009 sequitur,
2897 4951 3124 5007 regnum
3161 4951 3281 4991 esse
3322 4951 3490 5007 supra
3520 4950 3605 4990 re-

2020 5041 2178 5097 gem,
2206 5024 2332 5096 quia
2373 5024 2444 5080 illi
2484 5023 2636 5081 dedit
2675 5030 3019 5097 potestatem.
3065 5022 3218 5081 Unde
3260 5024 3484 5081 ulterius
3525 5025 3604 5091 tit,

2020 5129 2202 5187 posse,
2247 5116 2292 5168 si
2335 5112 2482 5183 velit,
2526 5112 2677 5169 illum
2717 5112 3012 5185 deponere,
3053 5113 3133 5169 vel
3177 5120 3410 5182 mutare,
3454 5111 3602 5185 quod

2021 5202 2242 5261 omnino
2271 5200 2466 5259 laisum
2493 5210 2594 5261 est.
2628 5204 2855 5276 Propter
2885 5204 3018 5260 haec
3049 5203 3256 5259 Victor.
3290 5217 3456 5274 supra
3486 5218 3609 5256 sen-

3099 5306 3151 5349 22
3405 5360 3420 5389 Ι
