4325 6267
829 245 955 342 26'8

825 422 1064 474 obstante
1081 421 1262 487 quovis
1279 423 1459 476 mortis
1476 421 1717 476 articu10.
1728 422 1858 476 —3.
1883 422 1936 476 ln
1953 424 2261 490 magistratu
2279 426 2352 475 ci·

823 492 916 541 vili
941 498 994 542 et
1017 493 1262 544 canonico
1283 501 1364 542 est
1390 499 1616 556 potestas
1640 493 1700 542 ad
1728 494 2058 557 obligandum
2090 495 2201 544 suis
2226 494 2352 556 lcgi-

819 559 920 609 bus
943 573 1060 610 cum
1083 563 1317 624 periculo
1342 562 1883 613 vitae.—Necessaria
1907 569 1988 614 est
2015 565 2065 613 in
2087 563 2352 628 republica

817 635 1048 692 potestas
1073 629 1135 678 ad
1160 643 1302 680 suam
1325 632 1762 682 conservationem
1787 638 1841 682 et
1876 631 1940 681 ad
1973 645 2240 684 commune
2262 633 2354 683 bo·

816 698 1302 764 num—obviatur
1344 700 1796 751 obiectioni.—4.
1835 701 1941 751 Lex
1973 701 2191 752 humana
2224 709 2351 752 tunc

815 768 1029 818 maxime
1052 769 1248 830 obligat
1272 781 1390 818 cum
1412 769 1644 832 periculo
1669 770 1824 832 vitae,
1837 770 2049 838 ‘quando
2067 771 2197 822 illud
2216 772 2352 834 peri-

815 836 990 886 culum
1025 843 1106 886 est
1141 849 1231 902 per
1265 850 1320 888 se
1352 837 1600 888 adnexum
1633 840 1774 889 actui
1810 847 2100 904 praecepto.
2125 867 2193 879 —-
2213 840 2349 891 Civis

816 906 980 967 magis
1003 911 1082 955 est
1107 906 1444 969 reipublicae,
1471 919 1622 970 quam
1645 909 1726 958 sui
1761 909 1940 972 ipsius.
1956 911 2087 960 -5,
2117 909 2249 971 Quid
2273 909 2350 959 di·

811 973 1049 1035 cendum,
1075 974 1277 1038 quando
1301 976 1586 1040 periculum
1613 990 1712 1027 non
1735 985 1815 1026 est
1833 990 1926 1041 per
1944 991 1999 1029 sc
2017 980 2349 1030 coniunctum

811 1045 955 1093 actui
980 1045 1415 1108 praecepta—6.
1447 1045 1701 1097 Probatur
1735 1047 1958 1097 secunda
1991 1060 2110 1112 pars
2140 1049 2345 1099 conclu·

810 1113 1065 1163 sionis.—
1081 1112 1208 1163 Nota
1231 1113 1294 1164 de
1320 1115 1706 1177 protestatione.
1721 1141 1787 1151 —
1804 1117 1853 1166 7.
1883 1116 2110 1166 Notanda
2126 1153 2140 1177 ,
2178 1117 2243 1166 ad
2267 1116 2346 1167 iu-

810 1180 1081 1232 dicandum
1105 1182 1307 1245 quando
1330 1183 1516 1246 aliquis
1540 1184 1801 1247 obligetur
1827 1185 1889 1234 ad
1911 1186 2073 1246 legem
2093 1187 2191 1236 sub
2209 1186 2346 1249 peri·

809 1253 930 1301 culo
954 1250 1151 1302 mortis.
1167 1252 1541 1302 -Periculum
1558 1251 1653 1304 hoc
1675 1255 1756 1303 vel
1777 1260 1857 1304 est
1877 1255 1943 1304 ab
1961 1256 2241 1305 intrinseco
2260 1255 2341 1304 vel

809 1320 878 1371 ab
907 1321 1356 1372 extrinseca—8.
1395 1323 1724 1386 Argumentis
1758 1324 2036 1374 contrariis
2067 1323 2341 1387 responde-

810 1390 1063 1440 tur.—9.
1085 1389 1338 1441 obiectio.
1352 1390 1727 1455 —Responsim
1741 1393 1909 1444 --10.
1934 1394 2011 1442 An
2031 1393 2186 1442 liccat
2205 1393 2341 1442 cele-

808 1458 964 1509 brare
989 1459 1098 1508 sine
1123 1460 1352 1510 vestibus
1377 1462 1556 1510 sacris.
1571 1487 1632 1497 —
1655 1461 1740 1510 11.
1779 1462 1849 1511 De
1883 1462 2341 1513 communicatione

803 1541 922 1579 cum
945 1529 1378 1580 excommunicato
1400 1535 1611 1594 propter
1633 1536 1845 1581 metum.
1917 1543 1924 1550 ·

821 1672 872 1727 1.
905 1671 1316 1729 Declaravimus
1344 1671 1566 1729 modum
1608 1674 1954 1748 obligationis
1980 1673 2112 1749 legis
2141 1673 2338 1733 huma-

732 1772 836 1817 nae
875 1758 1058 1832 quoad
1096 1760 1414 1834 gravitatem
1467 1762 1586 1818 eius
1611 1803 1626 1834 ,
1669 1777 1820 1820 nuuc
1859 1762 2215 1836 explicandus
2254 1770 2339 1822 εει

731 1848 914 1921 quoad
941 1849 1202 1922 rigorem,
1234 1855 1297 1907 ut
1323 1852 1402 1906 sic
1432 1849 1636 1923 dicam,
1668 1851 1754 1909 vel
1780 1852 2057 1910 leuitatem
2085 1857 2235 1922 eius;
2279 1863 2335 1912 et

730 1945 1131 2010 consequenter
1171 1937 1541 2011 explicabitur
1581 1940 1760 2014 quoad
1802 1940 2144 2000 durationem
2186 1945 2330 2016 εῐιιε,

729 2027 818 2082 vel
840 2027 1206 2084 cessationem
1229 2027 1442 2085 ratione
1463 2030 1816 2086 occurrentis
1839 2031 2171 2099 occasionis,
2189 2048 2331 2105 qnae

728 2116 962 2173 maxime
981 2104 1115 2174 'esse
1143 2116 1316 2186 solet,
1346 2116 1565 2190 quando
1605 2117 1866 2176 damnum
1905 2119 2126 2193 aliquod
2166 2135 2333 2195 grave

727 2205 814 2263 vel
845 2205 1152 2292 periculum
1183 2208 1301 2264 eius
1331 2208 1583 2264 imminet
1609 2223 1673 2264 ex
1702 2206 2080 2266 observatione
2102 2209 2333 2284 legis3et

725 2292 848 2350 ideo
876 2293 1240 2368 inquirimus,
1279 2310 1346 2352 an
1384 2296 1436 2352 in
1468 2294 1785 2354 huiusmodi
1821 2299 2110 2354 occasione
2151 2305 2332 2356 cesset

727 2383 986 2457 obligatio
1027 2384 1184 2457 legis,
1227 2386 1304 2442 ita
1343 2390 1406 2441 ut
1445 2384 1657 2442 nullum
1697 2391 1990 2457 peccatum
2033 2386 2134 2458 sit,
2178 2386 2326 2445 illam

725 2488 838 2531 non
868 2487 1113 2530 servare.
1345 2529 1355 2538 ,

805 2563 988 2619 Prima
1014 2562 1277 2619 sententia
1304 2561 1551 2620 absolute
1577 2560 1775 2635 doc'et,
1817 2562 1991 2636 legem
2031 2563 2327 2622 humanam

725 2667 834 2706 non
861 2664 1023 2722 posse
1052 2649 1296 2722 obligare
1324 2666 1455 2708 cum
1479 2651 1675 2708 morali
1703 2651 1948 2723 periculo
1967 2652 2135 2718 vitae,
2160 2652 2247 2710 vel
2267 2670 2325 2711 a·

723 2737 796 2796 lio
825 2739 1009 2796 simili.
1043 2738 1212 2796 Tenet
1236 2738 1470 2796 Almain.
1498 2741 1553 2796 in
1581 2739 1825 2797 Moralib.
1852 2747 2016 2798 tract.
2049 2742 2097 2809 1,
2122 2757 2246 2814 cap.
2266 2748 2319 2800 3.

720 2827 953 2884 Inclinat
979 2827 1212 2900 sylvest.
1245 2827 1413 2884 verbo
1441 2832 1663 2894 metus,
1700 2843 1756 2900 q.
1804 2832 1854 2887 7.
1887 2828 2323 2888 Fundamentum

723 2923 830 2989 est,
862 2917 990 2988 quia
1015 2917 1144 2974 dare
1171 2916 1340 2974 vitam
1367 2924 1592 2988 propter
1619 2933 1760 2990 opus
1796 2933 1893 2989 per
1917 2934 1973 2974 se
1997 2935 2103 2976 non
2133 2935 2323 2976 neces-

722 3005 930 3061 sarium
957 3003 1027 3062 ad
1055 3004 1289 3062 salutem
1319 3004 1402 3062 vel
1433 3005 1802 3076 honestatem,
1828 3014 1912 3065 est
1941 3023 2080 3079 opus
2109 3007 2323 3066 difficil-

637 3149 642 3152 ,
724 3093 917 3151 limum
944 3102 1002 3151 et
1031 3097 1552 3167 supererogationis3
1586 3093 1672 3152 lex
1713 3103 1896 3153 autem
1937 3095 2177 3154 humana
2214 3114 2322 3156 non

719 3189 905 3255 potest
930 3182 1238 3240 huiusmodi
1267 3199 1436 3257 opera
1459 3186 1801 3258 praecipere,
1832 3201 1987 3260 ergo.
2019 3188 2313 3246 Confirma-

718 3279 837 3342 tur,
867 3273 1000 3345 quia
1025 3287 1358 3330 conservare
1380 3275 1549 3331 vitam
1576 3279 1664 3330 est
1683 3273 1749 3330 de
1773 3272 1890 3348 lege
1913 3283 2162 3348 naturae,
2188 3293 2319 3350 ergo

716 3360 868 3418 nulla
895 3360 981 3418 lex
1013 3360 1252 3419 humana
1281 3369 1462 3436 potest
1489 3369 1684 3420 contra
1709 3362 1816 3421 hoc
1845 3367 2181 3438 praecipere.
2208 3371 2315 3426 Un-

712 3449 782 3508 de
808 3450 862 3506 d.
892 3450 1126 3508 Thomas
1156 3456 1212 3509 2.
1245 3455 1304 3522 2,
1337 3469 1394 3525 q.
1433 3455 1560 3523 104,
1591 3458 1696 3509 art.
1733 3457 1784 3509 5.
1818 3451 1952 3510 dixit
1971 3454 2023 3510 in
2049 3454 2150 3528 his,
2176 3472 2317 3529 quae

712 3537 784 3597 ad
810 3541 1295 3610 conservationem,
1313 3541 1568 3612 corporis
1597 3548 1872 3614 spectant,
1904 3543 2176 3600 hominem
2206 3560 2314 3602 non

712 3628 889 3684 teneri
916 3627 1121 3684 homini
1151 3626 1392 3685 obedire.

789 3721 848 3774 2.
879 3715 1064 3774 Altera
1089 3717 1356 3773 sententia
1375 3721 1479 3786 est,
1505 3715 1681 3790 legem
1703 3717 1997 3777 humanam
2019 3720 2074 3779 in
2097 3722 2314 3780 univer-

709 3821 834 3862 sum
857 3805 1241 3878 obligare,non
1257 3806 1506 3863 obstante
1526 3821 1885 3881 quocumque
1907 3811 2152 3880 periculo
2168 3829 2312 3870 mor-

705 3896 798 3953 tis.
829 3897 908 3952 lta
933 3894 1096 3952 docet
1121 3895 1287 3953 Caiet.
1329 3899 1382 3953 1..
1409 3901 1468 3969 2,
1497 3912 1558 3969 q.-
1588 3900 1682 3969 96,
1715 3899 1872 3954 artic.
1906 3903 1962 3970 4,
1996 3907 2053 3958 ει
2077 3907 2134 3960 2.
2167 3907 2224 3972 2,
2248 3918 2305 3976 q.

717 3989 854 4058 125,
885 3992 991 4043 art.
1026 3990 1079 4045 3.
1110 3983 1258 4041 Idem
1287 3985 1449 4042 sentit
1474 3983 1697 4043 Adi-ian.
1727 3987 1781 4043 in
1810 3991 1866 4058 4,
1897 4003 1954 4060 q.
1987 3993 2041 4046 3.
2081 3988 2154 4046 dc
2183 3989 2309 4049 cla-

707 4076 824 4134 vib.
856 4076 1079 4134 Henric.
1103 4081 1272 4132 tract.
1298 4072 1370 4131 de
1397 4073 1605 4149 synod.
1627 4078 1906 4150 Episcop.
1931 4084 2054 4148 post
2084 4082 2136 4136 3.
2163 4085 2305 4152 part.

709 4171 814 4222 art.
855 4168 906 4234 1,
937 4180 992 4221 n.
1025 4167 1160 4236 271,
1191 4163 1246 4219 in
1278 4168 1414 4220 tom.
1455 4165 1540 4220 13.
1575 4169 1941 4237 tractatuum,
1975 4182 2028 4237 p.
2060 4171 2116 4226 2.
2162 4169 2308 4225 Fun-

706 4253 1027 4310 damentum
1055 4253 1163 4324 es‘t,
1193 4252 1321 4325 quia
1357 4252 1508 4324 quod
1535 4258 1621 4309 εει
1659 4259 1856 4310 contra
1895 4254 2072 4327 legem
2114 4257 2307 4314 huma-

702 4357 854 4414 nam,
886 4347 972 4398 est
997 4341 1203 4399 malum
1230 4347 1286 4396 et
1311 4347 1626 4414 peccatum,
1659 4349 1724 4398 ut
1748 4359 1814 4400 ex
1842 4359 2010 4416 supra
2031 4344 2191 4403 dictis
2212 4363 2307 4418 pa-

703 4437 804 4500 tet3
835 4445 971 4502 ergo
997 4431 1162 4486 etiam
1189 4434 1411 4502 propter
1439 4436 1670 4488 mortem
1698 4430 1968 4489 vitandam
1992 4433 2303 4492 iaciendum

701 4535 814 4576 non
841 4525 947 4592 est,
978 4533 1101 4591 cap.
1137 4523 1236 4576 Ita
1259 4534 1348 4586 ne,
1389 4523 1480 4590 32,
1507 4535 1562 4591 q.
1593 4524 1648 4577 3.
1671 4535 1738 4576 ex
1765 4523 1909 4594 Aug.
1935 4522 2302 4581 Confirmatur

699 4610 902 4682 primo,
931 4608 1059 4680 quia
1086 4607 1292 4665 bonum
1322 4623 1618 4665 commune
1642 4610 2061 4682 praeferendum
2085 4617 2172 4669 est
2192 4614 2309 4684 pri·'

697 4702 850 4769 vato,
881 4701 937 4772 et
961 4695 1124 4756 homo
1152 4702 1372 4753 tenetur
1393 4712 1494 4768 pro
1517 4699 1802 4756 communi
1821 4699 1966 4756 bono
1985 4703 2154 4757 vitam
2178 4717 2303 4772 per·

697 4785 852 4858 dere,
884 4783 979 4841 sed
1009 4783 1246 4842 humana
1273 4785 1358 4842 lex
1387 4793 1612 4858 propter
1640 4802 1937 4844 commune
1964 4788 2169 4844 bonum
2197 4805 2296 4861 po-

693 4858 864 4944 nitur,
896 4888 1026 4945 ergo
1054 4872 1320 4930 servanda
1346 4881 1452 4944 est,
1485 4890 1592 4930 non
1617 4874 1870 4932 obstante
1903 4878 2046 4932 vitae
2067 4878 2287 4948 pericu-

693 4961 770 5020 lo,
801 4961 1040 5019 Tandem
1066 4963 1422 5019 confirmatur
1447 4962 1788 5034 inductione,
1819 4964 1948 5035 quia
1973 4979 2080 5021 non
2109 4967 2318 5036 potest'

689 5053 818 5126 quis
845 5057 1067 5124 propter
1095 5057 1304 5108 metum
1333 5052 1526 5109 mortis
1551 5053 1881 5110 contrahere
1901 5045 2031 5110 cum
2053 5068 2289 5120 consan-

689 5141 888 5217 guinea
915 5141 967 5200 in
995 5139 1174 5216 gradu
1199 5140 1474 5215 prohibito
1502 5157 1598 5216 per
1625 5142 1801 5218 legem
1829 5144 2147 5219 humanam,
2180 5161 2285 5206 nec

2192 297 2411 356 ‚mmm
2434 299 2542 350 111.

2419 431 2602 497 potest
2625 426 2827 504 aliquis
2856 438 3078 507 propter
3105 435 3379 494 vitandam
3408 444 3643 498 mortem
3661 455 3907 502 sacrum
3937 443 4017 500 ia·

2420 531 2549 574 cere
2573 518 2689 577 sine
2714 523 2959 580 vestibus
2988 526 3181 598 sacris,
3212 543 3345 584 cum
3374 534 3557 588 tamen
3576 531 3634 588 id
3655 531 3835 590 solum
3856 533 3929 589 sit
3950 532 4019 591 de

2417 602 2537 678 lege
2572 607 2829 668 humana.
2860 612 3099 685 Denique
3136 631 3241 672 non
3274 624 3452 688 potest
3479 619 3603 693 quis
3639 623 4015 679 communica-

2418 709 2479 750 re
2516 709 2649 754 cum
2684 701 3159 759 excommunicato
3186 712 3410 777 propter
3443 707 3717 767 vitandam
3753 717 4015 783 mortem,

2417 797 2541 855 cap.
2574 787 2810 857 Sacris,
2847 787 2914 846 de
2942 790 3033 862 iis,
3064 807 3207 865 quae
3232 795 3318 865 vi,
3350 801 3457 853 etc.

2495 875 2549 929 3.
2578 875 2937 936 Nihilominus
2964 878 3257 940 dicendum
3298 890 3385 940 est
3424 885 3632 960 primo,
3672 903 3780 945 non
3820 887 4018 948 deesse

2414 967 2741 1032 potestatem
2768 967 2821 1023 in
2850 971 3181 1044 magistratu
3204 973 3367 1044 civili,
3390 983 3445 1032 ει
3468 973 3613 1032 idem
3641 992 3673 1034 a
3700 977 3923 1036 fortiori
3945 980 4015 1037 de

2412 1050 2808 1128 ecclesiastico,
2834 1057 2903 1114 ad
2928 1059 3279 1132 obligandum
3306 1063 3421 1119 suis
3450 1063 3661 1138 legibus
3686 1075 3894 1126 etcum
3918 1086 4013 1142 pe-

2413 1139 2594 1196 riculo
2623 1143 2787 1225 vitae,
2817 1147 2862 1200 si
2894 1162 3121 1206 necesse
3150 1151 3239 1227 sit.
3265 1151 3541 1211 Sententia
3564 1162 3651 1212 est
3672 1162 4011 1233 communis,

2409 1232 2465 1284 et
2488 1228 2616 1286 mihi
2632 1238 2808 1307 εει-ιε,
2828 1241 2885 1292 ει
2909 1243 3124 1308 praeter
3146 1246 3404 1298 auctores
3426 1245 3698 1302 secundae
3720 1248 4012 1324 opinionis,

2410 1321 2597 1375 tenent
2622 1335 2743 1378 eam
2772 1323 2904 1381 Soto
2926 1324 3019 1382 lib.
3053 1332 3106 1387 1.
3130 1327 3203 1385 de
3222 1333 3407 1388 instit.
3432 1349 3489 1405 q.
3520 1338 3573 1405 6,
3598 1344 3703 1393 art.
3721 1341 3778 1396 4.
3806 1340 3859 1395 in
3882 1340 4009 1413 fine,

2408 1406 2539 1462 etin
2570 1409 2785 1498 fidis*
2818 1417 2913 1486 22,
2944 1430 3000 1488 q.
3025 1420 3075 1486 1,
3100 1424 3206 1474 art.
3233 1422 3291 1489 4,
3316 1427 3373 1476 ει
3402 1421 3665 1480 Ledesma
3691 1431 4007 1500 2.p.q.10,

2408 1500 2514 1551 art.
2550 1500 2612 1568 5,
2642 1504 2699 1553 et
2724 1515 2777 1572 q.
2810 1505 2914 1574 25,
2944 1511 3053 1562 art.
3087 1509 3150 1578 3,
3180 1507 3401 1565 Covarr.
3437 1515 3533 1585 qui
3559 1513 3693 1570 alios
3721 1517 3925 1589 refert,
3958 1519 4009 1574 in

2408 1597 2533 1653 cap.
2564 1584 2753 1645 Alma
2776 1595 2989 1657 mater,
3030 1597 3077 1651 1.
3104 1610 3159 1666 p.
3185 1603 3211 1670 ζ
3241 1600 3295 1667 3,
3320 1613 3474 1655 num.
3503 1605 3565 1672 9,
3588 1607 3645 1662 ει
3664 1602 3751 1659 alii
3772 1604 3913 1661 infra
3932 1607 4009 1662 ci·

2406 1669 2576 1727 tandi.
2605 1674 2763 1732 Ratio
2792 1683 2897 1749 est,
2916 1681 3044 1752 quia
3072 1681 3123 1738 in
3145 1685 3424 1757 republica
3444 1694 3529 1745 est
3551 1697 3791 1762 potestas
3814 1709 4005 1751 neces-

2405 1758 2548 1815 saria
2584 1761 2650 1816 ad
2678 1779 2834 1822 suam
2863 1773 3337 1830 conservationem
3366 1782 3425 1833 et
3452 1792 3744 1838 commune
3771 1783 4003 1856 bonum;

2404 1846 2500 1903 sed
2538 1848 2603 1906 ad
2634 1849 2734 1908 hos
2762 1855 2894 1911 fines
2921 1862 3005 1913 est
3033 1861 3311 1919 moraliter
3336 1870 3712 1926 necessarium
3740 1887 4009 1946 praecep·

2404 1941 2519 1992 tum
2552 1938 2796 2013 obligans
2824 1943 2893 2000 ad
2922 1945 3125 2020 aliquid
3152 1952 3425 2023 agendum
3452 1956 3534 2013 vel
3558 1957 3625 2014 ad
3648 1975 4007 2030 perseveran-

2401 2023 2535 2082 dum
2562 2029 2615 2084 in
2644 2029 2826 2103 aliquo
2862 2032 3011 2106 loco,
3056 2052 3163 2093 non
3204 2040 3455 2098 obstante
3495 2048 3741 2117 periculo
3782 2053 3997 2124 mortis,

2399 2128 2529 2186 ergo
2559 2117 2707 2174 cadit
2730 2121 2836 2177 hoc
2863 2123 2967 2195 sub
2988 2123 3282 2186 humanam
3305 2139 3653 2203 potestatem.
3675 2139 3848 2196 Minor
3867 2155 4004 2199 con-

2401 2210 2531 2277 stat,
2556 2208 2777 2279 quando
2802 2217 3177 2274 necessarium
3197 2225 3285 2276 est
3306 2236 3469 2294 agere
3488 2226 3869 2296 periculosum
3892 2231 4007 2288 bel-

2399 2292 2513 2351 lum
2542 2295 2609 2352 ad
2636 2296 3029 2360 defendendam
3070 2308 3490 2380 rempublicam,
3523 2314 3607 2370 vel
3644 2332 4001 2386 perseverare

2397 2388 2643 2456 tempore
2671 2391 2843 2458 pestis
2870 2390 2924 2446 in
2953 2391 3134 2466 aliquo
3166 2395 3286 2454 loco
3318 2398 3383 2454 ad
3412 2404 3815 2476 procurandam
3848 2422 4003 2465 com-

2397 2485 2621 2529 munem
2648 2476 2908 2550 salutem,
2938 2481 3026 2538 vel
3053 2483 3096 2538 si
3122 2499 3348 2544 necesse
3376 2488 3467 2560 sit,
3500 2499 3724 2563 propter
3750 2496 3871 2554 fidei
3902 2497 4001 2554 ho·
4112 2539 4117 2542 -

2395 2575 2587 2618 norem
2617 2563 2819 2638 aliquid
2850 2583 3011 2641 agere
3040 2587 3173 2629 cum
3196 2575 3331 2633 vitae
3352 2576 3683 2638 discrimine.
3712 2585 3882 2642 Maior
3900 2602 4001 2644 au-

2394 2653 2504 2705 tem
2533 2666 2631 2722 per
2660 2669 2718 2710 se
2746 2661 2870 2712 nota
2903 2658 3115 2716 videtur
3137 2678 3202 2718 ex
3227 2667 3492 2739 terminis,
3519 2671 3647 2742 quia
3668 2671 3809 2728 alias
3826 2674 3999 2733 insul*-

2393 2737 2637 2796 iicienter
2663 2747 2947 2812 provisum
2974 2755 3124 2807 esset
3142 2753 3523 2825 gubernationi
3540 2766 3599 2817 et
3620 2768 3997 2822 conservatio·

2392 2826 2447 2881 ni
2474 2827 2827 2899 reipublicae.
2859 2835 2966 2893 Sed
2995 2838 3103 2894 dici
3132 2847 3331 2914 potest,
3362 2845 3417 2900 in
3444 2844 3527 2902 his
3555 2849 3777 2908 casibus
3822 2852 3995 2926 legem

2394 2917 2706 2976 naturalem
2733 2920 2999 2997 obligare,
3028 2933 3086 2983 et
3110 2929 3235 2986 ideo
3264 2947 3371 2988 non
3396 2949 3518 2990 esse
3548 2935 3689 2994 hanc
3714 2940 3997 3014 obligatio-
4096 2936 4106 2945 ⁸

2393 3014 2519 3059 nem
2546 3011 2820 3081 praecepti
2848 3011 3087 3085 humani,
3118 3016 3213 3074 sed
3241 3023 3401 3093 quasi
3424 3026 3765 3084 coactionem
3788 3031 3856 3087 ad
3878 3048 3997 3089 ser-

2395 3091 2627 3151 vandam
2666 3100 2971 3158 naturalem
3000 3102 3408 3180 obligationem.
3453 3114 3839 3186 Respondetur
3884 3123 3993 3192 pri-

2392 3196 2503 3252 mo,
2536 3182 2667 3243 licet
2691 3187 2920 3247 sortasse
2945 3202 3305 3268 praeceptum
3336 3202 3584 3259 naturale
3614 3209 3749 3262 tunc
3790 3207 3995 3283 obligat

2392 3273 2788 3343 rempublicam
2818 3280 2901 3337 vel
2929 3283 3077 3340 cives
3099 3285 3154 3340 in
3178 3291 3478 3360 communi,
3503 3308 3611 3349 non
3636 3299 3816 3353 tamen
3840 3298 3989 3358 hunc

2391 3360 2479 3417 vel
2516 3361 2667 3420 illum
2696 3365 3072 3445 determinate3
3118 3389 3247 3448 ergo
3288 3379 3561 3451 applicare
3602 3383 3988 3458 obligationem

2390 3449 2458 3506 ad
2488 3449 2587 3507 has
2615 3453 2699 3511 vel
2726 3454 2845 3513 illas
2872 3474 3157 3536 personas,
3188 3471 3275 3523 est
3302 3472 3590 3539 potestatis
3614 3473 3908 3549 humanae,
3932 3485 3990 3537 et

2385 3541 2460 3596 ita
2488 3540 2563 3599 ibi
2588 3545 2877 3604 intervenit
2898 3563 3088 3607 verum
3110 3564 3473 3628 praeceptum
3498 3559 3820 3622 humanum.
3845 3569 3989 3624 Dici-

2385 3645 2513 3686 mus
2534 3632 2719 3706 etiam,
2746 3651 2855 3692 non
2877 3653 3093 3711 semper
3114 3656 3235 3699 esse
3254 3652 3461 3704 certam
3482 3650 3869 3725 obligationem
3894 3675 3985 3714 na·

2384 3719 2642 3793 turalem,
2672 3724 2768 3782 sed
2797 3741 2957 3798 saepe
2984 3743 3109 3786 esse
3136 3749 3299 3804 posse
3324 3752 3441 3795 rem
3464 3738 3685 3799 dubiam
3708 3751 3765 3802 et
3783 3745 3985 3819 depen-

2382 3806 2601 3866 dentem
2630 3827 2699 3869 εκ
2728 3812 2931 3872 iudicio
2972 3818 3313 3894 prudentiae,
3345 3841 3413 3881 an
3443 3828 3659 3888 scilicet
3698 3840 3980 3896 communi

2382 3895 2523 3952 bono
2548 3899 2817 3976 expediat,
2849 3902 2955 3960 hoc
2987 3905 3070 3962 vel
3100 3907 3195 3966 illo
3222 3911 3399 3969 medio
3430 3917 3507 3972 uti
3536 3932 3667 3976 cum
3697 3927 3847 3980 tauto
3890 3942 3979 3996 pe·
4024 3930 4029 3938 ’

2380 3984 2587 4058 riculo:
2618 3994 2753 4044 tunc
2794 3999 2976 4050 autem
3018 3996 3409 4059 interveniente
3448 4005 3651 4064 iudicio
3692 4012 3975 4088 principis,

2381 4089 2481 4130 seu
2510 4075 2754 4149 praelati,
2785 4081 3059 4155 cuiusque
3089 4085 3380 4162 praecepto
3408 4093 3687 4153 inducitur
3706 4109 3858 4158 certa
3880 4105 3977 4159 ob-

2380 4163 2605 4238 ligatio,
2637 4182 2779 4239 quae
2816 4183 2921 4226 non
2952 4179 3133 4243 potest
3167 4175 3274 4233 dici
3305 4179 3435 4254 legis
3464 4191 3722 4258 naturae,
3752 4191 3851 4248 sed
3874 4191 3976 4248 hu-

2385 4269 2599 4310 manae.
2630 4256 2701 4312 Et
2726 4259 3084 4318 confirmatur
3112 4265 3359 4336 tandem,
3390 4274 3519 4342 quia
3559 4273 3645 4332 hic
3686 4284 3849 4336 actus
3890 4289 3977 4340 est

2382 4342 2733 4415 fortitudini83
2766 4361 2895 4420 ergo
2923 4349 2968 4405 si
2995 4356 3340 4413 necessarius
3379 4361 3450 4417 sit
3476 4364 3843 4440 reipublicae,
3888 4372 3974 4428 vel

2374 4432 2529 4490 valde
2558 4437 2907 4510 conveniens,
2940 4448 3124 4510 potest
3151 4442 3236 4500 lex
3259 4445 3495 4506 humana
3516 4451 3667 4510 illum
3693 4461 3975 4532 praecipe-

2372 4537 2455 4596 re;
2484 4539 2610 4580 nam
2640 4524 2877 4584 bumana
2904 4527 2988 4586 lex
3018 4533 3171 4590 circa
3208 4542 3369 4593 actus
3409 4543 3657 4600 omnium
3697 4547 3971 4606 virtutum

2374 4620 2651 4686 versatur,
2681 4621 2745 4672 ut
2771 4616 2823 4672 in
2852 4618 3228 4690 superioribus
3250 4624 3546 4684 docuimus
3566 4647 3699 4688 cum
3720 4636 3889 4694 Arist.
3909 4643 3963 4694 3.

2372 4701 2569 4759 Etmc.
2602 4705 2697 4775 qui
2726 4704 2779 4760 in
2808 4707 2989 4777 specie
3017 4707 3261 4782 loquitur
3286 4712 3355 4770 de
3383 4723 3515 4773 actu
3543 4718 3899 4780 fortitudinis.

2444 4793 2499 4848 4.
2533 4791 2665 4848 Dico
2694 4793 2961 4866 secundo,
2986 4795 3161 4870 legem
3182 4800 3476 4862 humanam
3500 4812 3634 4865 tunc
3658 4812 3890 4870 maxime
3910 4823 3969 4872 et

2364 4880 2522 4952 quasi
2551 4894 2647 4950 per
2676 4896 2735 4937 se
2766 4883 3009 4956 obligare
3036 4901 3167 4945 cum
3194 4891 3441 4959 periculo
3464 4895 3627 4970 vitae,
3654 4900 3878 4971 quando
3902 4904 3969 4960 il-

2363 4968 2458 5026 lud
2484 4969 2789 5040 periculum
2818 4988 2916 5044 per
2944 4989 3001 5030 se
3028 4980 3115 5030 est
3140 4991 3413 5038 annexum
3454 4999 3553 5041 seu
3594 4989 3960 5050 coniunctum

2362 5059 2512 5120 actui
2541 5069 2858 5134 praecepto,
2889 5061 2938 5118 si
2961 5063 3164 5138 alioqui
3192 5065 3278 5126 lex
3306 5071 3451 5128 iusta
3478 5075 3569 5143 sit,
3598 5082 3661 5133 ut
3683 5085 3963 5150 praesumi

2360 5146 2546 5218 debet,
2578 5148 2797 5222 quando
2828 5153 3139 5224 oppositum
3168 5171 3279 5234 non
3307 5163 3634 5222 constiterit.
3676 5167 3963 5230 Declarari
