4325 6267
1856 372 2067 421 CAPUT
2095 374 2145 420 1.

376 492 738 564 magistratus
774 491 949 549 civilis
991 492 1335 549 necessarius
1362 499 1452 549 est
1477 492 1530 549 in
1561 492 1847 566 republica
1866 536 1881 564 ,
1909 494 1980 554 ‚ad

376 582 671 655 regendam
708 587 766 637 et
799 579 1189 637 moderandam
1217 580 1398 655 illam,
1430 588 1494 638 ut
1523 582 1573 637 in
1603 583 1981 654 superioribus

376 675 662 726 ostensum
692 677 796 737 est,
828 668 922 725 sed
952 685 1097 726 unus
1124 684 1189 726 ex
1222 670 1437 727 actibus
1463 672 1633 743 magis
1653 672 1977 727 necessariis

373 764 463 814 est
494 758 628 831 legis
656 757 923 828 conditio,
955 763 1017 813 ut
1044 764 1267 814 constat
1292 774 1361 814 ex
1392 757 1485 814 lib.
1518 760 1571 831 ¹3
1602 775 1737 832 ergo
1764 762 1819 815 in
1850 760 1983 833 poli-

376 846 489 902 tico
530 846 852 918 magistratu
890 846 1077 902 existit
1116 846 1249 903 haec
1294 852 1555 918 potestas.
1596 849 1733 904 Nam
1763 851 1862 921 qui
1890 848 1985 905 ali-

374 934 527 1008 quod
556 950 759 992 munus
781 936 995 1007 recipit,
1018 952 1233 991 omnem
1259 942 1589 1007 potestatem
1612 938 1983 993 necessariam

375 1024 450 1081 ad
499 1024 633 1081 illud
680 1027 1065 1081 convenienter
1098 1024 1485 1081 exercendum
1534 1027 1760 1097 recipit,
1808 1032 1871 1083 ut
1896 1032 1982 1082 est

376 1112 704 1186 principium
740 1115 879 1169 iuris
908 1130 1005 1186 per
1032 1129 1091 1169 se
1120 1114 1494 1171 manifestum.

458 1206 513 1260 1.
542 1206 723 1275 Atque
760 1202 885 1258 hinc
927 1204 1202 1276 sequitur,
1233 1204 1395 1259 etiam
1424 1206 1669 1259 converti
1715 1202 1859 1260 hanc
1889 1220 1985 1275 po·

378 1299 634 1350 testatem
666 1291 935 1349 condendi
965 1292 1113 1365 leges
1140 1292 1407 1349 humanas
1438 1308 1568 1349 eum
1597 1293 1837 1349 humano
1868 1308 1981 1349 ma-

380 1382 641 1454 gistratu,
670 1382 767 1454 qui
792 1380 1217 1439 iurisdictionem
1248 1382 1591 1454 superiorem
1621 1384 1673 1438 in
1696 1382 1978 1455 republica

380 1470 597 1527 babeat.
628 1472 745 1526 Hoc
774 1476 997 1527 constat
1020 1486 1088 1527 ex
1114 1469 1279 1528 dictis
1306 1487 1474 1543 supra
1498 1472 1593 1528 lib.
1627 1473 1672 1546 1,
1704 1473 1980 1544 cap.V111,

377 1561 469 1618 ubi
512 1559 885 1632 ostendimus,
926 1560 1068 1617 hanc
1106 1567 1433 1633 potestatem
1462 1562 1737 1633 pertinere
1766 1562 1831 1617 ad
1862 1577 1981 1633 per-

377 1650 579 1706 sectam
611 1648 1075 1720 iurisdictionem,
1106 1666 1249 1723 quae
1279 1652 1457 1706 omnia
1485 1650 1573 1707 hie
1604 1657 1735 1707 sunt
1762 1666 1981 1707 accom-

378 1737 669 1794 modanda.
719 1739 789 1795 Et
830 1737 1207 1795 universaliter
1248 1739 1589 1811 procedunt,
1631 1739 1757 1812 quia
1800 1738 1979 1795 solum

378 1826 525 1897 apud
559 1828 859 1899 principem
889 1832 991 1883 seu
1016 1828 1399 1900 magistratum
1424 1837 1510 1886 est
1538 1835 1779 1900 potestas
1802 1828 1982 1900 publi·

377 1930 477 1989 ca,
507 1930 651 1989 quae
680 1916 747 1973 ad
777 1922 963 1972 actum
994 1916 1279 1988 publicum
1309 1918 1615 1988 ordinetur,
1645 1923 1701 1974 et
1726 1918 1875 1974 circa
1900 1923 1985 1973 to-

381 2010 492 2060 tam
534 2005 982 2061 communitatem
1024 2014 1300 2077 versetur,
1344 2014 1400 2064 et
1442 2006 1637 2063 habeat
1672 2006 1983 2064 efficaciam

378 2090 652 2164 obligandi
689 2100 748 2150 et
772 2092 1009 2166 cogendi
1025 2114 1041 2165 3
1076 2094 1175 2151 sed
1213 2095 1348 2152 haec
1376 2096 1487 2152 duo
1514 2105 1647 2154 sunt
1675 2096 1985 2152 necessaria

376 2180 445 2237 ad
476 2182 673 2256 legem,
706 2184 857 2239 iuxta
889 2185 1121 2241 Aristot.
1166 2190 1249 2241 lo.
1284 2187 1477 2243 Echio.
1510 2202 1637 2258 cap.
1671 2186 1774 2242 ult.
1805 2191 1861 2242 et
1888 2201 1982 2241 su-

381 2273 553 2328 mitur
580 2287 645 2329 ex
678 2273 710 2328 l.
745 2270 890 2346 leqis
928 2275 1152 2341 virtus,
1190 2274 1245 2330 θ’.
1278 2274 1345 2331 de
1376 2275 1539 2348 legib.
1572 2279 1709 2331 etin
1737 2277 1985 2347 superio-

380 2361 535 2417 ribus
576 2361 739 2417 etiam
778 2368 1059 2419 ostensum
1102 2370 1220 2436 est,
1260 2380 1393 2437 ergo
1441 2365 1593 2421 solus
1632 2366 1985 2437 magistratus

384 2448 587 2507 habens
633 2456 959 2522 potestatem
998 2452 1339 2524 superiorem
1382 2452 1434 2508 in
1476 2452 1789 2524 republica,
1822 2453 1987 2511 babet

381 2540 547 2595 etiam
584 2545 913 2611 potestatem
948 2539 1217 2597 condendi
1254 2541 1429 2613 legem
1458 2541 1751 2597 humanam
1781 2556 1880 2598 seu
1909 2543 1987 2598 ci-

384 2628 561 2685 vilem.
604 2630 850 2702 Denique
891 2630 1026 2686 haec
1068 2636 1312 2702 potestas
1353 2632 1607 2702 superior
1647 2638 1735 2687 est
1775 2632 1987 2702 species

382 2716 671 2775 cuiusdam
719 2717 977 2790 dominii3
1018 2736 1123 2775 non
1175 2726 1262 2776 est
1306 2728 1491 2776 autem
1536 2720 1639 2776 tale
1676 2720 1982 2776 dominium

384 2804 515 2876 hoc,
544 2813 607 2863 ut
633 2808 681 2863 ei
702 2807 1032 2879 respondeat
1050 2812 1273 2882 propria
1296 2810 1534 2866 servitus
1556 2808 1862 2880 despotica,
1888 2808 1985 2864 sed

382 2894 649 2952 subiectio
698 2895 903 2968 civilis,
942 2912 1077 2969 ergo
1115 2903 1201 2953 est
1235 2897 1539 2955 dominium
1566 2896 1983 2969 iurisdictionis,

380 2983 545 3057 quale
570 2990 657 3041 est
682 2984 735 3041 in
766 2986 1007 3057 principe
1034 3002 1133 3043 seu
1163 3002 1315 3060 rege.

464 3078 519 3131 8.
552 3072 783 3140 Quidam
824 3080 1007 3130 autem
1046 3074 1339 3146 iurisperiti
1370 3074 1474 3132 hoc
1503 3074 1770 3147 limitent,
1802 3081 1866 3131 ut
1894 3091 1985 3131 ve-

383 3177 511 3217 rum
543 3161 743 3219 habeat
763 3162 813 3217 in
837 3162 1049 3235 legibus
1071 3163 1204 3219 iuris
1225 3166 1535 3220 communis
1558 3178 1656 3220 seu
1678 3164 1849 3236 regni,
1875 3179 1981 3219 non

384 3250 436 3304 in
477 3248 703 3323 legibus,
732 3251 1151 3323 municipalibus
1189 3267 1287 3309 seu
1318 3252 1536 3309 statutis
1564 3252 1983 3324 particularium

386 3336 752 3410 populorum,
800 3346 860 3398 ut
901 3339 1085 3397 videre
1125 3340 1257 3398 licet
1297 3358 1394 3413 per
1432 3341 1715 3414 Felinum‚
1752 3348 1809 3399 et
1844 3357 1985 3415 quos

384 3427 500 3497 ipse
528 3428 697 3485 refert
722 3428 775 3483 in
802 3444 929 3501 cap.
970 3432 1123 3487 Cum
1151 3446 1373 3498 omnes,
1400 3432 1467 3489 de
1494 3431 1715 3487 constit.
1750 3448 1806 3487 n.
1840 3434 1895 3489 9.
1926 3437 1984 3487 et

394 3520 482 3573 10.
528 3518 583 3572 in
623 3518 747 3573 fine.
780 3519 1135 3589 Fundantur,
1165 3519 1296 3592 quia
1324 3519 1529 3575 multae
1558 3521 1984 3576 communitates

386 3605 589 3662 babent
630 3613 954 3677 potestatem
995 3607 1261 3665 condendi
1304 3614 1543 3681 statuta,
1584 3624 1725 3681 quae
1754 3625 1861 3665 non
1892 3609 1988 3666 ha·

386 3693 519 3749 bent
543 3694 1003 3751 iurisdictionem.
1034 3696 1354 3753 confirmari
1384 3702 1583 3769 potest,
1614 3698 1742 3770 quia
1770 3698 1891 3754 iura
1910 3698 1985 3753 ci-

386 3781 515 3839 vilia
542 3798 705 3855 saepe
730 3783 1076 3856 distinguunt
1100 3784 1535 3842 iurisdictionem
1564 3786 1631 3841 ab
1654 3787 1905 3858 imperio,
1930 3786 1983 3843 id

386 3878 529 3929 esta
556 3879 824 3945 potestate
847 3874 1169 3945 imperandi,
1196 3882 1259 3931 ut
1281 3874 1451 3931 videri
1476 3882 1655 3945 potest
1674 3878 1730 3931 iu
1752 3875 1859 3948 leg.
1885 3891 1979 3938 ea.

388 3975 567 4033 quae,
609 3962 664 4018 ff.
694 3961 762 4019 ad
792 3962 1195 4039 municipalem,
1224 3970 1284 4020 et
1309 3963 1361 4018 in
1388 3963 1425 4019 l.
1456 3966 1791 4037 imperium,
1830 3965 1884 4019 ff.
1916 3964 1985 4021 de

386 4051 655 4108 iurisdict.
690 4068 839 4109 omn.
870 4050 1033 4108 iudic.
1061 4052 1149 4109 lex
1179 4057 1363 4109 autem
1392 4053 1612 4123 proprie
1642 4054 1880 4123 pertinet
1916 4053 1986 4109 ad

391 4146 713 4211 potestatem
744 4140 1068 4213 imperandi,
1100 4147 1164 4197 ut
1191 4141 1347 4197 facile
1376 4140 1596 4214 intelligi
1618 4148 1801 4212 potest
1817 4157 1883 4198 ex
1906 4142 1985 4197 di-

391 4230 498 4287 ctis
526 4246 695 4302 supra
725 4229 793 4286 de
819 4230 1054 4287 essentia
1082 4230 1243 4303 legis,
1274 4246 1405 4303 ergo
1435 4235 1673 4302 potestas
1696 4246 1792 4302 per
1815 4246 1873 4287 se
1894 4246 1989 4287 ne-

392 4322 637 4376 cessaria
667 4319 733 4377 ad
765 4320 939 4392 legem
968 4335 1074 4376 non
1105 4326 1187 4375 est
1212 4318 1539 4377 iurisdictio:

468 4407 852 4479 Respondetur
877 4404 1272 4480 nibilominus,
1314 4424 1418 4464 non
1460 4423 1581 4463 esse
1622 4400 1987 4465 necessariam

392 4498 793 4571 limitationem,
830 4498 931 4554 nisi
962 4499 1191 4555 fortasse
1218 4500 1273 4553 in
1302 4498 1541 4553 terminis
1570 4498 1642 4554 sit
1662 4498 1991 4571 aequivoca-

394 4587 499 4659 tio;
530 4589 772 4645 rationes
801 4588 943 4644 euim
972 4587 1149 4643 tactae
1179 4586 1561 4644 universaliter
1588 4594 1645 4643 et
1666 4588 1781 4644 sine
1803 4588 1991 4644 restri-

300 4719 303 4722 -
394 4678 579 4733 ctione
606 4676 862 4748 probant.
896 4678 965 4732 Et
991 4675 1301 4733 declaratur
1328 4692 1393 4733 ex
1422 4675 1478 4733 d.
1510 4676 1715 4732 Thema
1743 4676 1795 4731 in
1825 4680 1883 4734 2.
1915 4681 1946 4735 2
1971 4718 1986 4749 ,

394 4782 450 4839 q.
485 4769 579 4839 67,
608 4766 771 4822 artic·
814 4770 863 4836 l,
897 4766 988 4822 ubi
1016 4765 1233 4838 probat,
1264 4764 1332 4821 ad
1360 4764 1634 4821 serendam
1664 4765 1987 4823 sententiam

394 4870 517 4912 esse
556 4854 921 4912 necessariam
961 4852 1386 4911 iurisdictionem
1412 4869 1478 4911 ex
1510 4870 1599 4926 eo,
1637 4854 1789 4927 quod
1816 4855 1884 4912 ad
1914 4854 1989 4911 le-

394 4960 517 5018 gem
558 4950 643 5001 est
683 4944 1022 5016 necessaria,
1053 4944 1186 5016 quia
1214 4944 1571 5001 sententia'et
1595 4950 1683 4999 est
1710 4944 1795 4999 lex
1824 4946 1990 5016 parti-

396 5032 634 5103 cularis,
676 5039 736 5090 et
776 5034 883 5088 vim
922 5032 1087 5089 habet
1126 5032 1518 5104 coercitivam3
1557 5047 1691 5105 ergo
1718 5048 1749 5088 a
1778 5032 1990 5089 fortiori

396 5121 673 5195 quaelibet
712 5122 797 5177 lex
834 5122 1190 5194 quantumvis
1218 5121 1566 5193 particularis
1598 5121 1880 5195 videatur,
1912 5122 1989 5177 iu-

398 5209 779 5269 risdictionem
810 5209 1061 5285 requirit.
1090 5210 1229 5277 Quia
1268 5225 1547 5283 nunquam
1576 5216 1661 5267 est
1690 5216 1799 5267 tam
1828 5212 1991 5283 parti-

3445 349 3570 411 163

2052 495 2282 568 cularis,
2318 501 2588 568 quantum
2617 502 2702 551 est
2729 495 3017 565 sententia,
3041 499 3100 549 et
3124 506 3340 563 semper
3362 490 3541 560 habet,
3567 492 3650 545 vel

2053 584 2258 640 habere
2282 584 2448 640 debet
2473 585 2788 640 adiunctam
2815 584 3230 650 coercitionem,
3261 586 3320 637 ut
3343 585 3564 636 constat
3583 594 3651 635 ex

2052 673 2220 729 Arist.
2257 688 2446 744 supra,
2477 679 2535 729 et
2561 688 2626 728 ex
2655 672 2814 728 dictis
2845 671 3057 727 iuribus
3079 709 3094 740 ,
3125 670 3252 742 quia
3283 671 3362 725 vis
3389 668 3657 725 directiva

2051 762 2165 818 sive
2205 762 2504 818 coercitiva
2546 759 2776 816 invalida
2805 767 2908 815 est.
2941 758 3097 827 Quod
3125 766 3310 815 autem
3340 757 3407 814 ad
3435 765 3652 815 senten-

2053 853 2182 909 tiam
2207 850 2484 908 serendam
2509 852 2824 924 requiratur
2843 848 3171 917 iurisdictio,
3202 847 3386 904 nullus
3412 863 3656 919 unquam

2053 940 2343 997 dubitavit.
2388 939 2542 995 Unde
2585 938 2974 1008 confirmatur,
3019 952 3148 992 nam
3184 938 3228 992 si
3257 936 3323 993 ad
3353 935 3651 993 dicendum

2054 1029 2141 1085 ius
2184 1029 2493 1085 necessaria
2533 1034 2622 1085 est
2658 1024 2989 1097 iurisdictio,
3022 1024 3195 1082 multo
3227 1026 3394 1097 magis
3425 1028 3490 1081 ad
3520 1041 3654 1081 con·

2057 1116 2417 1174 stituendum.

2136 1210 2193 1265 9.
2226 1205 2306 1264 Ad
2335 1205 2756 1262 fundamentum
2784 1211 2968 1261 autem
2997 1203 3218 1259 illorum
3250 1209 3540 1261 auctorum
3566 1220 3661 1260 ne-

2054 1294 2173 1367 gari
2218 1300 2401 1365 potest
2441 1299 2824 1365 assumptum,
2869 1293 2996 1365 quia
3038 1293 3122 1349 vel
3161 1299 3366 1349 statuta
3393 1309 3499 1349 non
3529 1301 3661 1349 sunt

2057 1397 2222 1439 verae
2249 1381 2422 1455 leges,
2453 1381 2538 1437 vel
2570 1381 2686 1437 sine
2716 1380 3088 1438 iurisdictione
3114 1398 3220 1438 non
3250 1382 3407 1451 fiunt,
3439 1382 3504 1437 de
3531 1384 3656 1455 qui-

2055 1472 2159 1529 bus
2185 1472 2345 1543 plura
2367 1472 2418 1527 in
2441 1471 2821 1543 sequentibus.
2847 1472 3006 1528 Circa
3028 1472 3493 1528 confirmationem
3515 1474 3662 1543 (pro-

2056 1569 2180 1635 pter
2202 1561 2352 1635 leges
2373 1562 2424 1617 in
2445 1576 2510 1617 ea
2533 1559 2758 1633 citatas)
2782 1560 3027 1631 adverto,
3050 1560 3478 1620 iurisdictionem
3501 1560 3661 1617 adae-

2054 1658 2224 1725 quate
2251 1657 2306 1707 et
2333 1651 2547 1723 proprie
2576 1656 2853 1721 sumptam
2879 1652 3182 1721 significare
3205 1657 3538 1721 potestatem
3563 1650 3660 1707 do-

2060 1742 2370 1799 minativum
2414 1740 2690 1813 politicam
2709 1779 2725 1809 ,
2771 1755 2870 1795 seu
2899 1740 3313 1812 gubernativam
3335 1780 3350 1810 ,
3381 1738 3661 1812 quomodo

2054 1830 2123 1888 de
2165 1829 2258 1885 illa
2301 1845 2449 1885 nunc
2487 1828 2785 1901 loquimur.
2825 1828 2896 1884 Et
2934 1830 2988 1883 in
3019 1828 3122 1884 hac
3153 1828 3538 1900 significatione
3565 1830 3654 1884 iu-

2055 1918 2300 1976 risdictio
2329 1920 2623 1975 intrinsece
2651 1916 2951 1974 includitur
2979 1916 3030 1972 in
3059 1918 3284 1988 imperio
3315 1916 3562 1989 politico,
3585 1934 3652 1973 ne

2055 2000 2400 2086 'tyrannicum
2423 2006 2512 2069 sit,
2529 2011 2854 2078 argumento
2882 2021 3007 2077 cap.
3042 2004 3206 2081 Quid
3225 2004 3522 2079 culpatur,
3555 2012 3654 2078 23,

2056 2114 2113 2170 q.
2154 2099 2205 2167 l,
2230 2096 2320 2152 ubi
2343 2110 2605 2167 suprema
2629 2099 2870 2167 potestas
2893 2094 3238 2167 gubernandi
3262 2095 3657 2165 rempublicam

2054 2185 2395 2259 leqittmum
2432 2186 2754 2257 imperium
2792 2182 3127 2255 appellatur,
3156 2192 3212 2239 et
3240 2185 3393 2241 iuxta
3421 2184 3657 2257 gradum

2054 2280 2111 2331 et
2139 2274 2366 2331 modum
2394 2274 2601 2344 imperii
2629 2272 2734 2329 erit
2760 2273 2922 2329 etiam
2950 2271 3154 2343 gradus
3183 2279 3240 2329 et
3267 2272 3466 2329 modus
3494 2274 3658 2330 iuris-

2055 2363 2334 2420 dictionis.
2367 2361 2671 2435 Aliquando
2710 2376 2839 2417 vero
2877 2360 3174 2418 iurisdictio
3203 2364 3438 2419 sumitur
3467 2362 3659 2419 stricte

2057 2454 2208 2509 iuxta
2235 2452 2468 2507 nominis
2495 2448 2882 2524 etymologiam
2915 2465 3014 2521 pro
3043 2466 3193 2506 mera
3225 2456 3492 2521 potestate
3517 2450 3654 2508 iudi·

2056 2539 2246 2611 candi3
2291 2553 2416 2595 nam
2457 2553 2554 2611 per
2585 2537 2908 2594 sententiam
2937 2539 3154 2609 proprie
3183 2536 3410 2609 dicitur,
3441 2555 3539 2596 seu
3566 2555 3662 2595 ex·

2049 2627 2293 2708 ⁶plicatur
2331 2629 2416 2684 ius
2435 2669 2450 2697 ,
2481 2635 2538 2683 et
2565 2626 2672 2683 boc
2701 2625 2868 2683 modo
2897 2644 3003 2683 non
3035 2633 3308 2701 repugnat
3332 2644 3452 2685 esse
3482 2629 3533 2684 in
3562 2629 3659 2685 ali-

2057 2733 2169 2792 quo
2210 2723 2541 2790 potestatem
2582 2716 2860 2774 iudicandi
2900 2718 3017 2774 sine
3046 2724 3312 2789 potestate
3341 2718 3547 2775 serendi
3579 2718 3652 2775 le-

2055 2822 2202 2880 gem3
2227 2808 2479 2879 quamvis
2497 2822 2778 2879 nunquam
2800 2807 2870 2864 sit
2889 2807 3005 2863 sine
3020 2808 3200 2879 aliqua
3214 2813 3484 2879 potestate
3499 2824 3657 2866 coer·

2058 2897 2248 2969 citiva,
2277 2911 2418 2967 quae
2446 2898 2666 2951 nomine
2694 2896 2898 2966 imperii
2929 2897 3122 2952 stricte
3148 2897 3310 2953 etiam
3339 2898 3542 2969 sumpti
3573 2900 3651 2953 vi-

2055 2982 2222 3041 detur
2260 2983 2554 3056 aliquando
2592 2982 2904 3055 significari.
2951 2982 3106 3039 Unde
3143 2999 3172 3038 e
3201 2988 3480 3042 contrario
3507 2993 3661 3057 pote-

2056 3079 2171 3130 stas
2210 3073 2589 3145 magistratus,
2625 3087 2767 3144 quae
2795 3071 2862 3127 ad
2892 3071 3210 3148 vindicanda
3239 3074 3466 3131 crimina
3491 3074 3656 3132 datur

2058 3177 2238 3234 usque
2277 3161 2344 3217 ad
2385 3176 2612 3233 poenam
2643 3161 2920 3231 sanguinis
2945 3202 2958 3231 ,
2989 3159 3130 3217 solet
3156 3161 3209 3216 in
3235 3164 3358 3219 iure
3387 3162 3530 3219 civili
3559 3179 3651 3220 vo·

2055 3253 2171 3308 cari
2202 3257 2417 3308 tantum
2443 3249 2758 3321 imperium,
2787 3256 2846 3305 et
2870 3250 2946 3306 ita
2977 3248 3191 3306 videtur
3218 3251 3394 3321 accipi
3416 3254 3468 3306 in
3491 3250 3654 3309 dietis

2055 3341 2290 3415 legibus,
2321 3345 2377 3397 et
2404 3340 2455 3395 in
2484 3340 2524 3395 l.
2544 3340 2876 3414 potestati-5,
2915 3338 2968 3395 ff.
3002 3337 3068 3395 de
3099 3341 3250 3396 verb.
3288 3340 3570 3411 siguificat.
3596 3348 3653 3397 et

2056 3437 2194 3486 tunc
2217 3428 2358 3485 solet
2380 3428 2564 3485 vocari
2586 3442 2802 3484 merum
2823 3427 3134 3499 imperium,
3160 3426 3198 3483 l.
3225 3433 3282 3499 2,
3306 3443 3438 3483 cum
3453 3429 3648 3485 Glossa

2054 3519 2145 3589 ibi,
2179 3518 2234 3575 ff.
2265 3517 2332 3574 de
2361 3517 2412 3573 in
2441 3518 2528 3574 ius
2558 3531 2756 3572 vocau.
2789 3531 2922 3572 eum
2949 3516 3236 3587 similibus,
3269 3515 3400 3573 licet
3425 3532 3483 3573 re
3515 3532 3644 3573 vera

2056 3606 2163 3663 tale
2199 3605 2490 3677 imperium
2528 3604 2642 3660 sine
2672 3610 2943 3676 potestate
2972 3605 3363 3660 iurisdictionis
3390 3620 3514 3661 esse
3541 3623 3650 3663 non

2056 3698 2230 3767 possit
2250 3738 2265 3763 ,
2310 3695 2456 3752 sicut
2487 3711 2518 3751 e
2548 3696 2824 3751 contrario
2854 3710 2954 3751 nec
2985 3694 3289 3751 iurisdictio
3319 3709 3438 3752 esse
3469 3702 3652 3767 potest

2056 3786 2174 3841 sine
2201 3783 2384 3858 aliquo
2409 3784 2657 3855 imperio,
2693 3785 2842 3841 iuxta
2873 3784 2909 3841 l.
2946 3783 3044 3840 ult.
3079 3784 3133 3839 ss'.
3168 3784 3234 3840 de
3262 3800 3351 3856 eo,
3377 3786 3471 3841 cui
3495 3801 3647 3843 man-

2054 3873 2170 3930 dat.
2213 3879 2298 3929 est
2333 3872 2526 3929 iurisd.
2562 3872 2653 3928 ubi
2686 3871 2938 3929 mandata
2967 3870 3370 3943 iurisdictione,
3405 3874 3652 3931 mandari

2054 3960 2258 4019 dicitur
2298 3960 2520 4036 aliquod
2561 3961 2884 4032 imperium:
2937 3964 3100 4037 Quia
3137 3962 3478 4027 imsdictio
3527 3970 3651 4022 sine

2054 4051 2296 4109 modica
2320 4054 2669 4109 coercitione
2697 4048 2870 4107 mdia
2896 4056 3001 4107 est.
3036 4043 3182 4108 Haec
3211 4067 3341 4125 ergo
3369 4052 3482 4109 duo
3508 4056 3564 4109 in
3593 4070 3653 4109 re

2054 4157 2163 4197 non
2201 4146 2556 4213 separantur,
2596 4146 2811 4197 servata
2855 4142 3238 4211 proportione,
3269 4140 3362 4196 sed
3391 4141 3570 4198 solum
3598 4145 3653 4198 in

2058 4231 2242 4303 aliquo
2284 4245 2392 4286 usu
2423 4244 2646 4299 vocum,
2677 4236 2842 4302 atque
2869 4231 2941 4285 ita
2970 4235 3208 4300 potestas
3240 4229 3442 4285 ferendi
3475 4229 3646 4303 leges,

2057 4322 2206 4376 sicut
2239 4325 2328 4376 est
2362 4324 2602 4390 potestas
2645 4316 2976 4389 imperandi,
3020 4316 3096 4374 ita
3132 4318 3294 4373 etiam
3321 4325 3407 4375 est
3433 4318 3649 4376 iurisdi-

2057 4408 2256 4465 ctionis
2285 4414 2552 4479 potestas.
3287 4406 3296 4417 “

2142 4500 2234 4554 10.
2263 4496 2342 4552 Ad
2380 4497 2649 4552 rationem
2686 4510 2817 4567 ergo
2859 4493 3145 4552 dubitandi
3185 4502 3418 4569 negatur
3457 4513 3655 4553 conse-

2058 4586 2279 4660 quentia
2299 4628 2312 4655 ,
2343 4585 2470 4658 quia
2501 4584 2629 4641 licet
2655 4583 2818 4641 homo
2847 4600 2951 4641 non
2982 4584 3052 4640 sit
3079 4592 3301 4642 creatus
3322 4629 3336 4655 ,
3370 4587 3453 4642 vel
3482 4594 3646 4644 natus

2058 4675 2346 4732 subiectus
2372 4674 2621 4745 potestati
2651 4673 2906 4744 principis
2925 4673 3173 4743 humani,
3200 4681 3361 4731 natus
3381 4683 3469 4732 est
3489 4676 3658 4733 subii·

2060 4763 2229 4822 cibilis
2257 4764 2304 4819 ei
2333 4764 2346 4833 (
2373 4770 2434 4819 ut
2461 4764 2541 4817 sic
2573 4760 2749 4817 dicam
2775 4760 2812 4834 ).
2846 4760 2996 4818 Unde
3027 4770 3155 4818 actu
3187 4763 3258 4819 illi
3287 4763 3502 4835 subiici,
3529 4765 3660 4821 licet

2060 4870 2168 4910 non
2211 4854 2284 4909 sit
2317 4850 2628 4908 immediate
2667 4866 2696 4905 a
2734 4857 2965 4921 natura,
3010 4867 3116 4909 non
3157 4856 3246 4907 est
3269 4852 3433 4907 etiam
3461 4860 3659 4909 contra

2059 4947 2148 5000 ius
2176 4941 2425 4998 naturale
2456 4939 2824 5011 praecipiens3
2859 4939 2966 4995 imo
2997 4946 3080 4995 est
3107 4946 3538 4997 consentaneum
3569 4958 3656 4998 ra-

2061 5033 2190 5088 tioni
2220 5030 2472 5101 naturali,
2500 5037 2561 5085 ut
2581 5028 2818 5084 humana
2842 5028 3154 5101 respublica
3175 5029 3372 5086 habeat
3391 5029 3648 5102 aliquem,

2061 5125 2152 5180 cui
2191 5122 2542 5189 subiiciatur,
2573 5118 2822 5191 quamvis
2858 5117 3036 5189 ipsum
3075 5117 3322 5175 naturale
3363 5118 3446 5174 ius
3475 5134 3572 5189 per
3601 5136 3659 5177 se

2062 5228 2173 5270 non
2213 5210 2450 5268 ell'ecerit
2485 5208 2878 5265 subiectionem
2906 5206 3178 5279 politicam
3207 5206 3324 5263 sine
3351 5207 3659 5266 interventu
