4325 6267
832 316 956 381 254
1061 377 1068 392 ι
1105 289 1116 302 .

748 460 994 518 membro
1021 464 1234 518 tantum
1251 463 1336 516 est
1365 456 1544 530 aliqua
1567 455 1967 525 controversia,
1993 461 2179 512 cetera
2196 457 2336 514 enim

749 550 900 607 clara
927 557 1058 608 sunt
1087 565 1152 606 ex
1180 549 1365 606 dictis.
1397 549 1532 605 Nam
1559 547 1611 603 in
1639 547 1813 620 primo
1843 545 2004 604 modo
2031 545 2146 602 sine
2174 545 2339 604 dubio

745 644 832 698 lex
861 639 1065 713 obligat
1095 642 1148 696 in
1178 639 1536 708 conscientia,
1568 639 1696 710 quia
1727 654 1855 694 vera
1889 637 1972 694 lex
2009 644 2210 694 natura
2240 653 2343 696 sua

747 731 911 788 habet
951 731 1100 790 hunc
1139 731 1397 788 effectum
1420 772 1435 800 ,
1477 731 1522 785 si
1563 745 1674 786 non
1714 727 2074 800 excludatur3
2108 726 2251 786 unde
2278 745 2341 786 eo

629 843 634 850 ·
745 823 895 894 ipso,
939 820 1090 895 quod
1135 821 1358 879 intentio
1400 821 1575 877 l'ertur
1613 819 1680 876 ad
1711 834 1897 875 veram
1925 817 2131 891 legem,
2166 825 2222 876 et
2248 816 2338 876 hie

744 913 975 968 effeetus
1009 925 1120 967 non
1149 909 1491 979 excluditur,
1515 915 1600 966 est
1625 908 1965 965 sufficienter
1995 908 2257 978 intentus,
2286 914 2344 964 et

743 1002 983 1059 efficitur
1006 1017 1103 1074 per
1125 1001 1320 1073 legem.
1347 1001 1536 1074 Neque
1559 1006 1644 1057 est
1663 1015 1878 1070 semper
1899 998 2213 1056 necessaria
2233 998 2342 1055 l'or·

742 1093 900 1150 malis
934 1093 1157 1148 intentio
1186 1090 1455 1164 obligandi
1484 1091 1534 1146 in
1556 1091 1892 1146 conscientia
1910 1133 1924 1160 ,
1948 1087 2032 1144 vel
2056 1087 2160 1145 sub
2192 1103 2339 1145 mor-

745 1183 870 1254 tali,
916 1183 1023 1240 imo
1063 1197 1195 1238 vero
1237 1181 1340 1238 hoc
1379 1179 1464 1236 vix
1493 1180 1714 1236 venitin
1745 1185 1978 1236 mentem
2007 1177 2341 1252 legislatoris

745 1274 916 1331 civilis
936 1315 950 1344 ,
979 1277 1037 1330 et
1057 1271 1287 1328 maxime
1309 1273 1362 1328 in
1385 1269 1712 1340 infidelibus,
1737 1269 1802 1327 de
1824 1270 2022 1343 quibus
2041 1276 2130 1326 est
2147 1269 2341 1326 eadem

745 1364 909 1422 ratio.
945 1364 1080 1422 ltem
1123 1361 1266 1418 idem
1292 1367 1378 1418 est
1405 1362 1457 1417 in
1483 1367 1612 1418 voto
1639 1368 1692 1417 et
1722 1361 2109 1432 promissione,
2140 1360 2267 1432 quia
2295 1359 2339 1415 si

743 1454 903 1524 fiant,
939 1451 1118 1510 statim
1141 1450 1452 1523 obligantin
1481 1451 1845 1523 conscientia,
1870 1449 1999 1508 licet
2021 1449 2343 1522 promittens

743 1543 878 1600 nibil
916 1542 983 1600 de
1011 1543 1350 1599 conscientia
1377 1541 1727 1615 cogitaverit:
1757 1539 1899 1596 idem
1927 1555 2058 1613 ergo
2085 1544 2168 1596 est
2196 1539 2247 1596 in
2268 1539 2343 1596 le-

744 1649 840 1707 ge,
871 1647 1048 1706 neque
1083 1637 1170 1688 est
1198 1630 1305 1688 ulla
1333 1633 1505 1703 ratio,
1530 1646 1635 1688 cur
1661 1631 1970 1703 expressior
1996 1630 2222 1688 intentio
2251 1645 2343 1686 ne-

744 1724 982 1782 cessaria
1010 1724 1102 1778 sit.

817 1815 887 1871 Et
924 1813 1067 1871 idem
1123 1827 1254 1869 cum
1303 1812 1657 1884 proportione
1699 1817 1785 1868 est
1823 1809 2118 1868 dicendum
2159 1813 2218 1866 in
2258 1826 2343 1867 se-

743 1903 928 1961 cundo
967 1901 1128 1960 modo
1159 1903 1502 1973 intentionis3
1535 1917 1659 1959 nam
1687 1901 1759 1958 ibi
1787 1903 1949 1958 etiam
1974 1907 2060 1957 est
2084 1899 2343 1972 implicite

742 1995 950 2051 intenta
993 1994 1232 2066 gravitas
1274 1991 1641 2064 obligationis,
1679 1997 1737 2049 et
1763 2007 1872 2047 non
1898 1989 2228 2063 impeditur,
2260 1989 2343 2048 vel

748 2086 903 2142 aliter
934 2082 1250 2141 excluditur
1275 2082 1525 2139 efficacia
1549 2081 1694 2139 illius
1723 2082 2064 2155 intentionis,
2097 2097 2232 2155 ergo
2260 2096 2345 2138 sa-

748 2175 816 2232 tis
841 2179 949 2231 est.
981 2175 1052 2230 Et
1076 2171 1196 2229 ideo
1227 2188 1394 2244 supra
1415 2174 1747 2243 notavimus,
1774 2171 1924 2245 quod
1951 2171 1994 2227 si
2023 2172 2247 2229 materia
2274 2171 2343 2228 sit

746 2279 920 2336 capax
936 2305 951 2333 ,
974 2270 1028 2319 et
1057 2261 1142 2320 lex
1169 2261 1379 2319 seratur
1407 2261 1659 2320 absoluto
1683 2261 1848 2318 verbo
1873 2261 2265 2335 praecipiendi,
2288 2267 2345 2318 et

747 2370 878 2412 cum
909 2353 1064 2411 simili
1097 2353 1330 2410 confusa
1355 2352 1681 2424 intentione,
1709 2353 1962 2426 obligatio
1983 2360 2070 2409 est
2097 2350 2165 2408 ad
2194 2367 2339 2408 mor-

747 2447 880 2520 tale,
911 2449 1236 2520 argumento
1263 2442 1526 2500 Clement.
1559 2447 1781 2510 Excivit,
1817 2441 1966 2518 quod
1986 2443 2148 2504 etiam
2180 2440 2344 2500 tradit

747 2539 876 2594 Soto
900 2535 994 2593 lib.
1026 2539 1075 2594 1.
1103 2533 1174 2592 de
1195 2537 1385 2591 instit.
1415 2551 1470 2608 q.
1499 2538 1554 2607 6,
1581 2542 1685 2591 art.
1712 2540 1766 2595 4.
1794 2522 1987 2590 versus
2007 2534 2189 2606 finem,
2214 2533 2342 2606 quia

746 2629 794 2685 si
835 2626 1113 2700 legislator
1156 2626 1276 2682 vult
1314 2624 1590 2699 obligare,
1633 2632 1688 2683 et
1727 2641 1835 2682 non
1874 2624 2196 2681 determinat
2221 2640 2341 2681 mo-

746 2718 911 2786 dum,
955 2732 1023 2774 ex
1063 2717 1290 2773 materia
1323 2714 1749 2787 determinatur,
1779 2716 1908 2788 quia
1933 2716 1986 2771 in
2017 2729 2076 2770 re
2105 2728 2221 2772 non
2242 2729 2339 2785 po-

748 2814 858 2866 test
885 2809 998 2863 fieri
1027 2807 1140 2862 sine
1169 2806 1350 2878 aliqua
1377 2805 1854 2872 determinatione,
1879 2809 1933 2860 et
1955 2803 2088 2860 haec
2114 2819 2223 2859 non
2247 2818 2344 2876 po-

748 2905 854 2956 test
889 2895 1108 2954 aliunde
1148 2895 1288 2952 sumi
1301 2915 1316 2967 3
1362 2901 1498 2952 tunc
1539 2910 1673 2970 ergo
1704 2894 1822 2951 talis
1852 2889 2080 2950 intentio
2109 2893 2339 2967 sufficit,

743 2989 877 3063 quia
905 2986 1160 3044 materiae
1190 2984 1676 3059 accommodatur,
1703 3001 1766 3043 ac
1789 2985 2057 3060 perillam
2077 2983 2339 3044 determi-

746 3088 930 3136 natur.
1941 3081 1944 3091 '

821 3171 1110 3226 Praeterea
1150 3165 1292 3224 idem
1319 3165 1614 3248 dicendum
1643 3173 1728 3225 est
1755 3183 1885 3225 cum
1915 3168 2263 3240 proportione
2288 3167 2343 3223 in

747 3262 910 3317 tertio
951 3258 1147 3338 modo,
1198 3257 1418 3332 quando
1459 3258 1683 3315 intentio
1726 3257 2047 3331 legislatoris
2083 3273 2343 3331 expresse

681 3395 686 3402 .
743 3357 829 3408 est
863 3349 929 3408 de
951 3349 1174 3408 serenda
1193 3349 1310 3423 lege
1332 3365 1468 3422 pure
1490 3349 1721 3423 poenali;
1739 3365 1864 3406 nam
1888 3391 1904 3422 ,
1928 3359 2180 3424 utsupra
2209 3349 2339 3423 dixi,

744 3441 834 3498 illa
859 3441 1084 3497 intentio
1113 3441 1474 3497 mutationem
1511 3439 1642 3496 lacit
1668 3441 1720 3496 in
1751 3441 1980 3497 materia
2007 3439 2171 3514 legis,
2202 3456 2342 3514 quae

745 3532 977 3588 mutatio
1004 3536 1087 3587 est
1117 3531 1168 3585 in
1193 3535 1460 3600 potestate
1482 3528 1825 3602 legislatoris:
1853 3545 1977 3586 nam
2001 3536 2183 3602 potest
2202 3530 2341 3587 hanc

744 3620 828 3678 vel
853 3620 999 3678 illam
1021 3622 1301 3677 materiam
1332 3625 1429 3676 aut
1455 3618 1840 3693 determinate,
1874 3626 1970 3677 aut
2005 3619 2338 3692 disiunctim,

745 3716 841 3768 aut
878 3711 1160 3782 absolute,
1206 3716 1303 3766 aut
1343 3708 1446 3766 sub
1487 3708 1795 3767 conditione
1831 3711 2185 3783 praecipere,
2216 3711 2343 3768 licet

743 3819 852 3860 non
893 3803 1068 3874 possit
1109 3817 1140 3858 a
1182 3807 1298 3857 tota
1339 3801 1561 3858 materia
1603 3816 1822 3858 omnem
1859 3800 2243 3874 obligationem
2283 3801 2337 3857 in

744 3892 1076 3952 conscientia
1115 3890 1442 3962 excludere,
1487 3891 1532 3946 si
1577 3906 1758 3947 veram
1800 3891 1974 3966 legem
2022 3891 2162 3948 ferre
2193 3891 2357 3950 vult.-

743 3981 970 4053 Quando
997 3997 1129 4056 ergo
1164 3980 1392 4053 dicitur,
1419 3981 1694 4038 intendere
1723 3997 1830 4038 non
1860 3981 2098 4056 obligare
2125 3983 2179 4039 in
2206 3997 2341 4038 con-

743 4074 1003 4144 scientia,
1040 4070 1138 4129 sed
1168 4071 1236 4129 ad
1260 4087 1457 4144 ,puram
1486 4088 1715 4144 poenam
1735 4115 1751 4142 ,
1777 4073 1883 4130 hoc
1915 4072 2230 4146 intelligitur
2254 4089 2342 4131 re·

743 4171 938 4236 spectu
965 4169 1126 4221 actus
1155 4162 1460 4220 immediate
1498 4165 1773 4236 praecepti
1803 4164 1887 4221 vel
1924 4163 2215 4236 prohibiti:
2258 4171 2339 4221 ta-

759 4269 883 4310 men
909 4269 976 4310 eo
1003 4255 1122 4325 ipso
1149 4253 1272 4310 talis
1299 4259 1456 4310 aetus
1478 4269 1584 4309 non
1612 4260 1694 4311 est
1714 4254 2016 4326 adaequata
2038 4255 2261 4311 materia
2280 4253 2340 4310 il·

753 4343 858 4400 lius
899 4343 1028 4416 legis
1048 4355 1074 4415 ,·
1107 4341 1202 4399 sed
1241 4341 1326 4400 vel
1366 4342 1468 4401 hoc
1507 4342 1869 4417 disiunctum,
1901 4350 1997 4401 aut
2024 4344 2207 4401 faeere
2238 4345 2340 4401 tale

743 4449 882 4506 opus
907 4475 922 4504 ,
953 4438 1051 4489 aut
1086 4435 1388 4506 sustinere,
1418 4433 1503 4490 vel
1531 4437 1726 4508 exequi
1763 4435 1924 4492 talem
1963 4450 2225 4508 poenam,
2255 4434 2338 4492 vel

745 4522 824 4598 (et
851 4522 903 4578 in
928 4521 1068 4579 idem
1103 4523 1271 4598 redit)
1302 4529 1388 4581 est
1415 4523 1499 4582 lex
1523 4525 1892 4584 conditionata
1912 4526 2151 4583 solvendi
2176 4526 2339 4584 talem

743 4627 1008 4686 poenam,
1052 4613 1098 4670 si
1140 4614 1244 4672 hoc
1285 4616 1409 4688 tiat,
1450 4621 1507 4672 et
1547 4622 1680 4674 tunc
1722 4631 1754 4674 a
1780 4623 1896 4674 toto
1924 4617 2203 4674 disiuncto
2232 4634 2339 4674 non

743 4701 1055 4761 excluditur
1089 4702 1341 4779 obligatio
1364 4705 1416 4760 in
1439 4706 1792 4763 conscientia.
1823 4707 1938 4763 Imo
1965 4722 2029 4763 eo
2053 4707 2171 4780 ipso
2192 4706 2339 4779 quod

744 4792 1025 4866 legislator
1059 4794 1176 4850 vult
1205 4810 1387 4852 veram
1415 4794 1586 4870 legem
1615 4797 1776 4870 serre,
1797 4803 1852 4854 et
1878 4813 1985 4854 non
2012 4797 2130 4856 vult
2155 4798 2355 4856 deter-'

745 4884 950 4939 minare
989 4882 1365 4956 obligationem
1393 4885 1445 4940 in
1474 4888 1806 4943 conscientia
1835 4887 1901 4944 ad
1930 4887 2095 4946 talem
2125 4895 2335 4962 actum,

745 4971 869 5028 vult
902 4971 1142 5045 obligare
1179 4974 1233 5028 in
1271 4975 1604 5032 conscientia
1641 4975 1708 5033 ad
1733 4975 2099 5051 disiunctum,
2129 4977 2197 5035 de
2227 4994 2338 5053 quo

747 5059 1044 5135 adaequate
1084 5062 1190 5120 l'ert
1230 5062 1402 5136 legem
1424 5107 1439 5138 ,
1469 5072 1526 5122 et
1565 5071 1698 5122 tunc
1725 5067 1967 5141 gravitas
1994 5065 2337 5141 obligationis

748 5154 828 5208 sic
851 5153 1154 5226 impositae,
1169 5161 1224 5212 et
1243 5154 1440 5212 modus
1462 5157 1580 5214 eius
1600 5173 1665 5214 ex
1690 5159 1910 5214 materia
1926 5157 2338 5216 determinanda

745 5248 860 5315 est,
889 5245 1042 5303 iuxta
1070 5247 1310 5319 proxime
1337 5245 1483 5304 dicta
1507 5247 1574 5307 de
1601 5264 1952 5324 quacumque
1978 5249 2084 5307 alia
2109 5249 2230 5324 lege
2258 5249 2339 5307 in·

2208 329 2413 381 LIBER
2452 330 2557 380 111.

2410 455 2621 513 definite
2662 455 2773 512 lata
2813 469 2941 512 cum
2984 453 3099 512 sola
3137 453 3428 512 intentione
3468 452 3676 512 serendi
3718 452 3916 528 legem.
3950 456 4011 512 ln

2412 553 2613 620 quarto
2644 546 2809 603 etiam
2835 535 2999 602 modo
3028 561 3117 626 reos
3144 547 3253 603 erit
3278 544 3447 617 clara,
3472 547 3517 601 si
3537 545 3767 602 intentio
3792 543 4013 618 legisla-

2412 637 2544 693 toris
2578 636 2649 693 sit
2674 636 2973 694 conformis
3000 635 3293 693 conditioni
3320 636 3603 706 materiae,
3626 635 3681 693 id
3707 642 3794 693 est
3822 638 3867 692 si
3896 653 4013 693 ma-

2412 729 2547 784 teria
2586 725 2657 782 sit
2682 728 2863 799 gravis
2882 767 2897 792 ,
2928 732 2983 783 et
3008 727 3123 800 ipse
3152 726 3281 787 velit
3316 727 3554 802 graviter
3580 733 3635 782 et
3660 727 3763 784 sub
3792 727 4013 785 mortali

2413 817 2683 890 obligare3
2729 816 2819 874 vel
2860 817 2902 872 si
2944 818 3169 874 materia
3210 818 3282 874 sit
3309 819 3461 889 parvi
3489 817 3781 891 momenti,
3814 817 4017 891 etipse

2409 907 2536 963 velit
2569 911 2779 963 tantum
2802 908 2906 964 sub
2930 906 3121 962 veniali
3140 906 3402 982 obligare3
3422 913 3554 964 tunc
3576 909 3720 964 enim
3740 907 3875 965 nihil
3896 914 4010 980 est,

2410 997 2560 1071 quod
2590 998 2820 1070 impedit
2848 998 3104 1054 effectum
3123 1041 3137 1069 ,
3162 1004 3225 1055 ut
3245 1005 3485 1055 constat.
3518 1000 3651 1056 item
3674 998 3719 1054 si
3738 998 4015 1056 indefinite

2412 1089 2536 1146 velit
2592 1087 2867 1162 legislator
2908 1089 3179 1161 obligare,
3224 1087 3626 1146 determinatur
3658 1088 3917 1162 obligatio
3942 1104 4015 1146 ex

2408 1179 2665 1252 materia,
2695 1186 2752 1236 et
2788 1180 2901 1253 ipse
2936 1186 3193 1237 censetur
3218 1178 3353 1236 velle
3380 1180 3617 1253 obligare
3646 1179 3799 1236 iuxta
3834 1186 4013 1236 mate·

2411 1273 2521 1329 riae
2564 1268 2961 1340 conditionem3
3006 1285 3141 1344 ergo
3182 1285 3215 1326 a
3252 1269 3488 1340 fortiori,
3529 1269 3747 1342 quando
3779 1270 4013 1326 intentio

2414 1366 2503 1418 est
2543 1360 2902 1418 determinata
2940 1367 2995 1418 et
3033 1360 3329 1417 conformis
3375 1361 3669 1433 capacitati
3716 1362 4001 1432 materiae,

2413 1449 2629 1508 habebit
2652 1451 2931 1508 eflectum.
2964 1449 3267 1509 Difficultas
3301 1465 3434 1525 ergo
3474 1459 3757 1524 superest,
3786 1451 4015 1526 quando

2416 1549 2502 1598 est
2528 1539 2844 1598 difformitas
2874 1542 3013 1599 inter
3040 1543 3393 1599 intentionem
3422 1549 3479 1599 et
3520 1542 3837 1616 materiam3
3869 1558 4015 1616 quae

2412 1631 2737 1688 difformitas
2780 1639 2965 1705 potest
3002 1647 3122 1690 esse
3159 1631 3390 1704 duplex:
3435 1648 3542 1689 una
3570 1648 3669 1706 per
3692 1648 4013 1704 excessum,

2411 1723 2541 1795 quia
2567 1722 2807 1780 intendit
2836 1722 3075 1796 obligare
3104 1724 3207 1781 sub
3234 1723 3451 1782 mortali
3480 1725 3531 1780 in
3558 1724 3787 1781 materia
3800 1723 3936 1804 levi,
3958 1729 4019 1782 et

2411 1811 2479 1869 de
2514 1811 2619 1869 hac
2672 1814 2777 1869 iam
2816 1812 3023 1886 dictum
3050 1819 3165 1886 est,
3196 1829 3304 1870 non
3335 1829 3496 1886 posse
3523 1812 3721 1871 habere
3750 1815 4017 1872 effectum

2412 1901 2776 1976 adaequatum
2826 1903 3119 1974 intentioni,
3132 1903 3257 1976 quia
3269 1904 3486 1961 excedit
3505 1910 3829 1977 potestatem
3849 1921 4015 1978 agen-

2413 1995 2505 2064 tis,
2538 2000 2593 2050 et
2618 2002 2753 2051 tunc
2776 1994 2999 2050 intentio
3022 2001 3306 2066 operatur,
3330 1993 3478 2069 quod
3503 2001 3705 2068 potest,
3734 2011 3844 2052 non
3865 1995 4019 2069 quod

2412 2083 2551 2142 vult.
2580 2084 2699 2141 Alia
2722 2100 2858 2158 ergo
2895 2085 3258 2157 disproportio
3301 2093 3387 2142 est
3412 2101 3511 2160 per
3535 2084 3811 2144 defectum
3836 2129 3851 2159 ,
3882 2089 4019 2161 quia

2413 2175 2695 2248 legislator
2720 2174 2958 2232 intendit
2980 2174 3220 2248 obligare
3242 2175 3345 2232 sub
3367 2175 3559 2233 veniali
3582 2183 3798 2233 tantum
3820 2177 3877 2233 m
3897 2193 4017 2234 ma-

2414 2266 2548 2322 teria
2586 2264 2758 2340 gravi.
2796 2265 2867 2322 Et
2882 2264 2959 2321 -de
2988 2264 3095 2322 hoc
3121 2271 3331 2324 tantum
3360 2271 3567 2338 puncto
3593 2266 3891 2326 dicendum
3918 2285 4015 2324 su-

2417 2360 2626 2429 perest,
2656 2370 2722 2411 an
2751 2355 2923 2427 possit
2948 2355 3225 2430 legislator
3251 2357 3303 2412 in
3330 2357 3552 2413 materia
3585 2358 3774 2429 capaci
3802 2357 4011 2432 obliga-

2414 2446 2575 2503 tionis
2604 2445 2728 2502 ·sub
2768 2445 3009 2517 mortali,
3053 2453 3358 2520 temperare
3398 2447 3778 2520 obligationem
3806 2463 3906 2520 per
3932 2449 4014 2506 in-

2411 2536 2705 2593 tentionem
2745 2551 2937 2610 suam,
2967 2550 3075 2607 qua
3116 2536 3234 2594 vult
3274 2542 3483 2594 tantum
3509 2536 3749 2611 obligare
3778 2537 3882 2595 sub
3911 2553 4006 2595 ve-

2409 2625 2556 2682 niali.

2490 2720 2547 2774 2.
2579 2717 2640 2773 ln
2678 2731 2790 2791 quo
2831 2721 3039 2789 puncto
3066 2723 3198 2774 sunt
3222 2718 3499 2790 opiniones
3528 2719 3856 2776 contrariae.
3889 2719 4011 2777 Pri-

2410 2821 2501 2863 ma
2528 2813 2721 2879 negat,
2749 2821 2871 2862 esse
2899 2806 3004 2863 hoc
3034 2807 3084 2862 in
3113 2813 3381 2880 potestate
3412 2807 3755 2880 legislatoris,
3786 2809 3884 2868 sed
3901 2826 4013 2867 ne-

2410 2897 2648 2953 cessario
2692 2895 2947 2978 obligare,
2973 2897 3075 2954 sub
3114 2897 3329 2954 mortali
3368 2896 3591 2954 serendo
3618 2898 3795 2970 legem
3824 2899 3877 2956 in
3908 2900 4010 2957 tali

2410 2987 2654 3043 materia.
2686 2987 2765 3042 lta
2787 2993 2935 3044 tenet
2956 2987 3202 3060 Vasquez
3230 2991 3279 3044 1.
3314 2992 3371 3059 2,
3396 2987 3600 3060 disput.
3634 2993 3767 3062 158,
3790 3004 3917 3062 cap.
3944 2995 4007 3061 4,

2409 3091 2564 3133 num.
2614 3081 2706 3134 32.
2752 3083 2809 3133 et
2846 3077 3233 3151 sequentibus3
3276 3083 3333 3134 et
3358 3077 3551 3135 tribuit
3574 3079 3827 3136 Driedoni
3852 3079 4009 3138 dicto

2410 3167 2550 3227 libro
2584 3171 2636 3224 3.
2669 3165 2740 3224 de
2766 3165 2955 3224 libert.
2990 3168 3341 3235 christiana,
3380 3184 3504 3240 cap.
3540 3173 3595 3241 3,
3620 3167 3687 3226 ad
3714 3175 3767 3242 5,
3798 3186 3862 3227 ex
3890 3186 4007 3243 quo

2412 3259 2579 3316 rel'ert
2607 3257 2741 3315 haec
2769 3256 2967 3314 verba:
2993 3261 3422 3334 Praecipientis
3448 3262 3691 3316 intentio
3710 3259 4012 3333 noirfacit

2404 3355 2790 3424 praeceptum
2823 3348 3039 3406 habere
3076 3351 3363 3405 maiorem
3396 3347 3487 3406 vel
3521 3352 3811 3407 minorem
3852 3350 4007 3407 obli·

2410 3437 2598 3512 qandi
2614 3437 2975 3512 efficaciam,
2995 3435 3097 3495 sed
3118 3442 3453 3500 necessitas.
3469 3437 3749 3512 diqnitas,
3770 3437 3861 3496 vel
3884 3443 4011 3496 utt-

2411 3528 2553 3586 litas
2582 3544 2811 3597 eorum,
2847 3545 3000 3602 quae
3020 3531 3489 3604 praecipiuntur.
3520 3529 3624 3586 Sed
3650 3532 3706 3587 in
3736 3529 4007 3604 originali,

2411 3635 2521 3693 quo
2562 3625 2716 3692 utor,
2762 3625 2845 3676 est
2872 3618 3036 3676 dictio
3064 3618 3372 3692 exclusiva,
3402 3635 3544 3694 quae
3573 3626 3751 3694 potest
3776 3637 4011 3678 sensum

2412 3717 2657 3781 mutare,
2703 3709 2783 3772 sic
2823 3709 2963 3766 enim
2993 3711 3103 3766 ait:
3136 3708 3285 3767 Sola
3303 3713 3729 3786 praecipientis
3754 3715 4009 3769 intentio

2409 3797 2729 3872 nonfacit,
2757 3804 2864 3857 etc.
2898 3799 3002 3857 sed
3027 3805 3082 3856 et
3104 3804 3443 3870 necessitas,
3486 3809 3597 3859 etc.
3630 3800 3782 3860 Unde
3809 3819 4012 3860 sensus

2412 3905 2531 3946 esse
2565 3897 2764 3964 potest,
2794 3906 2903 3947 non
2930 3891 3169 3962 pendere
3191 3892 3545 3966 quantitatem
3566 3891 3909 3966 obligationis
3930 3894 4013 3950 le-

2409 3983 2495 4055 gis
2520 3996 2587 4037 ex
2618 3981 2733 4038 sola
2758 3983 3055 4039 intentione
3081 3982 3441 4057 legislatoris,
3473 3983 3566 4040 sed
3595 3971 3760 4040 etiam
3786 4001 3853 4042 ex
3883 3985 4007 4042 aliis

2410 4070 2683 4144 principiis
2699 4113 2715 4144 ,
2738 4079 2796 4128 et
2822 4074 2895 4129 ita
2920 4087 3027 4128 non
3056 4071 3199 4135 favet
3226 4071 3402 4130 dictae
3424 4075 3726 4131 sententiae
3741 4115 3756 4145 ,
3788 4073 3886 4132 sed
3908 4091 4011 4132 so-

2409 4161 2524 4219 lum
2566 4163 2851 4220 confirmat
2876 4179 2970 4234 ea,
3001 4179 3142 4238 quae
3170 4178 3339 4236 supra
3374 4163 3521 4221 dicta
3546 4171 3698 4220 sunt.
3729 4165 4015 4222 Nihilomi-

2408 4270 2515 4311 nus
2538 4255 2582 4309 si
2604 4270 2801 4310 sensus
2824 4254 2911 4327 sit,
2935 4253 3083 4327 quod
3106 4254 3221 4312 sola
3244 4253 3469 4311 intentio
3494 4253 3874 4326 praecipientis
3894 4270 4011 4311 non

2410 4343 2645 4418 sufficit,
2670 4351 2734 4401 ut
2755 4350 3111 4416 praeceptum
3133 4342 3327 4418 habeat
3348 4344 3609 4400 minorem
3632 4343 3907 4419 obligandi
3926 4345 4013 4402 el*-

2407 4436 2653 4491 ficaciam
2672 4475 2687 4506 ,
2731 4449 2897 4509 quam
2944 4432 3164 4490 materia
3192 4433 3459 4506 postulet;
3490 4433 3570 4490 sic
3595 4432 3798 4492 favebit
3822 4433 4011 4492 dictae

2410 4527 2728 4583 sententiae.
2759 4524 3017 4582 Eamdem
3059 4527 3379 4582 sententiam
3418 4535 3675 4597 expresse
3712 4532 3861 4584 tenet
3886 4525 4011 4584 Sal-

2408 4631 2599 4672 meron
2623 4657 2638 4686 ,
2682 4622 2829 4672 tomo
2870 4620 2927 4675 4.
2956 4613 3217 4688 Evangel.
3248 4630 3304 4687 p.
3340 4619 3404 4688 3,
3436 4620 3599 4673 tract.
3638 4620 3701 4675 12
3728 4655 3745 4689 ,
3775 4613 3801 4682 ἃ
3826 4613 4017 4674 differt

2410 4715 2618 4764 autem.

2484 4798 2664 4856 Prima
2688 4796 2824 4855 ratio
2855 4795 3019 4853 buius
3046 4796 3345 4854 sententiae
3368 4802 3482 4869 est,
3516 4797 3646 4870 quia
3671 4795 3800 4855 licet
3824 4795 3997 4870 serre,

2409 4888 2493 4946 vel
2532 4904 2643 4944 non
2680 4887 2821 4944 ferre
2862 4887 3073 4961 legem,
3116 4885 3350 4959 pendeat
3382 4900 3449 4943 ex
3477 4886 3755 4944 voluntate
3781 4888 4003 4960 praeci-

2406 4978 2631 5050 pientis;
2678 4985 2887 5048 tamen,
2932 4977 3211 5050 supposito
3250 4983 3577 5050 praecepto,
3606 4977 3688 5034 vis
3714 4977 3831 5051 ipsa
3858 4977 4003 5036 obli-

2406 5067 2569 5144 gandi
2597 5084 2664 5126 ex
2689 5059 2805 5130 iure
2834 5075 3063 5126 naturae
3092 5068 3370 5142 nascitur,
3393 5051 3523 5142 quia
3550 5069 3635 5126 ius
3657 5076 3887 5127 naturae
3912 5069 4011 5126 di·-

2406 5165 2521 5216 ctat
2542 5158 2843 5232 parendum
2862 5174 2984 5216 esse
3006 5158 3381 5233 superioribus
3400 5160 3882 5234 praecipientibus3
3900 5159 4009 5218 sed

2404 5251 2493 5308 ius
2506 5257 2732 5309 naturae
2753 5252 2811 5308 in
2830 5251 3056 5310 materia
3069 5251 3222 5325 gravi
3236 5249 3473 5327 graviter
3494 5252 3715 5329 obligat3
3730 5267 3867 5328 ergo
3896 5269 4021 5314 non
