4325 6267
816 354 901 418 96
2224 372 2428 421 Lmen
2465 372 2544 421 11.

738 496 843 555 hoc
872 497 1221 557 tribuendum
1250 504 1335 557 est
1361 504 1546 557 rectae
1574 497 1774 557 rationi
1803 498 1855 555 in
1877 496 2113 559 homine.
2145 502 2210 555 ut
2237 514 2320 554 se-

738 587 988 646 cundum
1017 594 1269 647 naturam
1303 597 1451 647 recte
1477 589 1846 662 gubernetur3
1880 603 2011 661 ergo
2026 578 2090 644 'in
2118 588 2324 643 ratione

735 685 820 735 est
860 678 942 735 lex
982 677 1244 735 naturalis
1284 679 1670 738 constituenda
1711 687 1969 752 tanquam
2000 679 2049 735 in
2082 678 2326 753 proxima

736 766 925 842 regula
950 770 1243 827 intrinseca
1269 770 1631 828 humanarum
1662 769 1957 827 actionum.

814 862 867 917 9.
901 858 1051 917 Solet
1078 867 1259 918 autem
1287 861 1375 917 hic
1402 862 1751 933 interrogari,
1778 875 1841 916 an
1871 860 2007 917 haec
2038 858 2123 916 lex
2146 857 2327 917 consi-

737 956 847 1008 stat
874 950 926 1007 in
955 956 1108 1022 actu,
1140 952 1225 1009 vel
1258 953 1310 1007 in
1345 952 1552 1029 habitu,
1578 968 1679 1009 seu
1704 954 1758 1007 in
1790 951 1993 1008 lumine
2020 951 2139 1022 ipso
2167 956 2326 1005 natu-

734 1040 859 1111 rali,
889 1040 1043 1098 deest
1077 1044 1131 1097 in
1170 1041 1349 1115 aliquo
1392 1048 1522 1100 actu
1550 1043 1748 1113 primo.
1779 1043 1913 1098 Nam
1942 1042 1997 1097 in
2027 1040 2130 1097 boc
2165 1040 2326 1095 etiam

736 1133 1070 1191 dissentiunt
1097 1133 1353 1207 theologi,
1386 1133 1544 1190 multi
1573 1134 1711 1190 enim
1742 1132 1957 1201 volunt,
1989 1146 2109 1187 esse
2136 1136 2324 1186 actum

735 1223 1066 1297 secundum,
1089 1224 1216 1297 quia
1240 1224 1323 1281 lex
1346 1232 1431 1281 est
1452 1224 1762 1296 imperium,
1792 1223 1940 1297 quod
1964 1224 2015 1279 in
2043 1227 2172 1279 actu
2193 1237 2326 1277 con-

736 1309 898 1384 sistit,
923 1320 978 1369 et
1004 1314 1132 1387 quia
1163 1319 1318 1371 actus
1341 1319 1426 1370 est
1446 1314 1659 1387 proprie
1681 1313 1872 1386 regula
1892 1312 2153 1387 dirigens.
2181 1312 2326 1369 Haec

734 1410 822 1461 est
859 1406 1121 1463 sententia
1162 1406 1471 1462 communis
1511 1404 1994 1462 thomistarumd.
2040 1408 2070 1461 2
2096 1444 2111 1475 ,
2140 1418 2196 1475 q.
2231 1406 2326 1475 91,

738 1501 843 1553 art.
880 1500 941 1567 1,
973 1495 1045 1552 ita
1070 1494 1539 1566 intrepi-stantium
1580 1496 1903 1551 sententiam
1944 1492 2054 1549 divi
2090 1493 2328 1549 'rhomae

736 1584 839 1651 ibi,
871 1592 935 1642 ut
958 1589 1105 1655 patet
1124 1600 1191 1641 ex
1212 1586 1379 1641 Caiet.
1406 1586 1573 1643 Conr.
1600 1592 1656 1641 et
1676 1585 1815 1657 aliis,
1839 1586 2039 1641 Anton.
2074 1588 2123 1643 1.
2151 1599 2210 1655 p.
2237 1583 2324 1640 tit.

745 1680 844 1747 13,
887 1690 1011 1747 cap.
1060 1675 1119 1746 1,
1168 1677 1297 1733 Soto
1326 1675 1449 1732 libr.
1488 1679 1539 1734 1.
1570 1674 1643 1731 de
1668 1679 1807 1733 inst.
1840 1691 1897 1748 q.
1931 1679 1997 1748 4,
2030 1682 2136 1731 art.
2179 1679 2226 1732 1.
2261 1676 2332 1731 At

736 1781 870 1823 vero
899 1766 1111 1823 Alensis
1140 1770 1171 1822 3
1193 1806 1208 1837 ,
1239 1781 1295 1838 q.
1325 1769 1431 1837 27,
1470 1766 1669 1822 memb.
1702 1770 1761 1837 2,
1791 1780 1889 1837 per
1926 1770 2036 1822 tres
2066 1763 2328 1821 articulos

738 1856 942 1915 iudicat
961 1874 1081 1914 esse
1106 1856 1368 1913 habitum.
1392 1858 1681 1929 Potestque
1704 1856 1955 1923 suaderi,
1977 1858 2105 1929 quia
2130 1855 2216 1912 lex
2237 1870 2334 1912 na-

734 1949 935 2007 turalis
961 1948 1163 2005 dicitur
1184 1948 1474 2020 congenita
1497 1963 1627 2027 cum
1650 1953 1870 2017 natura,
1893 1954 1948 2003 et
1970 1961 2186 2019 semper
2211 1962 2332 2018 per-

738 2054 990 2108 manens,
1012 2052 1155 2111 quae
1174 2053 1281 2094 non
1304 2036 1637 2093 conveniunt
1657 2037 1827 2109 actui,
1852 2037 1945 2094 sed
1975 2037 2206 2108 habitui3
2231 2053 2328 2093 no-

671 2175 673 2178 .
738 2131 885 2187 mine
910 2128 1051 2184 enim
1084 2127 1299 2184 habitus
1329 2143 1436 2183 non
1465 2126 1785 2199 intelligitur
1811 2127 2045 2200 qualitas
2066 2125 2330 2199 superad-

738 2221 849 2279 dita
877 2220 1163 2294 potentiae,
1190 2218 1283 2275 sed
1320 2220 1496 2291 ipsum
1531 2216 1898 2274 intellectuale
1925 2216 2130 2290 lumen,
2161 2222 2332 2289 prout

737 2310 791 2369 in
819 2315 949 2367 actu
978 2309 1152 2382 primo
1174 2307 1667 2379 spectatur.·Aliter
1688 2308 1966 2365 Bonaven.
1994 2308 2043 2363 in
2067 2312 2125 2380 2,
2148 2306 2205 2363 11.
2234 2312 2329 2380 39,

740 2406 849 2459 art.
876 2406 935 2471 2,
960 2415 1017 2472 q.
1038 2408 1088 2457 1.
1109 2398 1175 2456 ad
1200 2398 1302 2456 ult.
1322 2397 1478 2470 dicit,
1503 2397 1681 2472 legem
1702 2397 2009 2454 naturalem
2032 2413 2142 2454 uno
2169 2396 2331 2453 modo

740 2478 1041 2565 significare
1070 2488 1346 2561 habitum,
1377 2488 1480 2545 alio
1511 2488 1679 2546 modo
1709 2490 2014 2561 significare
2041 2494 2335 2560 praecepta

739 2581 857 2655 ipsa
883 2570 1177 2652 naturalia,
1209 2588 1273 2637 ut
1301 2588 1432 2637 sunt
1456 2580 1723 2637 obiective
1752 2582 1805 2635 in
1837 2585 2047 2653 mente,
2078 2595 2177 2636 seu
2207 2596 2333 2655 syn-

736 2673 937 2732 deresi.
962 2672 1274 2731 D.Tbomas
1299 2679 1492 2729 autem
1511 2670 1665 2741 dixit,
1681 2668 1855 2743 legem
1880 2668 2186 2727 naturalem
2208 2685 2334 2742 pro-

738 2766 859 2839 prie
898 2764 1201 2836 significare
1242 2767 1463 2833 actum,
1508 2776 1605 2819 seu
1646 2759 1913 2817 iudicium
1940 2761 2195 2833 rationis3
2229 2759 2333 2816 alio

740 2870 871 2913 vero
912 2853 1075 2912 modo
1115 2868 1236 2911 esse
1276 2852 1559 2926 habitum,
1601 2858 1872 2925 quatenus
1912 2852 2031 2925 ipsa
2067 2851 2335 2926 principia

740 2944 1013 3005 naturalia
1042 2944 1392 3001 habitualiter
1418 2948 1641 3000 manent
1667 2942 1717 2998 111
1746 2948 1945 2999 mente.

823 3042 910 3098 10.
940 3035 1059 3095 nihi
1089 3050 1219 3091 sane
1246 3032 1462 3091 videtur
1489 3034 1736 3106 quaestio
1762 3029 1829 3088 de
1859 3029 2017 3087 modo
2047 3028 2328 3103 loquendi,

740 3134 797 3187 et
835 3143 941 3186 non
982 3124 1204 3198 dubito,
1246 3124 1377 3198 quin
1418 3124 1467 3180 in
1509 3120 1710 3180 actuali
1751 3121 1953 3178 iudicio
1982 3122 2180 3177 mentis
2207 3136 2335 3192 pro-

738 3220 1012 3293 priissime
1038 3218 1237 3275 existat
1265 3206 1348 3271 le'x
1376 3212 1659 3271 naturalis.
1693 3210 1848 3268 Addo
1878 3226 2009 3268 vero
2036 3210 2220 3282 etiam,
2252 3210 2336 3266 lu-

660 3364 667 3373 .
740 3324 865 3368 men
890 3306 1139 3366 naturale
1166 3302 1482 3363 intellectus
1510 3300 1825 3375 expeditum
1848 3299 1917 3357 de
1946 3317 2003 3357 se
2026 3300 2094 3357 ad
2118 3299 2334 3356 dictan-

740 3400 873 3457 dum
905 3398 971 3455 de
1000 3394 1219 3471 agendis
1249 3409 1409 3467 posse
1436 3394 1625 3450 vocari
1654 3391 1955 3449 naturalem
1978 3391 2176 3463 legem,
2201 3388 2331 3463 quia

2393 500 2577 571 rigore
2617 498 2750 555 haec
2775 497 2904 573 ,11110
2949 496 3170 555 diversa
3205 503 3363 568 sunt3
3395 510 3522 554 nam
3549 494 3633 551 lex
3660 484 3802 552 dicit
3823 508 3998 567 regu-

2394 589 2499 647 lam
2526 590 2848 663 generaliter
2874 590 3228 647 constitutam
3257 590 3408 645 circa
3425 584 4006 661 agenda,conscientia

2395 696 2524 736 vero
2555 680 2688 738 dicit
2731 678 3005 736 dictamen
3047 680 3356 751 111-8011011111
3386 679 3441 733 111
3481 676 3823 749 particulari,
3856 673 4008 731 unde

2394 770 2574 843 potius
2602 776 2688 826 est
2711 768 2874 827 veluti
2899 767 3197 841 applicatio
3223 768 3356 841 legis
3378 766 3448 823 ad
3475 767 3808 839 particulare
3830 782 3995 838 opus.

2394 861 2476 917 Ex
2503 875 2613 933 quo
2643 861 2804 916 etiam
2835 860 2914 931 iit,
2949 866 3012 916 ut
3039 858 3374 914 conscientia
3403 857 3566 913 latius
3593 862 3806 929 pateat,
3830 871 4004 929 quam

2395 949 2479 1007 lex
2507 951 2798 1020 naturalis,
2830 950 2955 1024 quia
2983 966 3089 1005 non
3121 955 3332 1005 tantum
3361 948 3598 1021 applicat
3629 948 3800 1021 legem
3832 955 4002 1005 natu-

2394 1041 2596 1115 ralem,
2627 1041 2724 1098 sed
2754 1042 2920 1099 etiam
2949 1054 3357 1114 quamcumque
3386 1038 3562 1111 aliam,
3595 1039 3705 1096 sive
3733 1038 3997 1111 divinam,

2396 1133 2508 1190 sive
2536 1133 2854 1191 humanam.
2887 1134 2999 1190 lmo
3029 1130 3362 1188 conscientia
3393 1146 3498 1185 non
3519 1129 3698 1187 solum
3720 1129 4002 1202 applicare

2395 1223 2537 1281 solet
2562 1240 2752 1281 veram
2783 1224 2976 1296 legem,
2999 1221 3094 1279 sed
3113 1221 3276 1278 etiam
3299 1220 3692 1277 existimatam:
3719 1218 4000 1293 quomodo

2397 1315 2678 1373 interdum
2717 1314 2882 1371 datur
2910 1312 3240 1371 conscientia
3277 1326 3539 1384 erronea3
3583 1310 3667 1369 lex
3695 1318 3878 1369 autem
3905 1326 4002 1367 er·-

2394 1422 2562 1463 ronea
2584 1406 2700 1463 dari
2725 1422 2828 1462 non
2853 1410 3054 1477 potest3
3081 1418 3205 1459 nam
3225 1416 3290 1457 eo
3315 1402 3430 1473 ipso
3450 1417 3558 1457 non
3581 1402 3688 1457 erit
3709 1401 3815 1472 lex,
3839 1400 3995 1474 quod

2396 1499 2626 1555 maxime
2658 1513 2846 1554 verum
2885 1503 2978 1559 est,
3003 1498 3054 1551 in
3093 1494 3210 1567 lege
3239 1490 3495 1563 naturali,
3527 1507 3667 1564 quae
3695 1494 3866 1549 Deum
3896 1491 3998 1549 ha-

2397 1588 2487 1645 bet
2525 1595 2834 1645 auctorem.
2875 1572 3114 1659 Denique
3152 1584 3236 1641 lex
3278 1584 3499 1655 proprie
3530 1583 3702 1639 l'ertur
3730 1582 3797 1639 de
3828 1596 3998 1655 agen-

2397 1678 2500 1749 dis,
2531 1678 2867 1735 conscientia
2897 1683 3082 1733 autem
3105 1676 3270 1745 etiam
3295 1679 3544 1729 versatur
3567 1673 3714 1730 circa
3739 1689 3825 1743 ea,
3851 1688 3999 1745 quae

2398 1767 2499 1824 iam
2527 1766 2675 1824 sacta
2701 1773 2856 1837 sunt,
2887 1771 2942 1821 et
2968 1764 3086 1822 ideo
3120 1764 3192 1820 illi
3223 1762 3484 1820 tribuitur
3513 1778 3621 1819 non
3651 1763 3828 1819 solum
3857 1763 3998 1835 liga-

2396 1873 2488 1929 re,
2520 1858 2616 1915 sed
2643 1872 2932 1928 accusare,
2961 1854 3261 1924 testificari,
3289 1860 3347 1909 et
3373 1851 3684 1925 defendere,
3717 1859 3793 1909 ub
3807 1852 4000 1915 videre

2399 1946 2529 2005 licet
2558 1948 2609 2004 in
2640 1946 2698 2004 d.
2731 1946 2934 2003 Thoma
2968 1951 3018 2005 1.
3049 1962 3104 2019 p.
3139 1960 3195 2017 q.
3233 1948 3324 2013 79,
3353 1949 3408 1999 et
3445 1948 3492 2003 1.
3519 1948 3656 2017 2,(1.
3693 1946 3779 2014 19,
3803 1949 3908 2000 art.
3937 1946 3998 2017 6,

2399 2038 2600 2111 quibus
2644 2037 2782 2095 locis
2810 2036 2876 2093 de
2904 2034 3240 2094 conscientia
3269 2035 3581 2107 disseritur3
3613 2041 3670 2091 et
3697 2034 4008 2107 specialiter

2400 2130 2466 2188 110
2502 2130 2606 2187 1100
2643 2128 2812 2186 videri
2849 2133 3031 2201 potest
3059 2125 3268 2183 Alensis
3295 2124 3445 2182 dicta
3471 2142 3527 2199 q.
3561 2127 3671 2201 27,
3701 2126 3900 2185 memb.
3933 2130 3999 2202 2,
4107 2195 4112 2197 .

2401 2228 2505 2281 art.
2542 2227 2600 2297 3,
2629 2227 2686 2279 et
2708 2222 2977 2279 Bonaven.
3011 2220 3064 2275 in
3092 2223 3150 2289 2,
3179 2217 3236 2276 11.
3271 2222 3365 2291 39,
3399 2224 3507 2274 art.
3538 2221 3597 2292 2,
3629 2232 3686 2292 q.
3726 2204 3794 2278 1.'

2973 2396 3254 2470 CAPUT
3291 2395 3406 2467 VI.

2400 2602 2496 2655 An
2521 2594 2618 2654 lex·
2642 2594 2942 2655 naturalis
2969 2597 3045 2653 sit
3067 2610 3200 2653 vere
3225 2592 3324 2651 lex
3345 2590 3553 2651 divina
3573 2594 3979 2669 praeceptiva.

2954 2776 3438 2841 summarium

2410 2952 2459 3003 1.
2488 2952 2796 3017 Proponitur
2820 2952 2956 3003 ratio
2978 2948 3348 3002 dubitandi.—
3369 2947 3420 3000 2.
3447 2948 3708 3001 Sententia
3723 2983 3739 3011 ‚
3764 2960 3896 3013 quae
3921 2948 4000 2999 81·-

2471 3021 2658 3083 firmat,
2707 3024 2871 3086 legem
2907 3022 3194 3072 naturalem
3220 3034 3318 3071 non
3345 3032 3458 3071 esse
3480 3020 3857 3084 praeceptivam
3880 3033 4004 3083 pro-
4083 3022 4090 3028 '
4175 3086 4186 3094 .

2471 3094 2611 3157 pria,
2640 3092 2726 3143 sed
2753 3092 3081 3143 iudicantem.
3105 3089 3236 3141 —3.
3265 3090 3438 3141 Altera
3463 3092 3739 3153 sententia,
3767 3102 3898 3153 quae
3921 3090 4004 3139 81-

2470 3161 2664 3225 firmat,
2710 3164 2874 3227 legem
2909 3162 3199 3213 naturalem
3234 3173 3346 3211 aese
3372 3173 3492 3209 vere
3523 3158 3744 3210 divinam
3770 3172 3828 3211 ac
3853 3173 4008 3223 prae-

2469 3228 2892 3297 ceptivam—4.
2919 3232 3086 3283 Prima
3112 3231 3360 3281 assertio:
3389 3230 3494 3281 Lex
3520 3230 3771 3281 naturalis
3795 3244 3894 3281 non
3917 3244 4008 3281 so-

2471 3304 2580 3353 lum
2613 3310 2694 3354 est
2728 3302 3003 3354 indicativa
3038 3300 3157 3351 mali
3193 3306 3248 3350 et
3283 3300 3400 3351 boni
3423 3336 3439 3363 ‚
3465 3299 3552 3350 sed
3591 3302 3744 3351 etiam
3768 3300 4004 3352 continet

2470 3374 2875 3437 praeceptionem
2899 3378 2954 3423 et
2980 3370 3376 3436 prohibitionem
3408 3371 3842 3436 utriusque—5.
3871 3372 4008 3422 Con*

2471 3442 2705 3495 firmatur
2749 3442 3054 3494 rationibus.
3075 3468 3144 3479 —·
3177 3441 3228 3491 6.
3277 3440 3548 3491 lnstantia.
3577 3441 3910 3493 —Solvitun
3933 3468 4009 3479 —

738 3490 990 3565 quamvis
1032 3488 1271 3545 homines
1313 3484 1439 3541 nibil
1474 3490 1604 3540 actu
1632 3483 1904 3555 cogitent,
1934 3487 2035 3537 aut
2058 3478 2326 3545 iudicent,
2371 3526 2424 3579 ο
2475 3513 2527 3564 7·
2555 3512 2786 3564 Secunda
2809 3512 3056 3563 assertio:
3080 3510 3364 3562 prohibitio
3381 3518 3470 3563 au,
3488 3512 3780 3576 praeceptio
3802 3524 3901 3562 non
3919 3520 4005 3563 δι

738 3580 1053 3639 naturalem
1082 3576 1256 3650 legem
1290 3576 1525 3632 retinent
1552 3572 1604 3630 in
1633 3571 1895 3629 cordibus
1918 3571 2051 3627 suis.
2076 3568 2335 3627 Conside-

738 3669 975 3729 randum
1018 3674 1104 3725 est
1142 3682 1309 3740 ergo,
1353 3664 1525 3738 legem
1566 3661 1904 3729 naturalem,
1949 3666 2118 3733 prout
2146 3660 2215 3716 de
2241 3658 2331 3716 illa

740 3776 891 3817 nune
932 3758 1241 3832 loquimur,
1283 3771 1391 3812 non
1421 3751 1754 3812 considerari
1782 3752 1833 3807 in
1863 3751 1978 3823 ipso
2008 3748 2332 3822 legislatore,

742 3850 839 3908 sed
868 3853 919 3907 in
943 3850 1071 3922 ipsis
1093 3846 1422 3919 bominibus,
1452 3844 1506 3899 in
1530 3858 1769 3917 quorum
1792 3839 2055 3898 cordibus
2076 3838 2220 3902 iilam
2240 3837 2336 3895 de·-

744 3941 1000 4014 scripsit,
1042 3946 1104 3997 ut
1138 3938 1213 3996 ait
1239 3934 1471 4001 Paulus,
1501 3939 1557 3990 et
1581 3947 1677 4005 per
1704 3932 1887 3989 lumen
1914 3929 2138 4011 mentis,
2175 3934 2238 3985 ut
2263 3930 2336 3984 si·-

746 4034 1034 4107 gnifieatur
1056 4030 1107 4085 in
1129 4028 1339 4101 psalmo
1362 4029 1419 4084 4.
1444 4025 1589 4096 Ergo
1613 4025 1760 4079 sicut
1778 4020 1862 4079 1011
1884 4020 2144 4090 humana,
2169 4024 2337 4091 prout

744 4131 831 4182 est
866 4128 1020 4181 extra
1059 4119 1462 4194 legislatorem,
1505 4130 1614 4171 non
1641 4112 1820 4170 solum
1849 4111 2117 4183 significat
2142 4114 2334 4165 actua·

742 4214 849 4273 lem
890 4212 1288 4285 cognitionem,
1317 4206 1401 4264 vel
1441 4204 1702 4262 iudicium
1741 4203 1975 4259 existens
2004 4201 2057 4258 in
2084 4199 2332 4271 subdito,

744 4303 843 4361 sed
882 4305 1045 4361 etiam
1087 4314 1411 4373 permanens
1457 4296 1671 4370 signum
1717 4293 1770 4350 in
1814 4291 1993 4365 aliqua
2032 4292 2331 4365 scriptura,

744 4394 893 4469 quod
921 4398 1104 4465 potest
1130 4404 1344 4461 semper
1372 4386 1613 4445 excitare
1642 4383 1785 4441 illam
1823 4380 2228 4454 cognitionem3
2261 4381 2335 4439 ita

744 4485 797 4541 in
838 4483 955 4556 lego
995 4478 1258 4550 naturali,
1290 4492 1431 4551 quae
1471 4478 1527 4533 in
1570 4473 1881 4548 legislatore
1910 4488 2017 4528 non
2045 4477 2135 4528 est
2160 4469 2332 4542 aliud,

746 4589 911 4646 quam
938 4576 1024 4629 lex
1052 4578 1303 4642 aeterna,
1328 4569 1379 4623 in
1410 4564 1640 4624 subditis
1668 4580 1776 4622 non
1805 4561 1986 4619 solum
2012 4565 2098 4617 est
2118 4559 2336 4617 actuale

746 4662 1045 4731 iudicium,
1088 4660 1172 4717 vel
1212 4658 1533 4731 imperium,
1576 4654 1669 4712 sed
1711 4654 1873 4711 etiam
1916 4651 2100 4709 lumen
2129 4650 2330 4724 ipsum,

746 4751 897 4828 quod
929 4750 1093 4808 veluti
1122 4748 1503 4823 permanenter
1528 4747 1771 4802 continet
1798 4744 2064 4815 scriptam
2091 4739 2240 4798 illam
2261 4740 2337 4797 le-

747 4860 873 4919 gem
890 4886 905 4917 ,
935 4850 991 4900 et
1018 4848 1199 4916 potest
1226 4853 1442 4911 semper
1468 4842 1596 4892 actu
1626 4835 1771 4892 illam
1798 4836 2235 4907 repraesentare.

832 4938 920 4991 11.
945 4932 1096 4990 Unde
1116 4931 1275 4988 etiam
1301 4928 1460 4985 facile
1488 4924 1824 4997 intelligitur,
1842 4920 2117 4995 quomodo
2140 4921 2223 4977 lex
2247 4936 2340 4977 na·

750 5022 951 5083 turalis
982 5026 1330 5092 comparetur
1357 5017 1426 5075 ad
1454 5017 1858 5085 conscientiam,
1885 5010 2177 5085 aliquando
2197 5012 2338 5068 enim

751 5120 1049 5173 censentur
1088 5126 1209 5167 esse
1247 5108 1421 5180 idem,
1464 5113 1527 5165 ut
1562 5122 1628 5164 ex
1668 5102 1865 5161 Basilio
1905 5109 1963 5159 et
1998 5103 2338 5158 Damasceno

752 5221 919 5278 supra
958 5200 1281 5273 retulimus,
1324 5198 1452 5272 quia
1494 5194 1828 5254 conscientia
1866 5191 1998 5249 nibil
2040 5189 2186 5248 aliud
2222 5196 2335 5261 est,

753 5309 919 5375 quam
956 5292 1232 5351 dictamen
1267 5288 1335 5348 de
1370 5285 1617 5363 agendis.
1654 5282 2018 5343 Nihilominus
2059 5288 2242 5341 tamen
2283 5281 2338 5337 in

2473 3588 2584 3635 tota
2621 3584 2756 3635 ratio
2796 3582 3041 3633 bonitatis
3077 3587 3166 3631 aut
3201 3582 3452 3643 malitiae,
3477 3593 3609 3645 quae
3645 3589 3724 3633 est
3759 3583 3811 3633 in
3834 3588 4009 3633 trans-

2477 3654 2744 3717 gressione
2767 3660 2856 3703 aut
2879 3650 3208 3703 observantia
3234 3652 3364 3715 legis
3387 3659 3621 3715 naturae,
3646 3652 3733 3703 sed
3760 3654 4006 3717 supponit.

2472 3724 2527 3775 in
2567 3723 2770 3774 actibus
2807 3722 3029 3786 aliquam
3063 3720 3380 3771 honestatem
3403 3722 3483 3771 vel
3509 3722 3898 3787 turpitudinem.
3924 3749 3996 3760 —

2474 3794 2526 3845 8.
2559 3794 2734 3844 Tertia
2771 3793 3014 3843 assertio:
3055 3792 3160 3841 Lex
3194 3792 3442 3842 naturalis
3465 3796 3544 3841 est
3569 3805 3688 3843 vera
3713 3799 3767 3843 et
3794 3792 4007 3857 propria

2471 3866 2578 3928 lex,
2609 3864 2742 3915 Deus
2763 3868 2934 3914 autem
2962 3867 3044 3913 est
3065 3862 3330 3925 legislator
3349 3862 3505 3911 illius.
3521 3863 3654 3913 —9.
3673 3861 3865 3914 Satisiit
3885 3862 4010 3913 fun-

2471 3934 2709 3986 damento
2734 3934 3006 3997 utriusque
3031 3932 3317 3983 sententiae
3341 3932 3703 3995 oppositae.—
3719 3932 4002 3997 Responsio

2471 4004 2699 4056 Medinae
2722 4004 2788 4053 ad
2811 4004 3099 4067 oppositum
3123 4000 3704 4054 fundamentum—10.
3732 4003 3989 4055 Reiicitur

2472 4075 2734 4141 responsio
2775 4073 3022 4124 Medinae.
3048 4100 3120 4109 —
3141 4072 3578 4123 Accommodatior
3621 4074 3898 4137 responsio.
3921 4100 3994 4110 —-

2477 4147 2561 4196 11.
2599 4146 2728 4196 Vera
2765 4144 3028 4207 responsio
3061 4139 3125 4193 ad
3159 4142 3527 4197 difficultatem.
3557 4141 3731 4194 -12,
3759 4144 3838 4194 An
3862 4144 4000 4194 Deus

2471 4216 2700 4281 potuerit
2719 4229 2814 4266 non
2835 4213 3106 4278 probibere
3131 4226 3226 4276 per
3254 4214 3511 4277 propriam
3548 4212 3804 4276 1030111011
3821 4250 3836 4275 ,
3867 4226 4006 4278 quae

2471 4292 2594 4337 sunt
2612 4292 2788 4337 contra
2807 4285 3058 4335 rationem
3079 4281 3634 4347 naturalem—Opinio
3651 4283 4004 4334 affirmans.—

2477 4356 2562 4407 13.
2589 4355 2770 4421 Opinio
2795 4353 3174 4419 neganS.—14.
3201 4353 3834 4418 mnemia—Aliquorum
3858 4353 4002 4404 solu-

2475 4424 2961 4478 tio.—Excluditur
2985 4423 3350 4487 responsio.—
3372 4423 3456 4472 15.
3491 4422 3619 4473 Vera
3649 4425 3911 4489 responsio
3934 4422 4004 4474 ad

2473 4498 2840 4557 obiectionem‚
2869 4502 2922 4546 et
2947 4494 3235 4546 ostenditur
3259 4491 3531 4557 quomodo,
3561 4500 3730 4545 stante
3753 4496 4000 4545 libertate

2473 4566 2665 4628 divina,
2678 4566 2810 4616 Deus
2827 4578 2925 4615 non
2946 4565 3106 4629 possit
3125 4578 3224 4615 non
3244 4562 3517 4628 prohibere
3527 4574 3608 4623 ea,
3622 4576 3754 4627 quae
3773 4571 3894 4615 sunt
3915 4565 3996 4614 in·

2472 4638 2694 4689 1111180(ιο
2715 4636 2841 4686 111818
2855 4647 2944 4700 per
2955 4636 3178 4698 aliquam
3197 4633 3542 4697 legem—16.
3555 4633 3666 4683 Alia
3677 4635 4004 4686 obiectio..—

2474 4708 2671 4759 Solutio
2695 4706 2755 4755 ad
2783 4706 3145 4766 obiectionem,
3172 4704 3224 4754 in
3248 4716 3350 4768 qua
3384 4704 3705 4768 ostenditur,
3732 4708 3884 4768 quam
3920 4704 4004 4755 in-

2475 4777 2790 4829 timationem
2811 4776 2938 4839 legis
2955 4774 3158 4825 divinae
3176 4774 3424 4825 naturalis
3444 4780 3685 4827 teneatur
3704 4776 3839 4827 Deus
3857 4775 4005 4827 exhi-

2475 4850 2599 4900 bere
2613 4882 2628 4911 ,
2656 4846 2966 4949 1111101111ηο8
2989 4844 3053 4895 ad
3079 4845 3218 4895 illam
3241 4844 3555 4907 obligentur.

2489 5012 2541 5067 1.
2571 5005 2726 5063 Ratio
2763 5001 3046 5062 dubitandi
3084 5003 3136 5059 in
3163 5003 3442 5076 praesenti
3469 5003 3786 5076 quaestione
3813 5006 3998 5065 oritur

2405 5115 2472 5157 ex
2499 5095 2848 5155 fundamento
2877 5094 3071 5166 prioris
3100 5092 3394 5151 sententiae
3415 5092 3616 5152 relatae
3639 5094 3818 5165 capite
3838 5110 3998 5168 prae·
4101 5130 4108 5137 -

2405 5188 2646 5260 cedenti,
2674 5184 2824 5259 quod
2848 5185 2922 5243 ibi
2949 5184 3286 5257 propositum
3315 5189 3421 5257 est,
3451 5191 3512 5240 et
3533 5184 3778 5243 nondum
3799 5192 4000 5244 08180·

2405 5278 2608 5337 lutum.
2641 5277 2751 5337 Lex
2777 5278 2919 5335 enim
2949 5276 3171 5349 propria
3195 5280 3255 5333 et
3280 5274 3622 5347 praeceptiva
3643 5288 3753 5333 non
3773 5276 3998 5335 08181110

4261 5036 4324 5124 Α
