4325 6267
783 351 908 414 108
2166 365 2368 416 arnna
2392 367 2473 415 11.

699 495 888 550 ordine
924 492 992 550 ad
1033 495 1300 566 gratiam,
1335 497 1610 566 quatenus
1647 507 1804 550 suam
1841 494 2006 550 etiam
2035 497 2291 548 naturam

702 582 885 640 babet.
917 584 975 639 ln
1002 580 1110 638 hoc
1138 598 1271 656 ergo
1299 598 1462 639 sensu
1491 583 1837 642 manifestum
1863 589 1970 654 est,
1999 581 2174 654 legem
2200 595 2295 636 na-

701 671 935 729 turalem
960 685 1083 728 esse
1110 670 1412 744 duplicem,
1441 671 1601 729 aliam
1627 671 2002 740 humanitatis,
2027 677 2091 728 ut
2112 672 2193 727 sic
2214 669 2296 726 di·

700 775 848 834 cam,
877 760 1036 817 aliam
1060 761 1300 834 gratiae,
1333 766 1462 818 sunt
1479 762 1624 818 enim
1645 760 1992 818 diversorum
2013 760 2291 830 ordinum,

703 855 760 905 et
797 847 864 904 ad
905 849 1038 906 fines
1081 848 1232 906 valde
1274 849 1562 906 distinctos
1603 849 1945 908 ordinantur.
1990 847 2143 908 Unde
2183 863 2295 905 una

699 940 926 996 istarum
965 939 1148 1012 legum
1187 939 1456 996 humanae
1499 945 1726 997 naturae
1755 955 1892 1012 pure
1920 939 2293 997 connaturalis

697 1035 812 1099 est,
851 1029 1025 1085 altera
1062 1028 1382 1101 simpliciter
1419 1029 1878 1100 supernaturalis.
1921 1031 1993 1086 Et
2030 1028 2173 1086 hanc
2212 1025 2293 1084 di-

697 1118 1049 1176 stinctionem
1099 1125 1284 1190 aperte
1325 1117 1517 1176 docuit
1554 1119 1842 1176 Caietanus
1876 1125 2014 1184 1.2.
2057 1135 2116 1192 q.
2155 1122 2290 1188 100,

699 1215 804 1266 art.
843 1211 894 1277 1,
918 1213 977 1266 et
1003 1209 1244 1266 sumitur
1273 1224 1342 1266 ex
1366 1207 1422 1265 d.
1454 1209 1669 1267 Thema.
1686 1210 1778 1282 ibi,
1803 1216 1858 1268 et
1877 1210 2082 1267 clarius
2108 1215 2213 1265 art.
2234 1214 2288 1267 3.

699 1299 871 1373 Igitur
899 1296 967 1355 de
1007 1305 1242 1372 utroque
1283 1299 1510 1356 illorum
1539 1299 1912 1358 membrorum
1943 1307 2175 1371 possunt
2199 1299 2293 1356 illa

697 1389 806 1446 tria
831 1388 1171 1461 investigari3
1201 1390 1310 1445 imo
1339 1389 1538 1461 omnia,
1571 1405 1712 1463 quae
1732 1391 1800 1447 de
1825 1389 1942 1462 lege
1963 1389 2193 1446 naturali
2214 1388 2294 1446 di-

701 1486 940 1539 cuntur.
978 1485 1210 1550 possunt
1239 1494 1370 1535 cum
1396 1480 1750 1552 proportione
1779 1478 1848 1537 ad
1877 1485 2172 1553 utramque
2198 1494 2294 1552 ap-

701 1565 914 1639 plicari.
945 1567 1056 1624 Nos
1083 1575 1268 1624 autem
1297 1569 1451 1642 quasi
1477 1569 1650 1642 gratia
1684 1570 1914 1642 exempli
1941 1570 2051 1627 fere
2077 1585 2294 1640 semper

703 1657 983 1728 loquimur
1010 1656 1078 1713 de
1111 1657 1224 1730 lege
1253 1661 1471 1716 omnino
1499 1659 1752 1726 naturali,
1784 1665 1903 1716 tum
1931 1659 2060 1733 quia
2084 1666 2171 1716 est
2197 1675 2294 1716 no-

700 1746 824 1818 tior,
855 1753 972 1803 tum
999 1747 1128 1819 quia
1157 1747 1495 1820 frequentius
1521 1750 1594 1804 ita
1623 1747 1925 1822 loquuntur
1951 1755 2225 1807 auctores.

777 1837 860 1894 Ad
890 1839 1122 1909 primum
1146 1853 1280 1911 ergo
1302 1839 1616 1911 quaesitum
1637 1839 1933 1897 dicendum
1954 1850 2059 1910 est,
2081 1840 2132 1896 in
2157 1855 2295 1897 uno-

703 1942 923 2001 quoque
962 1926 1176 1983 homine
1216 1927 1374 1999 plura
1411 1943 1534 1984 esse
1571 1928 1838 1985 naturalia
1878 1936 2199 2002 praecepta,
2228 1945 2293 1986 ex

702 2015 952 2073 omnibus
995 2031 1126 2073 vero
1167 2017 1418 2088 componi
1451 2032 1624 2074 unum
1652 2017 1740 2073 ius
1767 2018 2036 2084 naturale.
2073 2021 2148 2075 lta
2178 2034 2295 2075 rem

705 2105 845 2162 hanc
885 2102 1121 2177 explicat
1161 2105 1216 2162 d.
1246 2106 1480 2164 Thomas
1509 2108 1691 2165 citatis
1718 2106 1877 2180 locis,
1908 2109 2064 2179 Soto,
2093 2115 2151 2165 et
2177 2108 2292 2180 alii,

703 2201 762 2254 et
786 2197 1021 2252 sumitur
1047 2211 1116 2252 ex
1146 2195 1184 2252 l.
1218 2199 1268 2266 l,
1299 2195 1352 2252 fl'.
1384 2195 1453 2253 de
1479 2199 1656 2256 iustit.
1681 2205 1737 2254 et
1759 2197 1900 2270 iure,
1923 2198 2297 2254 ibn-Hosius

705 2284 1018 2343 collectum
1042 2292 1129 2343 est
1147 2301 1224 2343 ex
1243 2285 1625 2344 naturalibus
1637 2292 1994 2363 praeceptis.
2019 2289 2179 2346 Ratio
2201 2304 2297 2345 au-

706 2384 817 2436 tem
847 2377 1071 2433 unitatis
1091 2416 1107 2448 ,
1139 2384 1356 2448 praeter
1384 2393 1731 2435 communem
1761 2378 1984 2436 modum
2014 2377 2296 2451 loquendi,

706 2467 970 2525 fundatur
997 2483 1028 2523 a
1053 2465 1112 2523 d.
1144 2466 1354 2523 Thoma
1374 2468 1424 2522 in
1455 2465 1776 2525 reductione
1806 2469 2050 2524 omnium
2075 2483 2299 2539 praece·

705 2565 930 2631 ptorum
955 2556 1289 2614 naturalium
1313 2554 1377 2612 ad
1403 2572 1576 2613 unum
1599 2559 1840 2629 primum
1865 2557 2219 2629 principium,
2244 2557 2297 2612 in

707 2663 818 2721 quo
840 2645 930 2702 illa
952 2651 1245 2718 praecepta
1270 2646 1426 2718 quasi
1449 2647 1733 2718 uniuntur3
1757 2644 1852 2702 uhi
1873 2647 2013 2702 enim
2039 2652 2125 2703 est
2146 2646 2298 2716 unio,

707 2743 795 2794 est
819 2736 1003 2809 aliqua
1031 2737 1230 2792 unitas.
1265 2739 1442 2809 Atque
1468 2735 1580 2793 huc
1603 2742 1819 2808 spectat
1839 2738 2106 2794 sententia
2126 2736 2301 2794 Basilii

707 2828 766 2884 in
795 2825 1003 2898 regula,
1033 2826 1206 2884 fusius
1234 2826 1378 2899 disp.
1409 2825 1585 2900 regul.
1627 2831 1676 2884 1.
1711 2825 1971 2898 dicentis,
2001 2841 2122 2882 esse
2150 2825 2300 2883 ordi-

711 2931 835 2972 nem
879 2917 930 2972 in
957 2914 1150 2973 divinis
1181 2915 1470 2990 mandatis,
1500 2931 1673 2974 unum
1700 2931 1822 2973 esse
1848 2916 2085 2988 primum
2107 2959 2121 2986 ,
2150 2915 2302 2989 quod

709 3013 796 3065 est
819 3005 1129 3065 dilectionis
1156 3007 1278 3078 Dei,
1311 3005 1460 3064 aliud
1481 3006 1812 3080 seeundum,
1835 3006 2147 3064 dilectionis
2170 3022 2298 3079 pro·

709 3099 858 3170 ximi,
887 3103 951 3154 ut
977 3096 1182 3154 dicitur
1207 3096 1396 3154 Matth.
1429 3100 1524 3169 223
1555 3095 1624 3152 ad
1651 3112 1792 3168 quae
1811 3096 1922 3154 duo
1947 3096 2301 3170 tanquamad

715 3189 888 3262 prima
927 3187 1194 3259 principia
1231 3192 1448 3244 caetera
1475 3185 1850 3259 reducuntur,
1881 3195 1947 3245 ut
1972 3188 2136 3245 etiam
2165 3189 2305 3244 Pau·

712 3278 800 3335 lus
828 3277 1149 3350 significavit
1173 3278 1335 3334 Rom.
1369 3281 1456 3335 13.
1482 3275 1615 3334 Addi
1639 3275 1871 3352 denique
1893 3283 2098 3348 potest,
2123 3277 2303 3334 omnia

711 3368 977 3426 naturalia
1006 3375 1296 3439 praecepta
1323 3366 1466 3424 uniri
1496 3367 1548 3423 in
1577 3382 1688 3422 uno
1713 3367 1817 3422 tine
1843 3373 1899 3424 et
1918 3366 1970 3422 in
2006 3382 2114 3424 uno
2137 3367 2303 3422 etiam

710 3465 940 3516 auctore
982 3472 1079 3514 seu
1119 3456 1458 3529 legislatore,
1487 3462 1542 3512 et
1565 3455 1622 3510 in
1650 3469 1758 3511 uno
1787 3454 1949 3512 modo
1978 3454 2062 3512 vel
2092 3455 2297 3512 vitandi

712 3547 947 3619 malum,
993 3549 1121 3621 quia
1157 3545 1364 3604 malum
1403 3551 1520 3616 est,
1554 3543 1638 3600 vel
1673 3543 2037 3616 praecipiendi
2071 3543 2302 3612 bonum,

713 3639 842 3712 quia
868 3636 1159 3693 honestum
1199 3651 1264 3692 ac
1305 3633 1678 3690 necessarium
1708 3641 1824 3704 est3
1857 3633 1990 3688 haee
2018 3648 2154 3706 ergo
2186 3633 2301 3690 suf-

713 3727 904 3784 ficiunt
931 3725 999 3782 ad
1027 3725 1287 3782 moralem
1315 3725 1598 3781 unitatem.
2020 3776 2030 3787 ,

789 3819 862 3876 Ut
885 3822 1072 3873 autem
1098 3813 1393 3872 multitudo
1421 3822 1842 3887 praeceptorum
1866 3812 1935 3871 ad
1957 3813 2192 3887 aliquem
2216 3831 2307 3871 or·

713 3907 893 3964 dinem
936 3904 1248 3978 redigatur,
1291 3902 1547 3977 distingui
1584 3911 1816 3977 possunt
1843 3904 1894 3960 in
1925 3902 2073 3960 varia
2098 3904 2303 3976 capita,

714 3996 800 4055 vel
837 4011 903 4053 ex
935 4001 1084 4068 parte
1113 4007 1492 4065 personarum,
1523 3993 1592 4050 ad
1619 4008 1758 4067 quas
1786 3992 2115 4051 ordinantur
2140 3995 2304 4066 quasi

714 4087 1014 4155 obiective3
1037 4090 1095 4142 et
1119 4085 1198 4139 sic
1228 4080 1497 4156 quaedam
1519 4090 1810 4155 praecepta
1830 4089 2129 4142 versantur
2157 4084 2312 4140 circa

714 4181 910 4248 Deum,
942 4172 1212 4248 quaedam
1231 4172 1384 4229 circa
1404 4175 1736 4246 proximum,
1759 4170 2030 4246 quaedam
2055 4171 2206 4230 circa
2228 4173 2308 4245 ip-

717 4272 957 4324 summet
993 4264 1286 4321 hominem.
1328 4264 1564 4319 Possunt
1601 4263 1758 4320 etiam
1786 4262 2048 4336 distingui
2078 4277 2174 4334 per
2204 4262 2311 4318 vir·

716 4364 893 4426 tutes;
934 4371 1059 4412 nam
1096 4352 1366 4426 quaedam
1395 4359 1528 4410 sunt
1553 4359 1846 4426 praecepta
1875 4353 2140 4426 iustitiae3
2174 4352 2310 4409 aliae

716 4446 962 4505 caritatis
1001 4459 1100 4499 seu
1139 4443 1340 4498 amoris
1381 4441 1682 4512 naturalis,
1723 4449 1838 4498 etc.
1873 4444 2008 4499 ltem
2048 4441 2312 4515 distingui

717 4541 950 4609 possunt
985 4549 1082 4606 per
1122 4531 1368 4590 ordinem
1405 4530 1472 4588 ad
1509 4531 1882 4602 intellectum,
1923 4532 2087 4589 etsie
2113 4530 2311 4589 distin-

715 4631 966 4700 guuntur
989 4639 1020 4678 a
1040 4622 1094 4679 d.
1123 4620 1347 4693 Thema,
1370 4621 1625 4679 Caietano
1643 4627 1698 4678 et
1719 4620 1839 4678 aliis
1860 4621 2134 4678 naturalia
2155 4637 2314 4693 prae-

717 4721 874 4785 cepta
892 4755 908 4787 ,
945 4715 1092 4769 sicut
1119 4711 1530 4785 distinguuntur
1558 4728 1590 4769 a
1615 4710 1948 4784 philosophis
1978 4712 2307 4784 propositio-

715 4820 813 4861 nes
841 4802 1202 4872 necessariae3
1232 4818 1364 4858 nam
1386 4801 1659 4875 quaedam
1682 4808 1811 4858 sunt
1839 4817 1937 4874 per
1964 4817 2023 4858 se
2050 4810 2234 4876 notae,
2256 4808 2314 4859 et

717 4894 770 4950 in
801 4909 890 4965 se,
920 4899 977 4950 et
1005 4899 1266 4963 respectu
1295 4892 1536 4948 omnium
1576 4890 1856 4948 hominum
1884 4932 1900 4964 ,
1940 4896 2004 4949 ut
2029 4897 2160 4948 sunt
2191 4893 2313 4949 uui-

717 4983 1076 5040 versalissima
1105 4987 1418 5054 praecepta3
1445 4980 1578 5037 aliae
1607 4986 1736 5036 sunt
1765 4980 1816 5036 in
1842 4995 1899 5037 se
1924 4987 1982 5037 et
2001 4995 2103 5052 per
2129 4996 2189 5036 se
2216 4997 2313 5039 no-

717 5079 808 5132 tae
827 5088 892 5129 ac
915 5070 1238 5143 immediate,
1267 5085 1374 5126 non
1397 5076 1574 5126 tamen
1596 5068 1778 5143 quoad
1809 5086 1929 5141 nos,
1953 5073 2199 5143 quamvis
2226 5087 2311 5128 re·

718 5170 914 5237 spectu
943 5162 1249 5235 sapientum
1279 5159 1486 5231 possint
1520 5173 1641 5215 esse
1671 5158 1839 5230 tales,
1871 5166 1935 5216 ut
1973 5165 2104 5217 sunt
2129 5160 2312 5233 aliqua

719 5257 1017 5328 praecepta
1041 5249 1383 5326 singularum
1412 5249 1708 5322 virtutum,
1738 5253 1793 5306 et
1819 5255 2112 5323 praecepta
2143 5253 2315 5310 Deca-

2368 491 2511 564 logl3
2540 491 2673 548 aliae
2703 508 2835 550 vero
2863 497 3021 562 sunt,
3053 505 3195 566 quae
3218 491 3459 566 indigent
3494 491 3755 550 discursu
3776 532 3791 562 ‚
3824 491 3963 548 inter

2364 596 2502 652 quas
2528 589 2615 638 est
2639 583 2801 640 etiam
2830 581 3088 655 latitud03
3122 599 3243 639 nam
3272 582 3545 656 quaedam
3584 581 3746 639 facile
3770 623 3787 652 ,
3826 582 3961 638 aliae

2362 668 2581 728 difficile
2604 677 3043 746 cognoscuntur.
3061 671 3209 740 Quae
3230 671 3507 729 distinctio
3529 671 3754 728 confert
3773 669 3845 728 ad
3866 687 3963 727 co·

2362 760 2734 832 gnoscendam
2762 763 3121 836 ignorantiam
3143 762 3279 836 legis
3294 762 3584 834 naturalis,
3616 761 3688 819 de
3709 778 3825 836 qua
3850 767 3961 818 sta-

2361 849 2458 906 tim
2486 849 2754 908 dicemus.

2437 939 2636 998 Ultimo
2661 941 2879 999 reducit
2897 940 3203 999 d.Thomas
3231 943 3285 998 in
3306 942 3363 998 d.
3380 947 3485 1000 art.
3518 947 3650 1015 2,q.
3674 946 3771 1013 94,
3796 957 3959 1015 quem

2364 1031 2657 1088 caietanus
2684 1037 2739 1088 et
2768 1031 2853 1088 alii
2888 1032 3173 1088 imitantur
3198 1074 3213 1103 ,
3259 1035 3575 1091 varietatem
3617 1030 3763 1089 hanc
3802 1047 3960 1104 prae-

2362 1125 2653 1191 ceptorum
2682 1121 3011 1177 naturalium
3036 1120 3103 1178 ad
3124 1121 3301 1179 varias
3326 1121 3553 1179 bominis
3580 1120 3961 1179 inclinationes

2361 1209 2669 1280 naturales3
2700 1216 2790 1266 est
2814 1211 2959 1266 enim
2989 1209 3152 1266 homo
3172 1211 3510 1268 individuum
3532 1210 3817 1284 quoddam
3836 1226 3956 1282 ens,

2360 1305 2417 1355 et
2446 1306 2509 1355 ut
2536 1299 2616 1357 sic
2647 1299 2943 1356 inclinatur
2969 1299 3038 1356 ad
3065 1300 3507 1357 conservandum
3538 1315 3707 1356 suum
3746 1313 3871 1356 esse
3904 1306 3963 1355 et

2362 1388 2431 1446 ad
2458 1404 2615 1446 suam
2642 1389 3115 1461 commoditatem,
3144 1398 3231 1448 est
3256 1391 3414 1446 etiam
3442 1405 3542 1447 ens
3572 1387 3960 1461 corruptibile,

2363 1495 2465 1535 seu
2492 1479 2723 1537 mortale
2742 1523 2759 1551 ,
2786 1485 2839 1536 et
2868 1486 2930 1537 ut
2957 1479 3036 1536 sic
3064 1479 3356 1537 inclinatur
3383 1478 3451 1536 ad
3482 1479 3963 1536 conservationem

2362 1569 2565 1642 speciei
2616 1575 2672 1626 et
2716 1568 2788 1627 ad
2836 1570 3081 1627 actiones
3130 1576 3357 1644 propter
3397 1569 3540 1626 illam
3590 1569 3955 1635 necessariasg

2365 1657 2584 1716 tandem
2615 1657 2891 1715 rationalis
2918 1665 3004 1714 est
3030 1700 3045 1727 ,
3084 1664 3141 1716 et
3167 1666 3232 1716 ut
3268 1660 3347 1716 sic
3375 1674 3553 1731 capax
3576 1657 3959 1715 immortalita-

2364 1749 2433 1807 tis
2450 1789 2465 1820 ,
2496 1755 2554 1822 ent
2580 1747 2940 1820 spiritualium
2968 1747 3391 1820 perfectionum,
3422 1755 3479 1805 et
3504 1747 3967 1804 communicatio-

2362 1841 2445 1895 nis
2474 1854 2603 1895 cum
2632 1842 2773 1911 Deo,
2804 1855 2869 1895 ac
2914 1838 3192 1896 societatis
3230 1855 3362 1896 cum
3404 1837 3764 1895 rationalibus
3804 1851 3963 1892 crea-

2366 1928 2523 1984 turis.
2548 1930 2659 1985 Lex
2684 1930 2818 2002 ergo
2840 1927 3103 1985 naturalis
3123 1929 3333 2001 perficit
3354 1926 3626 1984 hominem
3650 1925 3965 1984 secundum

2363 2033 2579 2074 omnem
2607 2017 3005 2074 inclinationem
3034 2034 3223 2085 suam,
3251 2024 3310 2075 et
3337 2027 3397 2075 ut
3425 2020 3505 2073 sic
3535 2017 3789 2076 continet
3812 2017 3965 2072 varia

2365 2115 2681 2181 praecepta:
2714 2108 3127 2180 temperantiae,
3160 2107 3241 2164 vel
3283 2106 3611 2165 fortitudinis
3640 2107 3955 2165 secundum

2363 2199 2590 2271 primam
2620 2197 3043 2268 inclinationem
3066 2200 3335 2258 castitatis
3357 2205 3416 2256 et
3435 2196 3754 2270 prudentiae
3775 2197 3963 2270 quoad

2366 2284 2699 2352 secundam3
2731 2286 3030 2361 religionis,
3062 2288 3297 2344 iustitiae
3316 2329 3331 2359 ,
3361 2296 3472 2344 etc.
3505 2286 3687 2360 quoad
3716 2287 3960 2344 tertiam.

2364 2376 2503 2433 Nam
2530 2376 2633 2432 bae
2661 2392 2851 2434 omnes
2881 2378 3271 2448 propensiones
3312 2377 3361 2432 in
3393 2376 3607 2432 homine
3636 2376 3973 2448 spectandae

2369 2472 2530 2538 sunt,
2560 2473 2837 2539 quatenus
2864 2467 3045 2540 aliquo
3076 2465 3237 2524 modo
3268 2467 3660 2524 determinatae
3702 2473 3763 2524 et
3788 2467 3969 2524 eleva-

2367 2561 2456 2612 tae
2486 2571 2583 2628 per
2608 2556 2843 2628 gradum
2874 2556 3211 2613 rationalem.
3233 2558 3367 2614 Nam
3392 2558 3439 2612 si
3460 2556 3884 2614 considerentur
3904 2563 3971 2612 ut

2368 2660 2516 2703 mere
2546 2651 2673 2703 sunt
2700 2646 2981 2703 naturales
3001 2691 3016 2716 ,
3048 2647 3130 2704 vel
3171 2647 3458 2720 animales,
3490 2647 3672 2719 potius
3715 2647 3969 2704 fraenan-

2370 2734 2474 2797 dae
2502 2740 2630 2793 sunt
2657 2734 2727 2793 ad
2754 2732 3013 2794 virtutem
3039 2736 3456 2811 assequendam,
3489 2746 3555 2794 ut
3579 2739 3727 2795 dixit
3760 2740 3975 2796 Aristo-

2373 2824 2509 2882 teles
2536 2830 2593 2884 2.
2626 2827 2823 2884 Etkic.
2854 2842 2980 2899 cap.
3013 2831 3077 2900 9,
3108 2832 3164 2884 et
3189 2826 3851 2905 optimesshrysostomus
3876 2827 3975 2884 ho-

2376 2915 2521 2972 milia
2550 2921 2635 2974 13.
2663 2915 2731 2973 ad
2760 2915 3046 2988 populum,
3074 2932 3269 2974 versus
3296 2918 3477 2990 finem,
3504 2925 3685 2976 tamen
3718 2907 3785 2975 u‘t
3811 2934 3973 2990 regu-

2371 3003 2559 3062 labiles
2582 3021 2677 3078 per
2700 3011 2909 3063 rectam
2939 3007 3223 3080 rationem,
3238 3008 3468 3079 singulis
3490 3007 3827 3080 respondent
3849 3024 3975 3081 pro-

2374 3096 2491 3170 pria
2509 3102 2566 3153 et
2593 3096 3009 3154 accommodata
3035 3104 3349 3170 praecepta.

2448 3191 2505 3245 2.
2538 3185 2793 3244 Secundo
2820 3186 3111 3245 dicendum
3136 3195 3259 3260 est,
3291 3181 3431 3246 h'anc
3461 3189 3635 3262 legem
3663 3187 3973 3244 naturalem

2376 3291 2499 3334 esse
2539 3291 2703 3332 unam
2756 3276 2807 3331 iu
2853 3275 3107 3333 omuibus
3155 3276 3460 3334 hominibus
3506 3284 3562 3334 et
3607 3277 3838 3350 ubique.
3888 3278 3969 3332 lta

2372 3367 2541 3423 Arist.
2580 3371 2631 3423 5.
2664 3367 2863 3423 Ethic.
2894 3382 3020 3438 cap.
3060 3369 3085 3423 7
3112 3409 3127 3438 ,
3155 3368 3380 3439 Cicero,
3410 3367 3571 3424 cuius
3598 3369 3825 3442 egregia
3850 3383 3973 3423 ver-

2372 3457 2440 3512 ba
2470 3456 2519 3511 in
2549 3455 2921 3527 superioribus
2948 3454 3109 3514 allata
3137 3463 3297 3525 sunt,
3340 3455 3601 3516 etsefert
3640 3459 3970 3515 Lactantius

2375 3544 2513 3602 libro
2540 3550 2596 3603 2.
2628 3547 3086 3602 Institutionum
3106 3589 3124 3612 ,
3166 3561 3290 3618 cap.
3326 3548 3381 3618 7,
3410 3552 3467 3603 et
3492 3546 3630 3603 libro
3660 3551 3873 3618 5,·cap.
3906 3552 3963 3617 8,

2372 3633 2431 3690 d.
2463 3635 2695 3692 Thomas
2723 3651 2780 3708 q.
2814 3639 2882 3694 9⁴
2913 3676 2927 3709 ,
2966 3641 3071 3692 art.
3106 3639 3139 3694 4
3166 3676 3181 3706 ,
3227 3641 3283 3692 et
3310 3636 3379 3692 ibi
3420 3651 3625 3692 omnes.
3670 3636 3828 3692 Ratio
3860 3645 3967 3706 est,

2374 3725 2504 3799 quia
2534 3727 2669 3782 haee
2699 3725 2784 3782 lex
2812 3731 2895 3782 est
2921 3724 3087 3783 veluti
3116 3726 3423 3797 proprietas
3449 3740 3833 3798 consequens,
3862 3740 3975 3780 non

2376 3818 2637 3872 rationem
2668 3815 2943 3887 propriam
2972 3816 3204 3872 alicuius
3232 3814 3513 3884 individui,
3538 3816 3634 3874 sed
3662 3816 3978 3888 specificam

2377 3913 2662 3975 naturam,
2696 3920 2837 3977 quae
2864 3897 3058 3962 eadem
3084 3907 3247 3962 estin
3290 3896 3564 3962 omnibus.
3596 3906 3733 3962 ltem
3776 3904 3978 3980 synde-

2378 3995 2513 4052 resis
2540 3992 2729 4052 cadem
2752 4000 2837 4051 est
2861 3995 2917 4051 in
2946 3993 3197 4051 omnibus
3226 3993 3535 4052 bominibus
3552 4037 3567 4066 ,
3594 4001 3653 4050 et
3680 4009 3778 4067 per
3802 4009 3864 4051 se
3894 3993 3975 4050 lo-

2378 4084 2597 4158 quendo
2624 4099 2747 4141 esse
2788 4083 3201 4168 possstpadem
3244 4086 3480 4158 cognitio
3518 4083 3977 4154 conclusionum3

2377 4190 2508 4247 ergo
2534 4182 2592 4232 et
2618 4173 2807 4231 eadem
2838 4174 2922 4232 lex
2950 4180 3197 4231 naturae.
3230 4177 3328 4232 Hic
3359 4190 3489 4232 vero
3516 4175 3853 4232 occurrebat
3878 4175 3975 4230 ob-

2382 4264 2539 4321 iectio
2556 4305 2570 4330 ,
2603 4265 2729 4337 quia
2756 4264 3003 4321 diversae
3032 4265 3280 4320 nationes
3306 4281 3435 4320 usae
3456 4270 3587 4321 sunt
3606 4263 3820 4336 legibus
3844 4279 3979 4320 con·

2383 4354 2563 4410 trariis
2592 4353 2931 4414 naturalibus
2958 4354 3293 4426 praeceptis3
3334 4369 3467 4427 ergo
3508 4369 3615 4410 non
3656 4361 3742 4412 est
3782 4353 3973 4410 eadem

2381 4443 2464 4499 lex
2494 4449 2721 4499 naturae
2752 4445 2806 4500 in
2836 4443 3111 4500 omnibus.
3142 4441 3481 4500 Antecedens
3508 4450 3731 4501 constat
3756 4458 3821 4499 ex
3858 4443 3981 4500 Hie-

2382 4547 2610 4609 ronymo
2644 4532 2735 4589 lib.
2759 4538 2818 4590 2.
2850 4536 3065 4589 contra
3091 4534 3281 4590 Ῑουίπ.
3314 4540 3371 4590 et
3394 4531 3599 4590 Theod.
3630 4533 3723 4590 lib.
3758 4537 3813 4591 9.
3850 4535 3974 4591 Cu-

2378 4626 2497 4679 rat.
2531 4623 2585 4678 d.
2618 4622 2827 4678 Thema
2856 4637 2911 4695 q.
2947 4624 3048 4692 94,
3080 4629 3186 4679 art.
3218 4627 3250 4681 4
3280 4663 3296 4695 ,
3336 4622 3426 4680 ubi
3464 4638 3531 4680 ex
3572 4622 3710 4681 lulio
3738 4625 3975 4680 Caesare

2380 4711 2475 4768 lib.
2508 4715 2561 4769 6.
2592 4709 2665 4768 de
2692 4710 2839 4768 bello
2868 4711 3094 4770 Gallico
3121 4711 3319 4786 refert,
3346 4711 3487 4784 apud
3516 4713 3819 4770 Germanos
3838 4713 3972 4770 olim

2381 4801 2593 4858 furtum
2622 4817 2727 4856 non
2759 4800 2929 4858 fuisse
2959 4807 3277 4873 reputatum
3304 4802 3571 4874 iniquum.
3605 4803 3675 4860 Et
3698 4802 3769 4858 de
3798 4805 3973 4859 Lace·

2380 4889 2736 4947 daemonibus
2763 4890 2904 4948 idem
2935 4890 3103 4947 refert
3126 4891 3320 4948 Castro
3362 4907 3427 4948 ex
3455 4890 3753 4949 Plutarcho
3784 4891 3873 4948 lib.
3908 4897 3969 4949 2.

2381 4980 2601 5063 desteqe
2619 4980 2860 5055 poenal.
2888 4996 3013 5052 cap.
3053 4983 3139 5038 14.
3171 4980 3455 5038 Adulteria
3482 4985 3643 5039 etiam
3688 4998 3719 5038 a
3760 4981 3977 5056 Lycur-

2380 5089 2451 5145 go
2480 5071 2707 5143 probata
2734 5071 2899 5128 fuisse
2928 5071 3094 5128 refert
3110 5070 3441 5128 Plutarchus
3462 5073 3513 5128 in
3538 5072 3648 5128 vita
3670 5071 3840 5128 illius.
3869 5072 3976 5127 Re·

2382 5160 2626 5234 spondeo
2663 5161 2901 5218 breviter
2926 5177 2993 5217 ex
3033 5160 3088 5217 d.
3131 5161 3333 5217 Thoma
3374 5177 3541 5233 supra
3569 5203 3584 5234 ,
3620 5162 3761 5218 hanc
3802 5161 3981 5236 legem

2383 5251 2563 5325 quoad
2579 5249 2941 5309 substantiam
2962 5251 3014 5309 in
3036 5251 3287 5310 omnibus
3307 5250 3617 5309 hominibus
3639 5267 3761 5309 esse
3786 5266 3976 5322 unam;
