4325 6267
758 340 914 402 250·
1119 413 1124 416 ,
1959 422 1966 430 ,
2130 353 2335 405 mmm
2362 355 2469 404 111.
2580 322 2585 330 ’

683 481 1040 540 Nihilominus
1075 484 1260 540 verius
1290 481 1507 541 videtur
1535 481 1773 556 obligare
1807 489 2078 556 quantum
2105 487 2273 539 mate-

683 572 761 629 ria
786 579 872 630 est
899 561 1078 645 capax'
1094 614 1108 642 ,
1135 589 1200 629 ac
1225 573 1453 631 subinde
1476 572 1578 630 sub
1600 573 1812 629 veniali.
1840 575 1958 630 Duo
1978 575 2121 630 enim
2143 578 2277 630 sunt

681 663 736 719 in
765 661 857 719 illo
898 669 1189 736 praecepto
1215 663 1628 737 distinguenda,
1656 679 1828 721 unum
1855 669 1942 720 est
1967 663 2127 721 talem
2156 678 2271 720 rem

680 755 955 827 praecipi,
1001 754 1149 812 aliud
1175 761 1258 811 est
1285 755 1520 828 praecipi
1549 755 1652 811 sub
1687 753 1778 812 tali
1806 754 2156 828 obligatione,
2190 752 2275 810 vel

683 859 888 914 poena:
931 845 1198 916 primum,
1229 850 1296 900 ut
1322 847 1705 918 supponimus,
1737 861 1845 901 non
1873 851 1958 901 est
1984 845 2267 918 iniustum,

681 931 810 1004 quia
852 935 1106 1005 ponimus
1143 935 1424 991 materiam
1453 935 1730 1008 praecepti
1757 935 2078 1007 simpliciter
2107 935 2274 992 hone-

682 1027 822 1078 stam
859 1031 1098 1104 esse,⁴et
1124 1025 1176 1080 in
1205 1042 1307 1082 suo
1336 1023 1512 1099 gradu
1539 1027 1737 1083 iustam
1757 1031 1813 1082 et
1837 1041 2096 1098 capacem
2118 1041 2274 1096 prae-

683 1115 857 1185 cepti:
893 1113 1200 1173 secundum
1238 1121 1422 1172 autem
1459 1116 1714 1173 iniustum
1751 1122 1852 1173 est.
1896 1118 1966 1173 At
2002 1131 2132 1172 vero
2161 1129 2269 1170 non

687 1203 935 1261 obstante
961 1206 1224 1262 iniustitia
1243 1213 1300 1264 et
1338 1205 1585 1263 nullitate
1613 1207 1792 1279 quoad
1817 1204 2142 1277 secundum,
2176 1222 2273 1278 po-

682 1302 792 1358 test
817 1303 1176 1368 praeceptum
1204 1296 1385 1354 valere
1412 1295 1589 1370 quoad
1612 1295 2036 1370 primum,quod
2058 1299 2271 1379 iustum

683 1394 799 1459 est,
839 1391 954 1442 tum
984 1387 1112 1459 quia
1139 1385 1270 1444 illud
1297 1393 1384 1444 est
1408 1386 1562 1458 prius
1591 1395 1788 1444 natura
1812 1428 1827 1459 ,
1865 1394 1928 1444 ut
1955 1387 2035 1444 sic
2065 1386 2269 1456 dicam,

682 1482 742 1532 et
765 1491 832 1532 ex
868 1492 928 1532 se
957 1476 1257 1548 separabile
1286 1492 1316 1532 a
1345 1474 1623 1550 secundo,
1654 1483 1774 1533 tum
1811 1477 1974 1533 etiam
2002 1516 2018 1548 ,
2059 1476 2188 1549 quia
2216 1477 2271 1531 in

683 1565 763 1622 his
786 1607 801 1638 ,
833 1581 974 1639 quae
1001 1565 1314 1623 huiusmodi
1341 1573 1505 1640 sunt,
1539 1567 1670 1624 utile
1709 1582 1808 1639 per
1843 1567 2032 1624 inutile
2059 1582 2168 1623 non
2194 1568 2275 1623 vi-

682 1660 872 1713 tiatur.
903 1658 1088 1730 Neque
1124 1657 1349 1714 intentio
1386 1657 1765 1728 praecipientis
1803 1657 2116 1730 intelligitur
2151 1673 2273 1714 esse

683 1745 1086 1817 conditionata,
1119 1746 1191 1803 ita
1219 1752 1283 1803 ut
1308 1745 1444 1804 nolit
1471 1749 1785 1820 praecipere
1814 1747 1960 1820 quod
1989 1754 2195 1822 potest,
2228 1749 2275 1802 si

685 1850 792 1891 non
826 1843 1010 1908 potest
1036 1835 1275 1909 obligare
1305 1843 1571 1910 quantum
1600 1837 1836 1909 appetit,
1862 1836 1956 1894 sed
1978 1839 2156 1910 potius
2182 1837 2275 1894 ab·

684 1925 862 1983 solute
893 1924 1120 1983 intendit
1145 1929 1486 2000 praecipere,
1517 1933 1570 1983 et
1607 1926 1836 1985 volendo
1875 1927 2118 2002 obligare
2147 1928 2273 2002 plus

684 2031 850 2088 quam
872 2007 1492 2090 potest,consequenter
1513 2017 1678 2092 etiam
1699 2016 1819 2074 vult
1837 2016 2075 2090 obligare
2099 2034 2275 2091 quan-

683 2094 802 2161 tuin
832 2110 1031 2178 potest.
1065 2107 1136 2165 Et
1160 2107 1234 2163 ita
1261 2123 1480 2181 censeo,
1513 2107 1620 2165 tale
1645 2114 2003 2181 praeceptum
2029 2125 2152 2166 esse
2181 2126 2275 2166 va-

679 2193 850 2252 lidum
880 2196 1064 2270 quoad
1101 2196 1486 2270 obligationem
1524 2205 2020 2256 commensuratam
2066 2208 2122 2256 et
2147 2215 2301 2272 pro-.

679 2285 1039 2357 portionatam
1083 2288 1338 2344 materiae
1373 2288 1492 2345 eius
1518 2329 1534 2362 ,
1579 2289 1711 2362 quia
1758 2289 1939 2362 quoad
1979 2289 2124 2346 illam
2163 2306 2270 2347 non

681 2375 834 2431 deest
859 2377 1078 2434 intentio
1113 2377 1527 2452 praecipientia,
1557 2384 1610 2435 et
1635 2377 1763 2436 nihil
1794 2378 1937 2436 aliud
1978 2386 2094 2455 est,
2125 2380 2273 2453 quod

585 2545 596 2550 α
679 2464 748 2520 ibi
771 2463 1138 2524 desideretur.

616 2591 624 2600 ι
710 2613 716 2620 ,
761 2561 815 2612 5.
861 2556 1116 2614 Secundo
1155 2548 1464 2622 dicendum,
1489 2565 1614 2631 est,
1658 2559 1982 2632 gravitatem
2019 2559 2275 2618 materiae

680 2645 1046 2720 sufficientem
1089 2647 1157 2704 ad
1193 2665 1416 2720 gravem
1446 2648 1580 2722 legis
1611 2649 1992 2723 obligationem
2017 2650 2274 2723 prudenti

680 2737 904 2793 arbitrio
945 2737 1286 2796 iudicandam
1327 2755 1448 2796 esse
1475 2784 1488 2811 ,
1531 2758 1637 2798 non
1678 2758 1842 2814 posse
1869 2745 2162 2800 certiorem
2191 2759 2276 2800 re·

683 2827 868 2899 gulam
907 2828 1066 2885 tradi.
1108 2830 1254 2886 llaec
1295 2833 1524 2889 assertio
1564 2832 1618 2888 in
1659 2835 1883 2891 materia
1919 2834 1988 2891 de
2030 2837 2275 2907 peccatis

677 2917 963 2975 tractanda
995 2925 1098 2983 est,
1131 2935 1253 2976 nam
1284 2925 1369 2976 est
1394 2922 1615 2993 propria
1643 2921 1782 2979 illius
1811 2923 1946 2996 loci,
1972 2924 2273 2997 eademque

683 3006 876 3079 regula
903 3023 1000 3081 pro
1033 3007 1152 3082 lege
1177 3010 1416 3068 naturali
1447 3017 1502 3067 et
1521 3012 1699 3070 divina
1731 3013 1870 3071 solet
1899 3017 2179 3088 assignari,
2213 3022 2278 3073 ut

683 3097 736 3152 in
777 3098 1004 3155 materia
1043 3101 1211 3156 etiam
1239 3099 1306 3157 de
1335 3107 1460 3157 voto
1503 3107 1562 3158 et
1589 3102 1897 3161 iuramento
1929 3103 2136 3161 dictum
2165 3112 2271 3176 est,

680 3191 734 3242 et
759 3185 862 3243 dici
891 3187 1030 3244 solet
1063 3191 1118 3245 in
1156 3192 1381 3247 materia
1409 3190 1474 3247 de
1519 3190 1699 3261 furto,
1734 3199 1791 3250 et
1827 3193 2110 3251 similibus.
2138 3195 2275 3262 Quia

593 3347 596 3352 Ι
681 3292 742 3338 re
773 3293 897 3333 vera
928 3293 1035 3333 non
1063 3284 1247 3352 potest
1275 3279 1378 3336 alia
1405 3280 1697 3353 specialior
1725 3284 1985 3356 cogitari,
2018 3300 2160 3357 quae
2188 3283 2274 3341 vel

683 3383 798 3426 rem
825 3369 1102 3442 declaret,
1137 3369 1222 3427 vel
1260 3379 1414 3429 certa
1455 3373 1556 3445 sit3
1586 3372 1775 3429 eadem
1806 3379 1989 3431 autem
2026 3376 2165 3432 ratio
2192 3382 2277 3432 est

681 3458 750 3516 de
778 3460 1007 3517 materia
1045 3459 1180 3533 legis
1221 3461 1484 3532 positivae
1513 3504 1528 3535 ,
1567 3463 1680 3519 sive
1719 3463 1930 3536 civilis,
1973 3465 2082 3521 sive
2108 3465 2274 3522 etiam

680 3549 1092 3622 ecclesiastica,
1142 3565 1266 3608 nam
1314 3551 1501 3624 quoad
1558 3551 1662 3609 boc
1712 3553 1962 3611 eamdem
2009 3557 2273 3611 rationem

681 3639 998 3713 participat,
1045 3648 1109 3696 ut
1145 3647 1393 3712 constat,
1428 3647 1486 3698 et
1521 3648 1704 3712 aperte
1746 3651 2070 3716 supponunt
2103 3645 2271 3701 Caiet.

683 3736 740 3786 et
767 3727 1003 3802 Sylvest.
1035 3729 1173 3786 locis
1201 3723 1406 3801 citatis,
1437 3737 1495 3787 et
1523 3730 1608 3786 alii
1635 3734 1819 3789 statim
1845 3732 2072 3789 citandi.
2098 3733 2180 3790 Ad
2200 3734 2277 3790 se-

682 3816 914 3884 rendum
941 3825 1140 3876 autem'
1173 3818 1278 3876 hoc
1318 3819 1660 3891 prudentiale
1689 3820 1956 3878 iudicium
1983 3822 2093 3880 duo
2121 3838 2277 3896 prae·

686 3908 846 3980 cipue
872 3909 922 3964 in
953 3909 1068 3981 lege
1090 3907 1478 3966 consideranda
1505 3917 1664 3968 sunt:
1698 3926 1872 3969 unum
1894 3920 1980 3970 est
1997 3914 2119 3970 linis
2140 3913 2276 3987 legis

685 4001 1008 4070 praesertim
1052 4000 1372 4072 proximus,
1413 4003 1624 4060 ratione
1667 4004 1830 4060 cuius
1870 4007 2096 4062 materia
2123 4021 2280 4077 prae-

685 4095 846 4159 cepta
889 4097 1157 4146 censetur
1197 4091 1456 4148 constitui
1493 4107 1590 4164 per
1630 4091 1800 4167 legem
1837 4094 1890 4151 in
1927 4095 2030 4151 hac
2070 4095 2153 4152 vel
2194 4095 2281 4152 illa

687 4178 871 4264 specie
899 4180 1152 4252 virtutis,
1186 4179 1334 4237 aliud
1374 4181 1674 4253 aequalitas
1692 4225 1707 4256 ,
1738 4200 1835 4241 seu
1861 4185 2141 4258 proportio
2170 4201 2281 4242 me-

687 4267 762 4325 dii
790 4272 1069 4342 praecepti
1101 4272 1156 4327 in
1179 4270 1368 4328 ordine
1389 4271 1458 4329 ad
1480 4273 1641 4330 talem
1663 4275 1844 4346 finem3
1868 4281 1923 4331 et
1947 4291 2012 4332 ex
2040 4275 2120 4331 his
2142 4274 2281 4332 duo-

689 4359 794 4416 bus
829 4360 1088 4434 prudenti
1124 4361 1348 4420 arbitrio
1376 4364 1636 4437 spectatis
1667 4364 1973 4439 colligenda
1998 4371 2082 4423 est
2108 4372 2281 4425 mate-

686 4451 798 4507 riae
817 4451 1077 4523 gravita's.
1855 4455 1866 4471 “

769 4544 826 4597 6.
855 4541 1048 4615 Itaque
1075 4542 1126 4598 in
1156 4543 1343 4617 primis
1370 4545 1742 4603 necessarium
1765 4552 1883 4620 est,
1913 4551 1979 4604 ut
2004 4546 2122 4603 finis
2151 4545 2283 4619 legis

668 4631 964 4712 pertineat
1001 4632 1068 4690 ad
1099 4635 1354 4691 virtutem
1383 4635 1722 4708 aliquam'ex
1755 4636 2116 4709 gravioribus.
2147 4636 2285 4693 Mul-

691 4724 844 4794 tique
874 4721 1135 4796 indicant,
1169 4722 1478 4780 huiusmodi
1504 4726 1740 4782 virtutes
1763 4731 1975 4789 tantum
1997 4741 2118 4782 esse
2141 4725 2279 4796 illas,

691 4827 834 4883 quae
869 4812 1173 4883 respiciunt
1209 4815 1304 4872 Dei
1347 4830 1590 4876 amorem
1617 4822 1674 4879 et
1714 4815 1925 4873 cultum
1951 4857 1966 4888 ,
2011 4818 2095 4873 vel
2121 4818 2283 4873 etiam

689 4902 838 4971 illas,
868 4917 936 4978 ex
963 4902 1160 4976 quibus
1197 4903 1396 4975 pendet
1430 4906 1711 4963 moraliter
1736 4905 2008 4979 loquendo
2049 4907 2284 4964 amicitia

689 4992 832 5048 inter
859 4994 1133 5064 proximos
1154 5035 1170 5066 ,
1199 4994 1284 5050 vel
1312 5010 1437 5067 pax,
1469 4999 1523 5051 et
1551 4985 1844 5070 commune
1874 4997 2081 5053 bonum
2100 4998 2286 5068 reipu-

693 5079 899 5155 blicae,
932 5090 991 5140 ut
1029 5091 1161 5141 sunt
1197 5083 1415 5158 religio,
1447 5085 1649 5142 iustitia
1675 5093 1733 5143 et
1762 5087 1986 5143 caritas.
2019 5089 2097 5143 lta
2117 5089 2286 5144 sentit

693 5174 893 5230 Anton.
935 5177 992 5231 2.
1027 5191 1081 5246 p.
1112 5177 1199 5230 tit.
1234 5179 1299 5246 4,
1331 5191 1383 5232 c.
1417 5179 1485 5248 2,
1516 5172 1542 5241 ἒ
1571 5180 1634 5249 3,
1666 5175 1762 5233 ubi
1791 5177 1963 5232 solam
1995 5175 2140 5234 illam
2172 5193 2285 5234 ma·

691 5265 880 5322 teriam
911 5266 1184 5338 praecepti
1220 5273 1408 5324 censet
1442 5281 1564 5325 esse
1589 5282 1812 5342 gravem
1841 5307 1856 5342 ,
1898 5282 2038 5341 quae
2069 5274 2160 5327 est
2188 5283 2282 5324 ne·

2345 480 2585 538 cessaria
2606 480 2675 538 ad
2703 482 2987 538 caritatem
3008 521 3024 554 ,
3052 480 3139 538 vel
3168 479 3444 551 iustitiam,
3474 478 3558 536 vel
3586 478 3824 538 divinam
3849 495 3939 538 re·

2352 572 2671 629 verentiam.
2722 571 2867 628 idem
2911 571 3161 645 sequitur
3200 570 3435 648 sylvest.
3483 570 3651 628 verbo
3685 587 3932 646 praece-

2341 666 2542 738 ptum,
2577 677 2634 735 q.
2674 667 2727 720 3.
2761 664 3074 737 Parumque
3103 661 3282 719 differt
3308 663 3497 735 regula
3518 662 3685 719 Caiet.
3714 666 3847 720 tom.
3882 671 3935 722 1.

2346 754 2555 827 Opusc.
2599 759 2765 811 tract.
2812 758 2916 825 25,
2961 769 3018 828 q.
3070 759 3119 810 1.
3165 751 3430 825 dicentis,
3474 759 3609 810 tunc
3650 752 3935 809 materiam

2341 857 2467 900 esse
2504 858 2755 916 gravem,
2787 842 3005 916 quando
3044 842 3276 915 pertinet
3312 858 3378 900 ac
3416 842 3727 900 necessaria
3753 848 3840 899 est
3866 840 3935 900 ad

2342 933 2623 990 caritatem
2650 933 2741 990 Dei
2770 931 2855 990 vel
2883 933 3132 1007 proximi.

2423 1022 2528 1079 Sed
2570 1021 2705 1080 haec
2744 1039 2851 1080 non
2894 1026 3023 1080 satis
3068 1038 3181 1080 rem
3224 1022 3516 1096 explicant.
3546 1022 3683 1091 Quia
3722 1023 3768 1079 si
3796 1023 3938 1080 dicti

2346 1119 2603 1170 auctores
2634 1115 2895 1188 sentiant,
2928 1114 3071 1170 solas
3097 1113 3215 1170 illas
3245 1113 3532 1187 materias,
3562 1128 3801 1186 quarum
3831 1112 3936 1170 ho-

2346 1209 2528 1261 nestas
2558 1203 2860 1261 formaliter
2896 1221 2961 1261 ac
3001 1203 3243 1276 proxime
3271 1204 3502 1276 pertinet
3528 1203 3597 1261 ad
3638 1203 3734 1260 has
3764 1207 3939 1261 virtu-

2348 1301 2430 1352 tes
2451 1338 2467 1368 ,
2496 1311 2618 1353 esse
2646 1312 2861 1370 graves,
2892 1294 3093 1354 salsum
3120 1293 3341 1365 docent3
3374 1295 3501 1352 alias
3527 1302 3744 1353 tantum
3771 1308 3934 1367 prae-

2345 1393 2507 1456 cepta
2536 1387 2780 1443 caritatis
2810 1387 2933 1456 Dei,
2978 1385 3061 1442 vel
3102 1385 3361 1457 proximi,
3406 1383 3489 1442 vel
3531 1384 3835 1457 religionis,
3880 1391 3938 1440 et

2348 1477 2586 1535 iustitiae
2606 1519 2621 1548 ,
2654 1477 2740 1534 vel
2764 1475 2830 1534 ad
2860 1492 3139 1535 summum
3169 1481 3383 1533 tantum
3420 1488 3484 1532 ea
3510 1515 3525 1546 ,
3564 1488 3706 1549 quae
3736 1473 3941 1530 sorma-

2347 1564 2472 1623 liter
2513 1565 2757 1639 dirigunt
2797 1564 2866 1623 ad
2906 1569 3079 1624 Deum
3106 1607 3122 1639 ,
3162 1564 3247 1622 vel
3286 1565 3594 1638 proximum
3620 1605 3635 1636 ,
3681 1563 3942 1621 haberent

2348 1656 2631 1713 materiam
2657 1671 2912 1729 gravem,
2942 1662 2997 1712 et
3023 1661 3250 1728 possent
3289 1655 3532 1729 obligare
3570 1653 3637 1711 ad
3674 1654 3931 1726 mortale,

2342 1760 2681 1820 consequens
2732 1753 2818 1803 est
2856 1745 3088 1819 salsum,
3127 1745 3259 1820 quia
3291 1747 3454 1802 etiam
3493 1746 3757 1816 virtutes,
3789 1759 3933 1818 quae

2347 1853 2456 1893 non
2484 1844 2617 1894 sunt
2642 1836 2712 1894 ad
2738 1837 3002 1909 alterum,
3034 1836 3235 1894 habent
3270 1837 3554 1892 materiam
3581 1825 3836 1908 gravem,
3872 1839 3935 1890 ut

2344 1935 2430 1985 est
2470 1927 2729 2008 ieiunium
2768 1929 2825 1984 in
2864 1929 3093 1985 materia
3134 1927 3565 1998 temperantiae,
3609 1925 3931 1998 namiuxta

2344 2034 2699 2076 communem
2738 2035 2963 2076 sensum
3002 2016 3311 2091 Ecclesiae,
3354 2023 3705 2090 praeceptum
3746 2013 3936 2072 ieiunii

2348 2110 2451 2167 sub
2494 2108 2710 2168 mortali
2762 2109 3004 2184 obligat,
3046 2114 3103 2166 et
3147 2123 3367 2182 gravem
3413 2107 3577 2164 habet
3624 2106 3927 2163 materiam.

2346 2199 2493 2258 Idem
2524 2203 2789 2273 contingit
2808 2201 2858 2257 in
2888 2201 3113 2258 materia
3132 2200 3399 2257 castitatis
3419 2204 3475 2255 et
3495 2194 3847 2270 fortitudinis,
3873 2204 3940 2254 ut

2344 2297 2584 2348 constat.
2618 2292 2671 2349 Si
2700 2307 2830 2349 vero
2861 2290 2932 2347 illi
2961 2299 3221 2348 auctores
3248 2289 3574 2364 intelligunt,
3600 2288 3743 2346 illam
3767 2295 3941 2346 mate-

2346 2381 2479 2437 riam
2508 2395 2633 2437 esse
2661 2396 2916 2454 gravem,
2948 2396 3090 2455 quae
3120 2382 3305 2437 saltem
3329 2381 3527 2437 virtute
3549 2385 3817 2453 repugnet
3838 2394 3937 2436 ca-

2344 2473 2514 2529 ritati.
2548 2472 2637 2529 Sic
2669 2487 2795 2528 vera
2830 2479 2919 2530 est
2954 2473 3249 2536 sententia,
3286 2473 3417 2544 quia
3457 2485 3615 2527 omne
3643 2475 3938 2542 peccatum

2344 2561 2573 2620 mortale
2601 2568 2689 2618 est
2716 2569 2909 2619 contra
2949 2563 3232 2619 caritatem
3256 2602 3274 2634 ,
3319 2559 3511 2617 saltem
3550 2561 3757 2618 virtute
3782 2600 3797 2631 ,
3837 2575 3941 2615 seu

2348 2652 2612 2726 ultimate3
2631 2660 2809 2709 tamen
2836 2668 2943 2709 non
2973 2652 3212 2711 deservit
3240 2651 3309 2708 ad
3330 2650 3941 2724 dec⁴larandum,quan-

2344 2741 2415 2799 do
2443 2743 2670 2799 materia
2700 2743 2980 2816 praecepti
3009 2748 3095 2799 est
3117 2742 3322 2816 gravis,
3356 2758 3481 2798 nam
3509 2741 3615 2800 hoc
3644 2747 3751 2814 est,
3781 2740 3932 2813 quod

2344 2832 2692 2905 inquirimus,
2716 2831 2936 2906 quando
2966 2832 3179 2889 scilicet
3203 2833 3429 2890 materia
3454 2838 3540 2888 est
3568 2831 3707 2895 talis,
3733 2837 3797 2888 ut
3818 2832 3938 2888 eius

2344 2926 2711 2997 transgressio
2738 2931 3011 2998 repugnet
3039 2922 3231 2981 saltem
3258 2923 3461 2980 virtute
3488 2923 3706 2979 caritati
3734 2922 3850 2978 Dei.

2422 3018 2474 3073 7.
2491 3014 2862 3087 Eamdemque
2884 3014 3263 3072 difficultatem
3278 3012 3441 3070 habet
3459 3012 3793 3085 quodCaiet.
3810 3027 3939 3068 sen-

2342 3104 2409 3161 tit
2428 3104 2481 3160 iu
2504 3105 2660 3161 Sum.
2694 3106 2860 3160 verbo
2880 3107 3290 3178 praeceptum,
3324 3102 3461 3162 dum
3486 3095 3591 3174 ait,
3616 3107 3751 3158 tunc
3782 3117 3940 3172 prae-

2343 3201 2562 3265 ceptum
2586 3192 2825 3267 obligare
2842 3193 2947 3250 sub
2962 3193 3195 3262 mortali,
3210 3192 3431 3266 quando
3447 3199 3607 3249 actus
3624 3193 3940 3248 contrarius

2342 3290 2638 3355 praecepto
2659 3283 2800 3340 tollit
2820 3271 3227 3356 dispositionem
3251 3283 3411 3338 animi
3435 3282 3742 3339 virtuosam
3767 3288 3827 3338 et
3848 3297 3943 3339 ne-

2343 3375 2639 3430 cessariam
2662 3373 2728 3429 ad
2752 3373 3007 3441 salutem,
3033 3373 3160 3446 quia
3184 3372 3497 3429 destruitur
3517 3372 3659 3442 linis,
3684 3371 3752 3427 ad
3775 3386 3943 3444 quem

2343 3463 2665 3521 ordinantur
2692 3478 2879 3520 omnes
2907 3461 3077 3536 leges.
3110 3464 3265 3520 Licet
3289 3462 3429 3520 enim
3458 3461 3562 3518 hoc
3606 3477 3799 3519 verum
3844 3462 3937 3530 sit,

2341 3559 2523 3610 tamen
2552 3541 2667 3610 re'm
2709 3569 2815 3609 non
2850 3545 3123 3610 declarat:
3157 3569 3287 3610 cum
3323 3554 3468 3609 euim
3508 3551 3790 3624 dispositio
3825 3553 3944 3610 vir-

2345 3647 2506 3699 tuosa
2542 3627 2847 3700 necessaria
2882 3640 2951 3698 ad
2990 3641 3220 3699 salutem
3261 3657 3367 3699 non
3407 3642 3509 3715 sit,
3562 3641 3665 3697 nisi
3714 3642 3941 3714 caritas,

2345 3733 2450 3790 hoc
2471 3739 2575 3802 est,
2590 3734 2736 3807 quod
2757 3734 3101 3807 inquirimus,
3126 3732 3302 3807 qualis
3322 3733 3534 3789 scilicet
3552 3733 3781 3790 materia
3810 3732 3944 3806 legis

2347 3826 2418 3880 sit
2445 3825 2753 3880 necessaria
2780 3821 2848 3880 ad
2878 3822 3016 3880 hanc
3044 3822 3452 3900 dispositionem
3483 3823 3941 3895 conservandam,

2345 3912 2428 3972 vel
2470 3913 2691 3988 quando
2730 3920 2890 3971 actus
2932 3916 3243 3971 contrarius
3295 3912 3439 3970 illam
3488 3911 3759 3970 destruat.
3806 3913 3941 3969 Dico

2347 4019 2502 4078 ergo,
2533 4005 2814 4061 materiam
2842 4003 2973 4076 legis
3002 4004 3263 4075 positivae
3290 4019 3455 4076 posse
3486 4019 3607 4060 esse
3635 4018 3858 4076 gravem
3887 4003 3940 4058 in

2348 4094 2598 4150 omnibus
2627 4094 2944 4162 virtutibus,
2979 4094 3299 4165 praesertim
3328 4092 3714 4165 principalibus
3734 4099 3791 4149 et
3818 4108 3947 4151 car-

2348 4182 2644 4251 dinalibus,
2676 4184 2827 4240 iuxta
2848 4183 3156 4240 doctrinam
3182 4182 3512 4256 d.Thomae,
3536 4190 3592 4239 et
3615 4183 3857 4240 Caietani
3885 4188 3942 4242 2.

2350 4278 2407 4338 2.
2437 4289 2493 4346 q.
2532 4277 2659 4346 104,
2689 4279 2796 4329 art.
2828 4277 2884 4328 2.
2918 4271 2987 4329 ad
3016 4276 3063 4330 1.
3090 4273 3149 4329 ln
3176 4287 3507 4346 unaquaque
3536 4278 3721 4330 autem
3744 4273 3946 4329 virtute

2349 4361 2497 4418 illam
2525 4377 2646 4418 esse
2674 4377 2921 4434 gravem,
2948 4363 3115 4418 cuius
3142 4363 3365 4418 omissio
3389 4363 3471 4419 vel
3494 4360 3711 4419 violatio
3737 4361 3948 4419 notabi-

2351 4451 2458 4510 lem
2498 4450 2663 4509 habet
2699 4449 3131 4526 deformitatem,
3174 4466 3275 4509 seu
3316 4451 3711 4523 turpitudinem
3748 4451 3803 4508 in
3844 4467 3949 4510 sua

2352 4541 2563 4614 speeie,
2593 4548 2650 4598 et
2678 4547 2811 4598 tunc
2838 4539 2927 4596 illa
2957 4540 3237 4614 turpitudo
3268 4541 3463 4598 virtute
3504 4547 3784 4614 repugnat
3808 4541 3951 4598 cari·

2352 4633 2449 4690 tati
2476 4632 2588 4690 Dei:
2620 4631 2826 4704 gradus
2854 4639 3064 4703 autem,
3096 4647 3194 4689 seu
3221 4633 3465 4705 gravitas
3497 4632 3616 4690 talis
3646 4633 3944 4706 turpitudi-

2351 4725 2435 4780 nis
2461 4721 2718 4795 prudenti
2746 4715 2962 4779 arbi'trio
3004 4717 3327 4779 iudicandus
3359 4729 3481 4798 est,
3511 4729 3758 4797 spectata
3789 4739 3944 4782 com·

2352 4815 2505 4870 muni
2528 4807 2899 4870 aestimatione
2922 4811 3227 4885 hominum,
3242 4819 3297 4869 et
3307 4813 3626 4885 graviorum
3648 4814 3949 4873 doctorum

2352 4903 2707 4976 virorumque
2733 4901 3081 4974 prudentium
3103 4917 3269 4959 sensu
3295 4909 3351 4959 et
3378 4905 3654 4974 opinione.

2434 5001 2488 5053 8.
2508 4989 2762 5049 Secundo
2784 4991 2907 5048 loco
2930 4991 3189 5066 dicimus,
3204 4992 3657 5050 considerandam
3676 5009 3799 5054 esse
3821 5011 3955 5067 pro-

2354 5085 2659 5158 portionem
2700 5081 2859 5140 medii
2899 5081 2965 5138 ad
3005 5082 3164 5137 finem
3212 5081 3331 5155 lege
3381 5083 3646 5141 intentum
3671 5126 3688 5157 ,
3732 5093 3957 5157 oportet

2354 5177 2521 5246 enim,
2556 5181 2617 5231 ut
2644 5173 2879 5231 multum
2906 5171 3156 5229 conserat
3192 5172 3262 5230 ad
3290 5172 3633 5252 illum3-qam
3672 5174 3718 5230 si
3757 5174 3956 5233 leviter

2355 5266 2511 5324 illum
2550 5262 2835 5337 impediat,
2874 5267 2973 5321 aut
3009 5260 3306 5334 diminuat,
3344 5265 3595 5337 quamvis
3635 5261 3753 5322 linis
3797 5266 3848 5322 in
3892 5280 3955 5326 se
