4325 6267
1816 390 2028 441 cnm·
2056 393 2265 443 xvm.

349 522 525 573 unam·
546 514 633 574 vel
660 513 819 573 aliam
846 516 1336 590 transgressionem
1358 532 1465 574 non
1487 533 1551 574 ex
1576 522 1691 575 toto
1709 517 1935 577 frustre-

352 612 444 664 tur
480 607 600 663 iinis
627 622 856 664 suarum
885 606 1089 680 legum.
1121 608 1163 665 Ε
1192 623 1461 665 converso
1492 623 1621 666 vero
1649 610 1781 682 quia
1808 624 1939 665 con·

350 696 585 755 suetudo
624 695 887 769 peccandi
928 704 1112 769 potest
1147 697 1390 765 efficere,
1422 706 1485 755 ut
1524 698 1642 755 finis
1674 698 1939 771 legislato-

353 790 430 845 ris
470 789 715 863 graviter
754 786 1007 855 violetur,
1038 787 1124 845 vel
1163 788 1213 843 in
1256 794 1429 846 totum
1460 788 1785 857 frustretur,
1815 787 1938 845 ideo

348 876 465 934 fieri
494 885 696 951 potest,
724 884 787 935 ut
812 884 1031 951 propter
1058 879 1514 937 consuetudinem
1543 886 1836 953 peccatum
1866 879 1937 937 sit

352 969 605 1041 mortale,
636 967 785 1042 quod
812 969 943 1026 alias
971 984 1079 1025 non
1108 976 1276 1027 esset.

424 1059 792 1117 Veruntamen
826 1060 976 1131 prior
1002 1059 1271 1116 sententia
1296 1058 1569 1117 intellecta
1596 1058 1664 1116 de
1692 1066 1942 1117 contem·

346 1156 450 1221 ptu
492 1148 706 1207 formali
746 1148 1114 1222 improbabilis
1154 1155 1262 1219 est,
1291 1150 1420 1224 quia
1460 1149 1777 1208 inductione
1805 1166 1940 1207 con-

347 1244 463 1295 stat
501 1239 657 1297 iuxta
697 1254 1047 1296 communem
1087 1239 1367 1296 Ecclesiae
1408 1255 1631 1296 sensum
1660 1282 1676 1311 ,
1718 1238 1942 1312 peccari

344 1329 685 1401 mortaliter,
718 1328 1162 1403 transgrediendo
1201 1329 1404 1387 multas
1433 1322 1577 1403 leges
1604 1328 1941 1387 ecclesiasti-

346 1434 467 1491 cas,
508 1429 573 1478 ut
610 1420 815 1489 ieiunii,
843 1420 1057 1490 Missae,
1100 1420 1523 1491 communionis,
1556 1420 1935 1489 confessionis,

345 1516 403 1566 et
447 1511 699 1569 similium
723 1554 739 1583 ,
781 1512 989 1568 etiamsi
1038 1510 1223 1567 nullus
1252 1511 1391 1568 alius
1431 1516 1813 1583 contemptus,
1844 1510 1941 1567 sed

349 1600 470 1658 sola
508 1600 815 1658 voluntaria
854 1601 1075 1659 omissio
1113 1602 1445 1659 intercedat.
1476 1602 1679 1659 Deinde
1717 1607 1941 1675 propter

348 1707 513 1748 unam
541 1692 1025 1764 transgressionem
1056 1690 1287 1748 similem
1314 1691 1615 1749 incurritur
1643 1690 1937 1765 aliquando

347 1782 845 1840 excommunicatio
872 1782 1079 1853 maior,
1125 1782 1335 1839 etiamsi
1365 1797 1471 1838 non
1500 1798 1563 1839 ex
1594 1786 1935 1853 contemptu,

348 1870 445 1929 sed
478 1888 544 1929 ex
574 1871 853 1929 voluntate
882 1872 971 1943 iit,
1009 1878 1071 1927 ut
1098 1878 1245 1928 recte
1274 1873 1485 1929 notavit
1511 1871 1744 1946 sylvest.
1774 1872 1939 1929 verbo

346 1958 758 2029 inobedientia,
805 1967 862 2018 et
896 1966 1117 2019 constat
1158 1978 1226 2019 ex
1272 1967 1511 2019 tractatu
1550 1961 1619 2019 de
1657 1962 1935 2019 censuris.

347 2051 494 2124 Ergo
533 2050 878 2108 manifestum
918 2057 1034 2121 est,
1078 2066 1188 2108 non
1237 2066 1357 2109 esse
1406 2053 1777 2109 necessarium
1807 2067 1943 2110 con-

347 2147 615 2214 temptum
661 2139 729 2197 ad
760 2140 1102 2212 peccandum
1132 2142 1434 2199 mortaliter
1462 2148 1651 2199 contra
1680 2140 1838 2199 talem
1867 2141 1941 2198 le-

348 2246 494 2304 gem.
526 2233 815 2289 Praeterea
853 2231 957 2287 hoc
999 2246 1165 2303 supra
1208 2231 1499 2304 probatum
1524 2238 1608 2289 est
1634 2231 1699 2289 de
1728 2230 1942 2304 legibus

348 2322 639 2393 civilibus3
681 2338 815 2396 ergo
844 2321 1017 2379 multo
1046 2322 1219 2395 magis
1247 2321 1511 2394 procedet
1536 2321 1589 2378 in
1616 2320 1945 2379 ecclesiasti·

349 2413 452 2470 cis.
485 2413 727 2487 Denique
767 2412 903 2468 ratio
940 2416 1026 2468 est
1062 2411 1241 2483 clara,
1283 2413 1409 2486 quia
1449 2419 1805 2485 praeceptum
1836 2414 1943 2471 Ec·

349 2503 547 2560 clesiae
590 2517 688 2573 per
732 2518 791 2559 se
830 2501 1047 2559 inducit
1084 2501 1467 2575 obligationem
1505 2517 1725 2576 gravem
1747 2546 1763 2575 ,
1814 2519 1945 2576 sup·

350 2596 529 2665 posita
569 2592 827 2650 materiae
867 2593 1207 2663 capacitate;
1249 2608 1383 2666 ergo
1426 2594 1791 2666 transgressio
1827 2595 1943 2651 eius

349 2681 647 2741 deliberata
674 2682 885 2739 sufficit
911 2681 979 2739 ad
1021 2680 1239 2754 culpam
1282 2682 1563 2739 mortalem
1604 2684 1809 2757 absque
1837 2683 1943 2741 alio

350 2778 695 2845 contemptu.
748 2773 863 2831 Nec
915 2771 1191 2829 contraria
1232 2775 1499 2829 sententia
1537 2772 1699 2829 babet
1752 2772 1943 2830 funda-

349 2870 631 2935 mentum,
672 2863 762 2921 cui
803 2860 1140 2919 satisfactum
1182 2877 1289 2917 non
1330 2861 1403 2919 sit
1436 2876 1505 2920 ex
1540 2861 1725 2932 dictis,
1763 2863 1853 2921 hic
1889 2870 1947 2921 et

352 2968 542 3026 supra,
585 2952 653 3010 de
692 2950 905 3025 legibus
945 2950 1213 3008 civilibus.

428 3044 618 3101 Solum
641 3044 1015 3101 testimonium
1034 3039 1293 3099 Bernardi
1314 3040 1532 3100 difficile
1553 3051 1800 3116 apparet,
1814 3044 1945 3117 quia

346 3150 457 3190 non
483 3132 696 3190 videtur
723 3132 873 3206 loqui
903 3138 1111 3189 tantum
1132 3130 1199 3189 de
1221 3135 1529 3204 praeceptis
1559 3148 1745 3191 rerum
1768 3134 1937 3191 levio-

348 3240 505 3296 rum,
550 3224 643 3281 sed
684 3222 997 3295 simpliciter
1034 3221 1101 3278 de
1142 3223 1447 3295 praeceptis
1494 3224 1765 3297 positivis,
1819 3241 1943 3283 nam

349 3314 593 3388 loquitur
618 3312 685 3370 de
712 3313 989 3383 omnibus,
1012 3328 1165 3387 quae
1190 3329 1233 3370 α
1250 3315 1613 3389 praepositis
1639 3312 1943 3388 dispensa·

330 3408 573 3463 ‘nonem
600 3403 945 3469 admittunt,
979 3418 1119 3477 quae
1148 3404 1327 3461 omnia
1354 3403 1555 3461 leviora
1580 3418 1701 3460 esse
1728 3413 1939 3462 censet.

350 3496 487 3553 Item
527 3496 659 3569 quia
692 3493 1001 3568 generalem
1038 3492 1283 3566 regulam
1320 3494 1603 3551 constituit
1626 3494 1691 3551 de
1720 3510 1944 3567 praece-

350 3587 461 3659 ptis
489 3585 813 3653 factitiis,ea
836 3582 1223 3657 distinguendo
1250 3600 1281 3641 a
1311 3584 1646 3643 naturalibus
1674 3584 1741 3643 de
1770 3602 1829 3643 se
1858 3588 1939 3643 in-

352 3672 675 3749 gerentibus
704 3676 1085 3732 necessitatem
1107 3718 1121 3746 ,
1159 3680 1215 3732 et
1240 3672 1427 3732 deinde
1454 3674 1606 3732 addit
1630 3675 1944 3750 generalem

353 3765 423 3823 de
450 3766 723 3837 omnibus,
753 3781 895 3839 quae
922 3781 1018 3838 per
1046 3780 1103 3823 se
1132 3780 1231 3822 nec
1259 3764 1423 3839 hona,
1452 3780 1552 3823 nec
1583 3768 1722 3823 mala
1750 3772 1901 3823 sunt.

430 3856 789 3914 Nihilominus
835 3864 1013 3915 tamen
1052 3856 1337 3927 existimo,
1376 3871 1483 3911 non
1511 3856 1678 3914 fuisse
1706 3864 1943 3915 mentem

352 3945 617 4004 Bernardi
644 3946 795 4020 loqui
821 3945 889 4003 de
918 3945 1171 4003 omnibus
1200 3948 1503 4018 praeceptis
1533 3947 1793 4020 positivis,
1819 3948 1947 4022 quia

354 4043 575 4109 praeter
612 4050 709 4105 ea,
751 4051 893 4109 quae
932 4050 1030 4107 per
1069 4050 1129 4091 se
1154 4034 1327 4109 bona,
1358 4036 1443 4092 vel
1473 4036 1645 4094 mala.
1680 4039 1834 4110 ponit
1859 4055 1945 4111 ea,

354 4140 498 4199 quae
524 4132 655 4185 sunt
680 4141 747 4184 ex
778 4126 1115 4183 institutione
1142 4123 1343 4199 divina,
1368 4132 1464 4183 aut
1492 4142 1632 4199 quae
1660 4127 1949 4201 suntfiaea

354 4218 818 4289 urtimmiusque
835 4212 1226 4290 professione,
1262 4221 1319 4272 et
1344 4216 1401 4271 in
1438 4214 1521 4271 his
1549 4217 1799 4275 omnibus
1826 4234 1948 4275 sen·

358 4306 425 4363 tit
450 4305 670 4379 peccari
697 4307 935 4378 graviter
960 4321 1069 4361 non
1096 4304 1275 4361 solum
1303 4320 1401 4377 per
1428 4311 1828 4380 contemptum,
1852 4307 1948 4366 sed

359 4396 523 4453 etiam
548 4411 649 4469 per
674 4395 1076 4471 negligentiam.
1097 4399 1167 4453 At
1189 4410 1322 4453 vero
1350 4395 1439 4453 illa
1467 4405 1782 4472 praecepta,
1807 4415 1947 4473 quae

358 4492 493 4545 sunt
528 4488 635 4545 fixa
674 4486 1111 4559 uniuscuiusque
1142 4486 1505 4560 professione,
1550 4488 1782 4561 positiva
1821 4496 1950 4549 sunt

358 4584 416 4636 et
456 4576 725 4651 humana3
756 4593 854 4649 per
878 4576 967 4634 illa
992 4576 1133 4633 enim
1162 4576 1411 4650 intelligit
1436 4578 1712 4651 graviores
1741 4582 1947 4637 consti-

360 4670 603 4725 tutiones
648 4668 1081 4740 uniuscuiusque
1118 4667 1420 4740 religionis,
1460 4674 1514 4724 et
1541 4676 1830 4742 praecepta
1856 4686 1947 4727 ec-

360 4757 671 4816 clesiastica
708 4757 815 4816 dici
840 4760 1003 4814 etiam
1033 4762 1265 4829 possunt
1302 4758 1405 4814 tixa
1439 4756 1777 4830 professione
1804 4758 1948 4817 chri·

362 4849 557 4906 stiana.
585 4846 811 4906 Videtur
839 4861 992 4921 ergo,
1024 4860 1121 4919 per
1144 4844 1733 4923 praeceptasactitia
1756 4848 1949 4906 intelli·

361 4954 493 5012 gere
520 4939 723 4997 leviora
748 4935 1017 5011 quaedam
1046 4941 1251 4993 statuta
1277 4935 1620 5010 religionum,
1652 4952 1793 5011 quae
1819 4944 1951 4997 sunt

362 5030 432 5088 de
458 5030 623 5088 rebus
652 5027 969 5097 levioribus,
1002 5027 1285 5099 sicutipse
1310 5020 1570 5099 exemplis
1598 5027 1837 5101 indicat,
1869 5027 1950 5084 di·

364 5138 519 5180 cens:
536 5126 637 5180 Ex
664 5122 755 5178 his
782 5134 836 5175 v.
850 5134 907 5191 9.
923 5116 1055 5175 dico
1084 5132 1222 5184 esse,
1246 5115 1336 5174 vel
1358 5120 1551 5175 ristun
1569 5118 1952 5177 interdictum

366 5211 461 5270 vel
485 5210 779 5269 indictum
804 5208 1124 5267 silentium.
1156 5208 1225 5264 Et
1263 5207 1395 5265 baec
1424 5215 1586 5266 vocat
1620 5208 1950 5283 dispensabi-

368 5302 459 5379 lia,
488 5300 575 5361 vel
604 5315 703 5377 per
726 5300 1175 5373 antonomasiam,
1206 5298 1332 5375 quia
1360 5297 1513 5357 facile
1539 5297 1945 5379 dispensantur3

3385 374 3509 438 367

2006 518 2108 576 alia
2132 521 2276 576 enim
2311 518 2564 592 graviora
2594 524 2852 591 tanquam
2873 515 3228 574 immutabilia
3250 514 3516 574 habentur
3544 516 3596 573 in

2006 608 2387 682 religionibus,
2407 608 2677 665 ordinarie
2704 606 2998 679 loquendo,
3027 606 3110 663 vel
3139 613 3324 679 certe,
3353 608 3480 681 quia
3509 623 3597 663 or-

2006 697 2212 755 dinarie
2235 714 2329 770 per
2353 697 2481 755 talia
2509 704 2713 755 statuta
2735 696 2820 753 vel
2845 696 3059 769 regulas
3082 696 3262 754 solum
3292 696 3597 769 ordinatur,

2010 804 2077 846 ne
2103 787 2210 846 hoc
2232 788 2316 846 vel
2347 788 2478 845 illud
2500 789 2591 844 fiat
2616 788 2731 845 sine
2769 786 2986 843 licentia
3011 786 3270 857 praelati,
3313 802 3408 859 per
3434 803 3600 861 quam

2016 878 2290 935 licentiam
2320 879 2474 951 quasi
2501 877 2846 951 dispensatur
2872 876 3048 948 facile,
3083 875 3224 935 unde
3248 880 3410 935 etiam
3437 885 3603 936 vocat

1993 966 2268 1040 factitia,
2299 968 2428 1041 quia
2462 967 2618 1025 facile
2646 972 2947 1025 mutantur.
2977 970 3050 1024 De
3079 967 3160 1023 his
3185 982 3318 1041 ergo
3348 968 3494 1041 loqui
3522 968 3600 1025 vi-

2010 1057 2196 1131 detur,
2240 1074 2370 1115 cum
2412 1058 2510 1131 ait,
2553 1060 2604 1115 in
2647 1074 2840 1115 eorum
2862 1059 3293 1133 transgressione
3315 1076 3422 1116 non
3447 1076 3598 1117 com-

2007 1149 2146 1206 mitti
2187 1162 2354 1221 grave
2379 1151 2607 1218 crimen,
2653 1148 2752 1205 nisi
2783 1155 3132 1221 contemptus
3161 1150 3498 1207 interveniat.
3523 1150 3596 1206 Et

2007 1236 2113 1295 hoc
2157 1237 2385 1296 fortasse
2433 1236 2660 1296 intendit
2706 1237 2942 1314 sylvest.
2973 1238 3138 1295 verbo
3167 1237 3589 1307 inobedientia,

2009 1342 2137 1384 cum
2178 1329 2288 1399 ait,
2328 1327 2475 1401 loqui
2517 1327 2852 1385 Bernardum
2903 1327 2969 1384 de
3019 1326 3284 1385 mandatis
3303 1371 3317 1400 ,
3370 1340 3480 1386 non
3529 1328 3594 1385 de

2010 1419 2337 1491 praeceptis.

2088 1508 2242 1565 Unde
2269 1508 2427 1564 etiam
2448 1514 2620 1579 patet,
2645 1506 2774 1581 quid
2797 1507 2863 1564 de
2891 1508 3057 1566 altera
3079 1507 3343 1563 sententia
3370 1506 3602 1564 sentien-

2008 1596 2141 1655 dum
2185 1598 2277 1655 sit.
2308 1601 2442 1657 Nam
2467 1600 2521 1655 in
2565 1599 2750 1669 primis
2779 1598 2976 1655 falsum
3005 1606 3120 1669 est,
3152 1598 3218 1654 ad
3261 1598 3602 1671 peccandum

2008 1688 2312 1746 mortaliter
2352 1697 2545 1746 contra
2573 1688 2720 1763 leges
2761 1688 3039 1746 Ecclesiae
3065 1704 3186 1744 esse
3225 1678 3600 1746 necessatium

2009 1785 2413 1852 contemptum,
2441 1778 2526 1835 vel
2554 1779 3037 1849 consuetudinem3
3089 1780 3292 1835 namin
3331 1794 3442 1835 uno
3473 1785 3604 1836 actu

2010 1869 2093 1926 vel
2122 1870 2416 1927 omissione
2445 1870 2713 1926 invenitur
2743 1884 2902 1941 saepe
2931 1876 3224 1941 peccatum
3253 1868 3503 1939 mortale,
3537 1876 3602 1926 ut

2007 1958 2239 2031 probant
2275 1959 2517 2017 inductio
2559 1966 2614 2019 et
2657 1961 2897 2016 rationes
2937 1958 3133 2017 factae.
3172 1960 3242 2016 Et
3282 1960 3351 2016 ab
3402 1960 3603 2017 effectu

2010 2054 2256 2121 constat,
2290 2052 2420 2123 quia
2447 2064 2608 2121 saepe
2639 2066 2735 2121 per
2776 2065 2946 2107 unum
2976 2058 3162 2107 actum
3185 2092 3200 2121 ,
3229 2049 3314 2105 vel
3354 2050 3604 2107 omissio-

2008 2156 2131 2196 nem
2156 2140 2323 2199 talem
2352 2140 2658 2197 incurritur
2684 2140 3178 2197 excommunicatio
3202 2142 3394 2211 maior,
3419 2146 3482 2196 ut
3509 2156 3604 2195 su-

2010 2246 2111 2303 pra
2138 2229 2408 2287 dicebam.
2442 2232 2589 2303 Ergo
2620 2232 2754 2287 satis
2781 2236 2898 2301 est,
2926 2230 3073 2303 quod
3100 2230 3336 2288 violetur
3373 2246 3600 2303 praece-

2011 2327 2168 2394 ptum
2197 2321 2252 2377 in
2281 2321 2506 2378 materia
2531 2320 2702 2394 gravi,
2727 2324 2936 2378 etiamsi
2966 2336 3073 2377 non
3101 2323 3316 2380 omnino
3347 2319 3601 2379 destrua-

2009 2418 2103 2469 tur
2144 2412 2263 2468 finis
2305 2412 2457 2483 eius,
2500 2411 2682 2484 quoad
2728 2411 2865 2469 alios
2905 2418 3094 2479 actus,
3125 2412 3218 2486 qui
3259 2420 3447 2484 postea
3485 2413 3602 2469 fieri

2012 2509 2268 2576 possunt,
2299 2501 2448 2577 quod
2478 2510 2564 2560 est
2591 2519 2689 2576 per
2716 2500 2994 2559 accidens.
3025 2504 3138 2559 Imo
3167 2501 3339 2576 addo,
3369 2519 3605 2561 consue·

2014 2594 2257 2652 tudinem
2287 2592 2560 2649 interdum
2591 2608 2750 2662 posse
2779 2594 3022 2650 minuere
3051 2599 3343 2664 peccatum
3363 2633 3380 2667 ,
3408 2601 3603 2667 quate-

2013 2702 2119 2741 nus
2154 2684 2354 2742 minuit
2390 2682 2724 2754 libertatem,
2765 2682 2898 2741 licet
2926 2682 3136 2740 aliunde
3164 2684 3338 2756 possit
3377 2699 3599 2759 augere,

2012 2773 2262 2848 augendo
2299 2773 2700 2842 voluntarium,
2745 2775 2790 2829 si
2831 2773 2946 2846 ipsa
2979 2773 3284 2831 voluntaria
3312 2776 3412 2847 sit3
3445 2774 3596 2847 quod

2011 2872 2365 2939 augmentum
2395 2880 2674 2938 nunquam
2715 2870 2897 2935 potest
2922 2878 3042 2921 esse
3084 2863 3292 2934 tale,ut
3318 2871 3518 2937 augeat
3545 2866 3597 2923 in

2012 2955 2299 3026 infinitum,
2329 2951 2706 3011 transferendo
2735 2960 2924 3010 actum
2955 2951 3020 3009 de
3048 2954 3248 3010 veniali
3277 2959 3501 3024 peccato
3524 2953 3591 3012 ad

2013 3044 2261 3102 mortale.
2286 3044 2340 3101 Si
2367 3060 2432 3101 cx
2455 3049 2608 3116 parte
2629 3042 2825 3100 obiecti
2865 3048 2920 3098 et
2953 3044 3487 3101 circumstantiarum
3513 3061 3606 3102 ce-

2013 3143 2127 3195 tera
2150 3139 2261 3193 sint
2285 3136 2524 3208 paria,ut
2543 3134 2636 3191 lib.
2662 3133 2917 3206 praeced.
2943 3133 3474 3191 c.XX1V.ostensum
3497 3142 3602 3206 est,

2015 3226 2106 3283 ubi
2131 3226 2291 3283 etiam
2325 3225 2698 3295 tractavimuS,
2732 3239 2798 3280 an
2828 3222 3032 3281 violare
3060 3221 3234 3296 legem
3263 3240 3329 3281 ex
3357 3232 3604 3283 contem-

2013 3324 2111 3389 ptu
2134 3330 2348 3387 semper
2369 3318 2440 3372 sit
2459 3319 2748 3387 peccatum
2771 3313 3021 3371 mortale:
3037 3319 3092 3370 et
3111 3314 3360 3372 doctrina
3381 3315 3452 3372 ibi
3473 3315 3606 3376 data

2012 3408 2322 3464 communis
2343 3412 2431 3463 est
2459 3404 2707 3461 omnibus
2737 3403 2949 3477 legibus
2977 3403 3387 3477 ecclesiasticis,
3411 3405 3519 3462 imo
3548 3410 3604 3463 in

2011 3495 2094 3552 his
2131 3511 2162 3552 a
2190 3495 2398 3554 fortiori
2427 3494 2610 3551 locum
2637 3492 2831 3567 habet,
2867 3493 3104 3568 nihilque
3127 3496 3182 3551 in
3211 3497 3481 3568 praesenti
3509 3495 3606 3554 ad-

2013 3584 2253 3645 dendum
2283 3584 2547 3643 occurrit.

2544 3760 2824 3831 CAPUT
2853 3758 3089 3830 xv111.

2090 3956 2347 4035 Quando
2373 3956 2472 4015 lex
2497 3955 2900 4017 ecelesiastica
2924 3956 3134 4035 obliqet
3159 3957 3266 4019 sub
3289 3958 3535 4020 mortali

2154 4046 2350 4124 eulpa,
2385 4053 2441 4106 et
2467 4046 2752 4121 quomodo
2779 4046 2844 4105 id
2868 4047 3324 4108 discernendum
3348 4055 3445 4109 sit.

2581 4228 3039 4294 summarium

1988 4422 2065 4473 ·1.
2094 4418 2302 4485 Triplex
2336 4414 2564 4469 conditio
2593 4416 2909 4481 requiritur,
2945 4423 3006 4468 ut
3040 4418 3179 4483 leges
3203 4420 3452 4485 positivae
3477 4420 3606 4474 obli-

2081 4498 2207 4554 gent
2243 4489 2341 4540 sub
2363 4488 2586 4540 mortali:
2613 4488 2842 4549 gravitas
2867 4489 3138 4553 materiae,
3167 4492 3320 4541 verba
3343 4504 3436 4542 seu
3460 4493 3606 4556 signa

2082 4559 2470 4627 praecipientia,
2497 4557 2716 4607 intentio
2737 4558 3243 4622 praecipientis—2.
3265 4562 3451 4625 Verba,
3471 4576 3607 4627 quae

2086 4632 2312 4682 indicant
2336 4628 2697 4693 obligationem
2718 4640 2944 4689 gravem.
2967 4656 3037 4665 --
3060 4630 3113 4681 3.
3141 4630 3605 4685 Excommunicatio

2082 4702 2249 4752 minor
2285 4712 2387 4749 non
2422 4704 2504 4749 est
2544 4698 2748 4762 signum
2785 4698 3034 4749 sufficiens
3057 4700 3230 4761 gravis
3253 4702 3604 4765 obligationis3

2081 4784 2230 4823 secus
2255 4768 2319 4820 de
2345 4768 2523 4819 maiori
2547 4768 2658 4831 ipso
2683 4766 2794 4816 iure
2814 4768 3025 4831 inflicta,
3040 4769 3120 4818 vel
3139 4770 3314 4820 statim
3332 4769 3606 4834 infligenda

2083 4842 2196 4893 sine
2227 4841 2328 4891 alia
2361 4839 2667 4897 monitione3
2707 4844 2884 4888 contra
2911 4850 3060 4901 vero,
3093 4838 3296 4901 quando
3319 4842 3604 4905 requiritur

2083 4910 2441 4963 monium—4.
2457 4908 2590 4958 ldem
2620 4906 2890 4957 dicendum
2915 4920 3029 4959 cum
3055 4910 3380 4973 proportione
3406 4911 3470 4962 de
3494 4926 3606 4963 sus-

2082 4981 2325 5045 pensione
2350 4985 2406 5030 et
2431 4977 2710 5029 interdicto
2735 4978 2914 5029 maiori
2945 4979 3024 5028 vel
3047 4979 3230 5029 minori
3249 4994 3346 5031 suo
3360 4980 3602 5034 modu.—

2084 5049 2443 5117 lrregularitas
2467 5055 2544 5099 est
2571 5048 2774 5113 signum
2795 5048 2968 5112 gravis
2987 5049 3333 5112 obligationis.

2101 5214 2151 5270 1.
2185 5210 2408 5267 Certum
2447 5216 2554 5281 est,
2589 5207 2759 5282 legem
2788 5207 3241 5283 ecclesiasticam,
3265 5210 3426 5268 etiam
3446 5212 3607 5270 ahso-

2019 5300 2130 5363 lute
2161 5302 2360 5375 latam,
2392 5314 2499 5358 non
2527 5314 2740 5375 semper
2769 5298 3008 5375 obligare
3037 5301 3140 5359 suh
3178 5300 3390 5361 mortali
3415 5300 3603 5385 culpa,
