4325 6267
822 364 947 429 338

746 510 873 579 siis,
904 524 1045 584 quae
1072 513 1201 567 sunt
1226 508 1509 580 materiae,
1538 507 1588 565 in
1616 506 1819 581 quibus
1848 504 2077 564 maxime
2102 512 2338 579 possunt

742 600 887 672 leges
907 597 1202 656 canonicae
1224 613 1257 655 a
1283 596 1533 655 civilibus
1558 595 1837 669 distingui.
1861 592 2041 663 Adde,
2059 596 2216 668 ipsos
2246 609 2340 651 ca-

740 703 914 745 nones
933 686 1242 761 disponere,
1260 686 1409 762 leges
1431 686 1623 744 civiles
1642 683 1932 759 aliquando
1954 698 2115 756 posse
2137 682 2338 742 habere

742 779 855 835 vim
876 777 930 834 in
956 776 1077 835 soro
1104 777 1412 849 Ecclesiae,
1436 792 1561 849 cap.
1586 776 1853 841 Certum,
1880 788 2013 831 cum
2038 771 2179 845 aliis,
2208 772 2334 831 dist.

754 872 842 937 to,
860 881 914 925 c.
940 868 988 926 1.
1006 865 1073 924 de
1102 866 1229 924 novi
1254 880 1409 939 oper.
1424 864 1661 923 nuntiat.

817 958 878 1014 ln
904 958 1248 1015 contrarium
1268 962 1451 1015 autem
1477 962 1584 1027 est,
1606 955 1735 1029 quia
1764 969 2131 1029 unaquaeque
2151 960 2341 1026 poten·

742 1047 813 1105 lia
839 1044 1003 1104 debet
1028 1047 1227 1106 habere
1255 1048 1537 1105 materiam
1566 1045 1665 1102 sibi
1692 1045 2158 1116 proportionatam
2182 1088 2196 1115 ,
2227 1058 2342 1100 ma·

741 1137 887 1195 xime
914 1134 1136 1210 quando
1164 1142 1295 1193 sunt
1319 1134 1665 1193 diversorum
1695 1132 1972 1204 ordinum3
2003 1131 2342 1191 ostendimus

744 1232 927 1283 autem
946 1232 1269 1299 potestatem
1288 1224 1507 1283 civilem
1520 1229 1580 1281 et
1596 1222 2030 1281 ecclesiasticam
2045 1220 2153 1278 hoc
2181 1218 2342 1278 modo

740 1329 863 1371 esse
889 1313 1175 1372 distinctas
1192 1358 1206 1385 ,
1236 1316 1366 1387 quia
1390 1329 1504 1371 una
1526 1318 1614 1371 est
1650 1310 1943 1384 spiritualis
1969 1317 2029 1368 et
2054 1309 2223 1367 divini
2253 1325 2345 1367 or-

744 1401 909 1475 dinis,
931 1404 1107 1462 altera
1133 1403 1427 1461 materialis
1446 1409 1504 1461 et
1521 1400 1803 1473 naturalis3
1828 1416 1959 1475 ergo
1984 1414 2212 1457 necesse
2233 1404 2344 1469 est,

742 1500 812 1551 ut
853 1492 1086 1551 babeant
1122 1493 1379 1550 materias
1426 1490 1816 1565 proportionali
1858 1490 2023 1547 modo
2070 1488 2338 1547 diversas.

743 1584 945 1641 Deinde
963 1622 979 1655 ,
1008 1584 1137 1657 quia
1163 1580 1230 1640 ad
1268 1583 1399 1639 lines
1426 1582 1714 1640 distinctos
1742 1581 1963 1639 diversa
1988 1579 2172 1637 media
2198 1579 2344 1637 ordi-

744 1679 971 1744 nantur,
1001 1678 1058 1730 et
1080 1670 1605 1739 accommodantur,
1634 1686 1781 1744 quae
1804 1668 1985 1728 media
2014 1668 2195 1727 solent
2218 1684 2344 1725 esse

744 1763 1001 1822 materiae
1041 1762 1265 1838 legum3
1307 1761 1455 1836 leges
1493 1767 1679 1819 autem
1719 1760 1909 1817 civiles
1948 1764 2004 1817 et
2042 1758 2344 1817 canonicae

744 1855 943 1913 babent
962 1854 1093 1911 fines
1122 1852 1283 1927 longe
1308 1850 1575 1924 diversos,
1602 1858 1665 1909 ut
1684 1850 2046 1923 ostendimus3
2069 1864 2206 1923 ergo
2233 1862 2346 1904 me-

746 1944 857 2017 dia,
880 1959 1014 2017 ergo
1042 1950 1101 2001 et
1125 1941 1404 2001 materias.
1420 1939 1575 2010 Quod
1597 1955 1629 1998 a
1656 1940 1868 1999 fortiori
1894 1937 2142 2012 exemplo
2163 1936 2345 1996 decla-

745 2036 857 2093 rari
872 2039 1073 2109 potest,
1092 2034 1220 2108 quia
1234 2032 1377 2090 intra
1397 2029 1729 2090 latitudinem
1749 2030 1934 2104 legum
1956 2028 2344 2101 temporalium

750 2124 903 2180 iuxta
927 2122 1175 2180 diversos
1200 2123 1331 2180 lines
1357 2119 1773 2194 distinguuntur
1792 2120 1958 2177 etiam
1986 2117 2246 2177 materiae
2266 2115 2347 2174 di·

747 2228 1032 2271 versarum
1071 2211 1278 2286 legum,
1315 2215 1372 2268 et
1409 2210 1481 2268 ita
1523 2209 1874 2283 distinguitur
1910 2208 1999 2266 ius
2039 2206 2274 2265 militare
2313 2223 2346 2264 a

748 2305 867 2362 iure
882 2302 1104 2375 proprio
1118 2302 1376 2367 civitatis,
1392 2307 1455 2359 ut
1474 2299 1797 2373 significavit
1816 2298 2009 2357 lsidor.
2027 2304 2081 2357 5.
2094 2296 2341 2356 Eumol.

749 2410 873 2468 cap.
902 2396 957 2466 7,
987 2392 1219 2450 habetur
1246 2392 1299 2448 iu
1330 2405 1457 2463 cap.
1486 2392 1587 2447 Ius
1616 2388 1893 2454 militare,
1928 2386 2055 2445 dist.
2087 2392 2137 2461 1,
2167 2394 2225 2445 et
2253 2403 2348 2445 su·

749 2484 919 2543 mitur
944 2498 1009 2540 ex
1036 2482 1198 2539 Arist.
1218 2477 1463 2539 7.Poltt.
1483 2494 1606 2552 cap.
1630 2485 1756 2553 8,et
1773 2482 1903 2550 9,et
1921 2476 2144 2535 Platone
2168 2475 2264 2534 lib.
2284 2483 2342 2537 2.

750 2574 823 2633 de
850 2572 1051 2650 repub.
1076 2579 1132 2629 et
1163 2577 1217 2629 8.
1243 2567 1317 2627 de
1344 2569 1541 2646 Leqlb.
1557 2569 1629 2625 ita
1654 2584 1787 2641 ergo
1814 2584 1849 2625 a
1872 2567 2081 2625 fortiori
2108 2565 2163 2623 in
2190 2581 2348 2638 prae-

750 2666 912 2723 senti.
938 2662 1181 2736 Denique
1206 2665 1449 2731 constat,
1472 2658 1591 2715 illas
1617 2658 1764 2732 leges
1792 2656 1975 2715 civiles
1996 2654 2177 2713 nullas
2197 2670 2342 2727 esse,

753 2770 898 2829 quae
916 2753 1149 2812 mittunt
1174 2750 1369 2808 falcem
1400 2749 1452 2806 in
1482 2763 1715 2805 messem
1739 2746 1987 2819 alienam,
2015 2746 2158 2803 utin
2187 2760 2348 2817 supe-

747 2843 1013 2915 rioribus,
1044 2839 1380 2900 ostendendo
1405 2836 1759 2896 differentiam
1790 2836 2080 2911 utriusque
2106 2842 2349 2907 potesta·

750 2935 843 3005 tis,
872 2933 1315 2991 demonstratum
1342 2934 1447 2986 est.

769 3054 777 3061 ·
829 3028 887 3083 4.
916 3022 1088 3096 Igitur
1108 3016 1401 3077 dicendum
1426 3026 1532 3091 est,
1556 3020 1645 3077 ius
1674 3018 2005 3077 canonicum
2025 3023 2083 3076 et
2108 3016 2268 3076 civile
2297 3016 2350 3072 in

752 3112 943 3171 multis
983 3110 1197 3167 differre
1224 3123 1290 3166 ex
1330 3114 1482 3180 parte
1512 3108 1784 3167 materiae.
1815 3107 1995 3165 Primo
2022 3104 2246 3181 quidem
2285 3120 2351 3163 ac

754 3202 1072 3275 praecipue,
1096 3196 1245 3272 quod
1272 3200 1499 3257 materia
1526 3196 1661 3273 legis
1688 3194 1864 3255 civilis
1891 3195 2211 3270 temporalis
2237 3202 2348 3268 est,

753 3290 1045 3349 canonicae
1074 3294 1262 3345 autem
1302 3286 1622 3359 spiritualis.
1647 3286 1726 3344 lta
1766 3286 2009 3344 sentiunt
2044 3284 2354 3343 communi-

752 3389 837 3439 ter
864 3380 1179 3438 canonistae
1206 3377 1260 3433 in
1298 3392 1423 3451 cap.
1451 3375 1755 3443 Ecclesia,
1789 3374 1857 3433 de
1887 3375 2111 3433 constit.
2138 3380 2197 3433 et
2223 3373 2354 3448 legi-

756 3478 873 3529 stae
892 3470 945 3527 in
968 3468 1007 3526 1.
1030 3482 1235 3525 omnes
1248 3463 1475 3541 populi,
1496 3464 1551 3523 ff.
1570 3464 1637 3524 de
1658 3464 1894 3523 iustit.et
1912 3464 2016 3521 iur.
2034 3470 2087 3522 et
2110 3464 2354 3521 sumitur

753 3577 823 3617 ex
842 3575 967 3632 cap.
984 3562 1139 3615 Bene
1165 3554 1423 3629 quidem,
1452 3570 1577 3627 cap.
1594 3556 1665 3612 St
1690 3557 2051 3629 Imperator,
2078 3567 2203 3624 cap.
2221 3556 2356 3610 Duo

752 3654 910 3716 sunt,
942 3650 1035 3705 96.
1058 3645 1186 3703 dist.
1213 3659 1267 3700 c.
1301 3646 1624 3718 Quoniam,
1660 3642 1789 3699 dist.
1827 3648 1919 3713 lo,
1941 3651 1999 3699 et
2026 3656 2079 3697 c.
2100 3639 2347 3710 Solitas,

753 3738 823 3797 de
850 3738 1085 3795 maiorit.
1104 3741 1161 3792 et
1188 3731 1689 3791 obedientia.Ratio
1717 3746 1849 3788 vero
1875 3731 2201 3805 generaliter
2222 3732 2357 3789 assi·

756 3828 914 3903 gnari
939 3831 1126 3899 potest
1149 3840 1217 3881 ex
1253 3820 1416 3880 dictis
1444 3823 1511 3879 de
1542 3826 1809 3895 potestate
1836 3820 1978 3877 laica
2002 3826 2058 3878 et
2092 3820 2354 3878 ecclesia-

759 3921 932 3989 stica,
955 3913 1291 3973 ostendimus
1311 3914 1479 3984 enim,
1507 3910 1651 3968 illam
1672 3926 1797 3967 esse
1823 3910 2119 3968 humanam
2138 3916 2197 3967 et
2221 3917 2358 3969 tem-

756 4006 999 4083 poralem
1020 4047 1035 4076 ,
1064 4010 1119 4061 et
1144 4001 1287 4060 hanc
1314 4016 1444 4059 vero
1472 3998 1879 4076 quodammodo
1904 3997 2139 4057 divinam
2165 4006 2223 4057 et
2247 4000 2358 4073 spi·

757 4094 1039 4166 ritualem3
1070 4093 1245 4151 omnis
1273 4098 1456 4149 autem
1492 4090 1731 4161 potentia
1757 4088 1919 4147 debet
1959 4087 2159 4145 habere
2189 4096 2358 4146 mate-

756 4187 895 4245 riam
918 4184 1016 4242 sibi
1043 4181 1529 4259 proportionatam,
1554 4186 1609 4237 et
1635 4178 1785 4237 nulla
1811 4176 2027 4238 excedit
2051 4194 2186 4237 suos
2216 4179 2356 4236 limi·

757 4284 870 4349 tes,
900 4289 1036 4348 ergo
1075 4272 1348 4346 potentiae
1374 4268 1643 4343 spirituali
1681 4268 1975 4341 spiritualis
2015 4268 2244 4325 materia
2269 4283 2356 4325 re-

758 4366 1021 4440 spondet,
1048 4368 1107 4422 et
1143 4360 1288 4420 civili
1314 4358 1657 4432 temporalis3
1689 4358 1768 4416 sic
1806 4358 1951 4415 enim
1992 4372 2358 4432 unaquaeque

760 4454 1001 4515 servabit
1022 4451 1432 4525 proportionem
1455 4463 1587 4507 cum
1614 4463 1715 4506 sua
1736 4449 1981 4520 materia,
2006 4446 2159 4505 circa
2187 4462 2354 4520 quam

758 4548 1035 4603 versatur.
1058 4543 1247 4614 Neque
1268 4537 1503 4597 obstabit
1520 4536 1651 4594 huic
1675 4535 1996 4609 diversitati,
2022 4533 2172 4609 quod
2203 4541 2355 4592 utra-

760 4649 871 4710 que
896 4631 1069 4705 possit
1096 4630 1151 4687 in
1190 4628 1433 4688 materiis
1468 4629 1711 4684 omnium
1753 4620 2021 4685 virtutum
2058 4626 2352 4699 imperare,

760 4723 888 4798 quia
912 4721 1143 4778 virtutes
1172 4732 1363 4775 omnes
1396 4722 1635 4789 possunt
1658 4714 1842 4789 aliquo
1873 4713 2035 4772 modo
2066 4714 2270 4772 versari
2304 4714 2354 4769 in

762 4821 1003 4885 utraque
1022 4808 1269 4881 materia,
1292 4813 1347 4864 et
1375 4806 1497 4865 ideo
1527 4805 1779 4880 quamvis
1800 4800 2097 4877 utrumque
2120 4806 2209 4861 ius
2233 4820 2359 4877 pos·

764 4904 839 4959 sit
858 4900 1127 4972 attingere
1146 4896 1491 4953 honestatem
1512 4895 1919 4968 cuiuscumque
1931 4892 2151 4951 virtutis
2175 4908 2357 4950 mora-

764 4990 851 5064 lis3
866 4985 1301 5061 unumquodque
1328 4990 1509 5042 tamen
1531 4982 1677 5041 illam
1702 4983 2024 5055 praescribit
2050 4982 2103 5039 in
2130 4983 2356 5041 materia

761 5080 861 5138 sibi
902 5076 1331 5151 proportionata.
1358 5074 1469 5131 Iam
1501 5072 1646 5131 enim
1675 5070 1933 5145 diximus,
1979 5072 2232 5146 quamvis
2270 5072 2356 5129 ius

762 5169 961 5240 dirigat
980 5166 1215 5238 aliquam
1231 5165 1625 5233 virtutem,non
1651 5162 1963 5219 necessario
1978 5163 2184 5218 versari
2205 5161 2358 5218 circa

762 5272 951 5315 omnes
977 5253 1255 5327 actus,vel
1284 5252 1437 5310 circa
1460 5258 1627 5309 totam
1658 5251 1937 5308 materiam
1969 5249 2091 5307 talis
2120 5240 2352 5308 virtutis,

2073 362 2079 367 ’
2195 378 2399 431 ussa
2427 380 2523 429 ιν.

2487 514 2541 567 5.
2575 508 2648 567 Ut
2683 514 2868 567 autem
2911 507 3048 567 baec
3087 504 3388 567 differentia
3424 514 3616 567 exacte
3653 509 4026 586 intelligatur,

2410 605 2634 672 oportet
2662 614 2957 671 exponere,
2984 597 3117 674 quid
3145 601 3360 658 nomine
3390 599 3648 657 materiae
3675 602 4028 674 temporalis,

2414 687 2498 745 vel
2523 687 2822 763 spiritualis
2843 687 3254 763 intelligendum
3275 691 3366 748 sit.
3390 690 3473 747 Ad
3494 688 3599 748 hoc
3622 699 3809 749 autem
3832 690 4030 749 decla-

2409 777 2644 836 randum
2679 778 2928 852 adverto,
2961 779 3017 836 in
3041 779 3271 837 materia
3295 778 3519 837 virtutis
3545 779 3659 839 duo
3686 795 3849 853 posse
3877 796 4023 839 con·

2409 866 2673 941 siderari,
2709 868 2917 927 scilicet
2951 874 3138 926 actum
3178 870 3356 942 ipsum
3385 870 3637 943 virtutis,
3665 869 3749 926 vel
3789 870 3934 941 vitii,
3963 876 4034 928 et

2408 969 2550 1027 rem,
2587 956 2740 1013 circa
2765 973 2932 1030 quam
2959 963 3232 1029 versatur,
3264 972 3404 1032 quae
3429 962 3609 1030 potest
3635 973 3757 1017 esse
3787 958 3868 1016 vel
3898 974 4015 1031 res,

2415 1045 2495 1103 vel
2527 1061 2780 1119 persona,
2817 1050 2972 1105 circa
3006 1063 3174 1121 quam
3199 1049 3259 1105 fit
3286 1049 3552 1122 operatio,
3582 1048 3666 1105 vel
3693 1049 3856 1107 etiam
3887 1067 4023 1123 per-

2411 1151 2547 1194 sona
2567 1152 2822 1211 operans,
2845 1136 2912 1194 ad
2931 1152 3099 1211 quam
3115 1145 3274 1195 actus
3295 1139 3408 1211 ipse
3429 1146 3754 1211 praeceptus
3783 1140 3867 1197 vel
3889 1156 4022 1213 pro·

2414 1224 2616 1283 hibitus
2645 1241 2743 1299 per
2777 1225 2974 1300 legem,
3003 1226 3141 1285 dicit
3163 1226 3398 1301 aliquam
3421 1227 3826 1287 habitudinem..
3841 1230 4022 1288 Actus

2409 1315 2593 1387 itaque
2627 1315 2844 1373 virtutis
2872 1315 2958 1374 vel
2988 1317 3102 1374 vitii
3128 1323 3216 1374 est
3241 1317 3488 1390 proxima
3514 1318 3738 1375 materia
3765 1318 3924 1393 legis,
3955 1326 4028 1375 ut

2411 1401 2680 1461 hactenus
2717 1403 2996 1473 diximus3
3041 1412 3224 1463 tamen
3274 1413 3676 1479 consequenter
3714 1409 3880 1465 etiam
3919 1406 4028 1464 alia

2411 1492 2678 1564 pertinent
2692 1493 2762 1551 ad
2785 1494 2924 1551 hanc
2949 1498 3232 1552 materiam
3246 1495 3378 1570 legis
3409 1496 3616 1553 ratione
3634 1496 3804 1569 ipsius
3827 1500 4016 1553 actus.

2415 1580 2714 1654 Loquendo
2743 1598 2880 1657 ergo
2910 1582 2978 1640 de
3005 1586 3236 1641 materia
3265 1586 3510 1655 proxima
3537 1585 3670 1659 legis
3695 1585 4023 1657 spiritualis,

2411 1672 2643 1728 materia
2670 1674 2967 1745 praecipua
2995 1688 3060 1729 ac
3089 1674 3355 1745 primaria
3379 1679 3467 1731 est
3499 1681 3664 1731 actus
3691 1682 4025 1746 supernatu-

2411 1758 2544 1816 ralis
2566 1802 2581 1831 ,
2616 1767 2678 1817 ut
2710 1767 2798 1818 est
2823 1768 2985 1819 actus
3023 1760 3174 1835 fidei3
3205 1770 3260 1821 et
3293 1761 3414 1821 ideo
3443 1778 3634 1821 omnes
3668 1760 3846 1837 leges,
3879 1780 4026 1837 quae

2409 1851 2684 1921 pertinent
2705 1848 2772 1907 ad
2791 1850 2950 1909 tidem
2971 1851 3056 1909 vel
3089 1854 3370 1911 materiam
3395 1852 3539 1925 eius,
3562 1860 3694 1911 sunt
3721 1869 3818 1926 per
3843 1868 3905 1909 se
3926 1868 4028 1911 ca-

2410 1940 2660 2011 nonicae,
2689 1942 2821 2015 quia
2847 1946 2965 1999 tota
2991 1941 3082 1999 illa
3113 1944 3342 2001 materia
3369 1942 3666 2015 spiritualis
3687 1948 3792 2001 est.
3819 1939 4024 1999 Deinde

2415 2030 2473 2085 in
2491 2030 2684 2095 eodem
2697 2029 2887 2088 ordine
2908 2030 3254 2089 collocantur
3263 2033 3510 2090 actiones
3521 2038 4022 2099 sacramentorum,

2415 2119 2544 2192 quia
2569 2120 2733 2177 etiam
2760 2119 2884 2177 illae
2912 2120 3361 2194 supernaturales
3391 2127 3542 2178 sunt.
3573 2118 3726 2181 Unde
3751 2120 3916 2178 etiam
3942 2119 4025 2176 sa-

2416 2214 2572 2265 ctum
2601 2215 2718 2281 est,
2749 2215 2811 2266 ut
2837 2211 3078 2267 actiones
3105 2210 3399 2284 quaedam,
3428 2225 3570 2285 quae
3597 2210 3728 2267 alias
3757 2209 4021 2268 videban-

2417 2305 2512 2356 tur
2531 2297 2812 2356 naturales
2841 2298 2922 2371 (ut
2949 2300 3377 2371 matrimonium,
3393 2307 3668 2374 quatenus
3687 2306 3772 2356 est
3796 2307 4026 2358 contra-

2417 2393 2546 2445 ctus
2575 2387 2886 2459 humanus,
2916 2389 3011 2463 qui
3045 2388 3114 2445 ad
3156 2388 3629 2447 conservationem
3659 2390 3879 2463 generis
3922 2388 4032 2446 hn-

2415 2478 2563 2535 mani
2598 2476 2912 2549 ordinatur)
2941 2484 3168 2552 propter
3193 2477 3550 2536 elevationem
3580 2478 3650 2535 ad
3687 2493 3808 2535 esse
3837 2492 4032 2536 sacra·

2415 2566 2656 2625 mentale
2676 2609 2692 2638 ,
2735 2569 3042 2640 pertineant
3065 2568 3136 2626 ad
3169 2568 3316 2641 leges
3343 2568 3671 2641 canonicas,
3704 2568 3854 2625 iuxta
3893 2583 4028 2640 cap.

2417 2656 2630 2728 penult.
2651 2666 2707 2715 et
2731 2657 2830 2714 ult.
2847 2658 2916 2715 de
2937 2656 3194 2714 secundis
3207 2659 3429 2730 nuptiis.
3447 2657 3706 2733 idemque
3729 2657 4027 2717 dicendum

2416 2752 2502 2803 est
2529 2746 2596 2815 de
2640 2745 2757 2803 aliis
2798 2745 3102 2804 actionibus
3143 2749 3343 2821 sacris,
3367 2754 3424 2804 et
3461 2747 3529 2804 de
3569 2748 3632 2804 iis
3671 2748 4025 2821 praesertim,

2417 2851 2560 2908 quae
2588 2835 2832 2908 proxime
2859 2846 2915 2893 et
2953 2834 3162 2894 directe
3191 2835 3261 2893 ad
3301 2836 3518 2894 cultum
3547 2839 3640 2895 Dei
3677 2837 4022 2908 ordinantur,

2421 2932 2483 2983 ut
2509 2932 2640 2983 sunt
2668 2933 2820 2995 vota,
2843 2926 3170 2998 iuramenta,
3192 2932 3302 2983 etc.
3330 2926 3410 2985 Ex
3437 2942 3551 3001 quo
3579 2927 3812 2986 ulterius
3835 2935 4026 2986 ortum

2418 3022 2530 3087 est,
2558 3024 2620 3074 ut
2647 3030 2736 3073 res
2765 3032 2976 3088 omnes,
3001 3016 3155 3073 circa
3177 3030 3316 3090 quas
3343 3032 3442 3089 per
3462 3032 3521 3073 se
3549 3021 3607 3075 et
3633 3018 3878 3090 proxime
3905 3032 4034 3075 ver-

2422 3111 2614 3162 santur
2642 3104 2742 3164 hae
2771 3106 3036 3175 actiones,
3061 3106 3164 3163 sub
3189 3120 3255 3162 ea
3283 3110 3496 3164 ratione
3523 3105 3592 3163 ad
3621 3109 3906 3165 materiam
3933 3123 4035 3165 ca-

2419 3194 2672 3253 nonicam
2693 3195 3014 3267 pertineant:
3031 3194 3347 3253 huiusmodi
3368 3203 3500 3253 sunt
3513 3212 3780 3269 personae
3801 3212 3998 3255 sacrae
4011 3239 4027 3272 ,

2425 3282 2571 3356 loca,
2601 3284 2831 3357 templa,
2857 3291 2914 3341 et
2941 3300 3092 3355 vasa,
3121 3290 3176 3341 et
3201 3291 3606 3359 consequenter
3631 3286 3796 3345 etiam
3823 3286 4026 3346 beneti-

2423 3376 2532 3445 cia,
2557 3380 2612 3431 et
2637 3374 2779 3431 bona
2805 3372 3189 3453 ecclesiarum,
3207 3390 3346 3447 quae
3379 3375 3520 3431 inter
3539 3390 3629 3433 res
3656 3392 3846 3435 sacras
3875 3392 4032 3435 com·

2427 3467 2714 3536 putantur.

2498 3554 2908 3626 Consequenter
2927 3542 3090 3610 etiam
3111 3552 3238 3610 vitia
3259 3554 3535 3612 contraria
3556 3552 3869 3614 huiusmodi
3883 3559 4027 3615 acti-

2421 3643 2528 3701 bus
2553 3658 2651 3701 seu
2694 3641 2858 3699 rebus
2885 3657 2984 3716 per
3027 3656 3085 3698 se
3111 3642 3384 3714 pertinent
3411 3642 3481 3700 ad
3507 3646 3804 3702 canonicas
3828 3644 4024 3717 prolui·

2422 3732 2657 3790 bitiones
2678 3772 2693 3802 ,
2724 3737 2790 3788 ut
2816 3732 3056 3787 sumitur
3081 3745 3147 3787 ex
3175 3746 3296 3803 cap.
3333 3734 3406 3793 Ut
3429 3736 3850 3806 inquisitionis,
3887 3750 4020 3793 cum

2422 3820 2641 3879 duobus
2669 3820 3060 3894 sequentibus,
3089 3819 3156 3876 de
3187 3819 3506 3888 haereticis,
3537 3823 3596 3879 in
3622 3826 3658 3880 6
3676 3862 3693 3894 ,
3727 3822 3819 3879 ubi
3846 3838 4034 3883 sermo

2421 3916 2509 3967 est
2531 3908 2601 3967 de
2641 3910 2866 3966 crimine
2908 3908 3178 3976 haeresis,
3209 3905 3278 3966 de
3315 3924 3428 3982 quo
3467 3910 3668 3968 dicitur
3706 3911 3777 3969 ad
3817 3929 4026 3973 meram

2429 3997 2859 4056 iurisdictionem
2907 3997 3344 4056 ecclesiasticam
3387 4001 3682 4070 pertinere.
3715 4000 3858 4068 Quia
3899 4018 4030 4061 vero

2429 4089 2612 4146 omnia
2658 4093 2890 4163 peccata
2927 4092 3184 4143 avertunt
3235 4085 3508 4144 hominem
3551 4104 3584 4145 a
3624 4094 4030 4162 supernaturali

2429 4178 2555 4249 fine,
2583 4192 2653 4235 ex
2678 4192 2743 4233 eo
2769 4176 2946 4248 capite
2973 4175 3024 4233 in
3057 4175 3164 4233 hoc
3195 4175 3462 4247 spirituali
3489 4177 3677 4236 ordine
3704 4188 4035 4254 computan-

2425 4272 2542 4338 tur,
2566 4266 2718 4324 iuxta
2743 4280 2868 4336 cap.
2888 4266 3079 4331 Novit,
3109 4264 3176 4321 de
3203 4262 3507 4322 indic-tum
3530 4267 3658 4340 quia
3679 4277 4036 4341 opponuntur

2423 4354 2799 4426 spiritualibus
2843 4352 3026 4424 bonis,
3055 4359 3113 4410 et
3149 4352 3224 4409 ita
3269 4354 3618 4412 reducuntur
3660 4356 3728 4411 ad
3769 4361 4034 4418 eumdem

2431 4444 2698 4517 ordinem,
2731 4443 2862 4517 quia
2887 4442 3166 4499 contraria
3189 4448 3324 4501 sunt
3349 4442 3756 4517 quodammodo
3784 4447 4032 4507 eiusdem

2424 4533 2672 4608 generis,
2703 4539 2822 4590 tum
2849 4534 3116 4604 maxime,
3146 4532 3279 4605 quia
3307 4537 3438 4589 sunt
3463 4532 3695 4593 iniuriae
3723 4534 3836 4605 Dei,
3869 4538 4036 4595 cuius

2426 4622 2602 4682 honor
2628 4629 2686 4679 et
2723 4620 2912 4678 cultus
2939 4625 3026 4678 est
3062 4620 3359 4693 primarius
3390 4620 3509 4677 linis
3545 4623 3844 4681 canonicae
3879 4630 4036 4697 pote·

2424 4714 2604 4771 statis.
2623 4715 2802 4784 Atque
2824 4710 2928 4768 hac
2948 4710 3157 4767 ratione
3179 4715 3427 4781 peccata,
3451 4718 3721 4784 quantum
3745 4720 3832 4771 est
3849 4731 3916 4773 ex
3945 4732 4030 4785 se,

2425 4810 2561 4860 sunt
2596 4800 2826 4859 materia
2862 4798 3272 4857 ecclesiasticae
3309 4802 3632 4871 potestatis,
3661 4809 3718 4858 et
3753 4811 4030 4876 quantum

2426 4900 2512 4950 est
2538 4906 2605 4948 ex
2635 4891 2684 4947 vi
2710 4887 3134 4958 iurisdictionis,
3166 4886 3270 4945 sub
3297 4888 3528 4945 materia
3556 4888 3691 4967 legis
3729 4894 4032 4951 canonicae

2425 4981 2798 5047 continentur,
2815 4978 2859 5033 si
2882 4974 3101 5035 aliunde
3129 4974 3472 5034 conditiones
3502 4976 3637 5035 aliae
3665 4989 4028 5053 concurrant,

2397 5110 2402 5115 -
2425 5078 2491 5130 ut
2509 5067 2761 5142 expediat
2780 5066 2848 5125 de
2873 5065 2976 5124 illis
3001 5065 3144 5137 leges
3167 5064 3331 5122 serre.
3357 5066 3601 5141 Denique
3621 5080 4034 5142 consequenter

2427 5161 2556 5219 hinc
2585 5158 2674 5230 tit,
2705 5164 2769 5214 ut
2809 5170 2898 5214 res
2927 5170 3118 5212 omnes
3143 5154 3420 5213 inferiores
3440 5196 3456 5224 ,
3485 5161 3760 5229 quatenus
3797 5170 4040 5230 possunt

2430 5265 2556 5309 esse
2585 5246 2808 5305 materia
2831 5242 3337 5318 supernaturalium
3365 5250 3598 5301 actuum
3621 5245 3706 5302 vel
3735 5247 4028 5319 virtutum,
