4325 6267
797 273 924 342 212

693 422 929 494 perium,
959 415 1026 477 de
1052 433 1164 494 qua
1184 415 1428 491 procedit
1445 415 1711 476 dubitatio
1729 415 1969 490 propria.
1985 414 2126 474 Cum
2141 430 2273 490 ergo

695 508 981 582 iurisperiti
1010 508 1150 568 hanc
1179 507 1532 582 posteriorem
1559 507 1945 582 distinguente
1965 506 2130 582 priori
2157 514 2278 566 tan-
2306 517 2323 534 ·

693 615 858 674 quam
885 599 1144 672 scriptam
1183 615 1216 656 a
1255 614 1361 657 non
1391 599 1632 672 scripta,
1661 596 1910 656 videntur
1947 597 2182 670 sentire,
2210 596 2279 655 de

689 691 895 749 ratione
921 688 1083 747 huius
1112 688 1243 766 legis
1269 705 1389 748 esse
1417 689 1763 763 scripturam.
1793 690 1865 746 Et
1896 688 1998 746 alia
2026 687 2200 746 multa
2224 688 2277 746 in

690 779 1096 839 confirmatione
1135 778 1298 838 huius
1326 779 1496 888 partis
1532 778 1857 838 adduximus
1896 795 2066 854 supra
2104 778 2198 838 lib.
2229 780 2273 854 1,

689 871 872 945 capite
899 872 964 928 11.

768 967 827 1022 4.
847 961 1204 1020 Nihilominus
1231 959 1524 1019 dicendum
1549 966 1653 1033 est,
1667 959 1795 1018 licet
1821 961 2057 1034 optimus
2079 957 2277 1018 modus

687 1052 889 1112 ferendi
917 1053 1094 1127 legem
1122 1053 1270 1110 sitin
1298 1054 1525 1125 scripto,
1557 1067 1666 1109 non
1699 1066 1820 1108 esse
1856 1057 2039 1110 tamen
2075 1050 2181 1108 hoc
2210 1051 2277 1109 de

688 1144 989 1203 substantia
1014 1150 1073 1202 et
1102 1142 1286 1202 valore
1315 1142 1467 1217 legis.
1501 1143 1680 1201 Prima
1706 1156 1835 1215 pars
1864 1141 2124 1216 probatur
2163 1143 2277 1215 pri·

689 1250 778 1292 mo
799 1249 866 1292 ex
888 1233 1316 1292 communiusu.
1343 1230 1617 1305 Secundo,
1639 1232 1766 1306 quia
1784 1238 2023 1306 oportet,
2045 1237 2110 1289 ut
2128 1231 2277 1308 leges

689 1323 797 1381 sint
823 1321 1071 1396 stabiles,
1101 1338 1164 1381 ac
1194 1320 1418 1396 proinde
1449 1332 1510 1380 ut
1535 1321 1704 1397 signis
1731 1320 2166 1394 permanentibus
2201 1323 2277 1379 se-

685 1421 904 1473 rantur.
921 1415 1126 1483 Tertio,
1141 1413 1270 1488 quia
1288 1426 1446 1485 saepe
1469 1412 1842 1470 necessarium
1865 1418 1954 1471 est
1971 1411 2277 1484 expendere

683 1507 907 1580 propria
935 1511 992 1563 et
1019 1503 1264 1563 formalia
1290 1503 1455 1561 verba
1479 1502 1638 1576 legis,
1656 1500 1804 1575 quod
1823 1518 1933 1560 non
1959 1509 2141 1578 potest
2161 1519 2277 1560 mo·

685 1597 870 1655 raliter
895 1596 1044 1668 fieri,
1073 1597 1178 1653 nisi
1214 1593 1322 1653 siut
1363 1595 1584 1666 scripta.
1615 1592 1971 1652 Nihilominus
2011 1594 2277 1666 probatur

689 1688 862 1745 altera
889 1701 1036 1759 pars,
1055 1685 1182 1759 quia
1202 1684 1302 1742 hae
1323 1685 1558 1742 rationes
1579 1689 1791 1742 tantum
1813 1692 1947 1743 sunt
1966 1701 2276 1759 congruen-

685 1780 791 1836 tiae
816 1784 875 1835 et
901 1777 1125 1835 maioris
1149 1775 1428 1846 utilitatis3
1459 1791 1566 1831 non
1597 1782 1775 1833 tamen
1799 1774 2034 1849 probant
2055 1776 2275 1834 ahsolu-

683 1877 796 1928 tam
842 1867 1221 1926 necessitatem
1267 1863 1332 1924 ex
1379 1872 1579 1924 natura
1626 1866 1726 1924 rei.
1770 1866 1908 1935 Quia
1952 1882 2274 1941 expressum

683 1965 1042 2034 praeceptum
1071 1957 1410 2017 sufficienter
1436 1963 1614 2030 potest
1642 1957 1804 2016 verbo
1834 1957 1986 2031 ferri,
2015 1966 2073 2016 et
2100 1957 2277 2031 publi-

685 2069 749 2110 ce
783 2051 1031 2126 proponi,
1061 2055 1118 2108 et
1143 2064 1240 2123 per
1267 2046 1608 2106 traditionem
1635 2048 1705 2106 ab
1733 2065 1844 2106 uno
1873 2047 1923 2105 in
1953 2047 2120 2107 alium
2141 2064 2273 2106 con·

685 2143 912 2200 servari.
929 2140 1304 2200 lmoChristus
1315 2141 1576 2198 Dominus
1599 2139 1668 2196 ita
1686 2139 1810 2197 tulit
1832 2147 2122 2213 praecepta
2149 2156 2273 2213 sua,

689 2242 746 2293 et
771 2233 954 2307 aliqua
978 2248 1088 2290 non
1116 2233 1343 2289 suerunt
1369 2228 1422 2286 in
1450 2229 1640 2287 divinis
1678 2229 1866 2287 litteris
1901 2230 2125 2303 scripta.
2155 2231 2275 2289 Hoc

681 2339 814 2382 vero
844 2322 1061 2380 facilius
1088 2323 1201 2394 ipse
1223 2321 1402 2394 potuit
1422 2335 1604 2394 agere,
1628 2335 1796 2395 quam
1815 2319 2042 2378 humani
2063 2319 2279 2397 legisla-

683 2421 858 2484 tores,
888 2397 1017 2487 quia
1044 2412 1222 2484 potuit
1257 2426 1319 2468 ea
1360 2409 1598 2468 scribere
1637 2412 1690 2466 in
1732 2409 2012 2482 cordibus,
2055 2419 2110 2469 et
2148 2415 2277 2485 quia

683 2523 782 2582 per
823 2505 1089 2579 Spiritum
1128 2509 1386 2560 sanctum
1425 2503 1500 2559 ita
1538 2502 1676 2577 regit
1705 2502 2006 2560 Ecclesiam
2047 2503 2275 2560 catholi-

686 2613 833 2670 cam,
864 2603 1059 2654 utnon
1087 2594 1249 2665 sinat,
1279 2608 1397 2650 eam
1428 2591 1616 2649 talium
1644 2593 2062 2665 'praeceptorum
2089 2591 2277 2650 oblivi-

684 2688 784 2747 sci.
820 2689 999 2760 Atque
1037 2684 1172 2742 haec
1213 2684 1507 2754 resolutio,
1551 2683 1766 2742 scilicet
1803 2685 2128 2759 scripturam
2167 2699 2275 2741 non

679 2794 802 2838 esse
840 2777 908 2836 de
935 2774 1236 2834 substantia
1262 2773 1426 2848 legis,
1459 2774 1766 2831 communis
1791 2781 1910 2846 est,
1945 2781 2005 2832 ut
2031 2781 2181 2847 patet
2210 2791 2279 2834 ex

681 2873 844 2941 Rota,
881 2866 960 2927 tit.
994 2865 1060 2922 de
1084 2864 1307 2922 constit.
1338 2862 1513 2921 decis.
1551 2866 1602 2932 1,
1635 2863 1686 2919 in
1715 2863 1889 2934 novis,
1919 2869 1974 2920 et
1999 2879 2066 2921 ex
2078 2867 2277 2922 Panor-

689 2962 810 3020 mit.
841 2957 1026 3031 Decio,
1052 2956 1234 3015 Felino
1255 2961 1312 3013 et
1334 2954 1450 3012 aliis
1471 2955 1526 3012 in
1549 2955 1730 3028 titulo,
1753 2969 1854 3013 seu
1872 2954 2030 3012 rubr.
2055 2952 2124 3012 de
2145 2971 2276 3013 con·

687 3052 801 3108 stit.
825 3057 883 3108 et
900 3047 1051 3106 ioan.
1082 3044 1253 3104 Andr.
1285 3045 1336 3102 in
1363 3044 1555 3120 regula
1575 3061 1744 3102 nemo
1761 3049 1978 3119 potest,
1999 3043 2066 3102 de
2095 3044 2271 3119 regul.

688 3143 794 3200 iur.
818 3142 876 3199 in
898 3144 953 3212 6,
977 3145 1035 3196 et
1053 3137 1288 3195 sumitur
1309 3151 1370 3194 ex
1393 3135 1582 3194 Glossa
1601 3135 1653 3192 in
1675 3150 1796 3208 cap.
1829 3143 1879 3207 1,
1896 3133 1921 3204 ἒ
1932 3139 2268 3210 postquam,

685 3232 854 3290 verbo
879 3233 946 3288 in
969 3230 1234 3304 scriptis,
1268 3225 1333 3284 de
1362 3225 1567 3284 censih.
1598 3227 1654 3284 in
1678 3230 1743 3299 6,
1783 3231 2055 3300 quatenus
2082 3241 2277 3284 nume·

683 3327 774 3381 rat
800 3320 986 3395 plures
1011 3333 1208 3390 casus,
1239 3318 1294 3374 in
1321 3315 1522 3392 quibus
1560 3317 1838 3388 scriptura
1873 3315 2190 3390 requiritur,
2220 3323 2277 3376 et

683 3415 825 3472 inter
849 3427 944 3468 eos
971 3425 1078 3467 non
1107 3409 1259 3482 ponit
1283 3407 1477 3481 legem.
1507 3407 1729 3465 Probari
1757 3403 1972 3464 tandem
2000 3413 2182 3480 potest
2209 3423 2277 3467 ex

689 3518 812 3576 cap.
844 3501 1260 3566 Institutionis,
1298 3503 1394 3571 25,
1423 3514 1480 3571 q.
1511 3502 1569 3568 2,
1598 3497 1696 3554 ibi:
1729 3498 1856 3556 Sive
1884 3513 2032 3571 quae
2057 3501 2275 3574 scripto

687 3592 1068 3659 decrevimus,
1096 3588 1218 3647 sive
1235 3604 1384 3663 quae
1403 3591 1468 3645 in
1492 3593 1696 3645 nostra
1704 3590 2060 3664 praesentia
2077 3587 2277 3646 viden-

685 3690 788 3742 tur
811 3697 934 3740 esse
959 3680 1266 3756 disposita.
1298 3677 1554 3754 Idemque
1576 3677 1902 3750 supponitur
1923 3677 1974 3735 in
1996 3693 2119 3752 cap.
2143 3680 2191 3737 1.
2206 3679 2275 3737 de

688 3779 905 3834 renunt.
939 3772 991 3830 in
1023 3775 1075 3830 6.
1107 3773 1222 3828 Hoc
1253 3785 1383 3827 vero
1409 3767 1808 3843 intelligendum
1833 3775 1948 3838 est,
1977 3771 2080 3827 nisi
2107 3785 2275 3844 oppo-

690 3865 854 3922 situm
880 3862 1046 3920 suerit
1085 3858 1482 3918 consuetudine
1523 3860 1924 3933 praescriptum
1943 3900 1959 3933 ,
1987 3861 2115 3934 quia
2141 3877 2278 3918 con-

689 3953 924 4012 suetudo
953 3952 1133 4008 iacere
1159 3955 1342 4024 potest
1365 3951 1474 4007 ius.
1499 3949 1724 4022 Oportet
1749 3957 1953 4024 autem,
1978 3957 2040 4008 ut
2061 3951 2274 4024 legisla-

686 4054 774 4105 tor
793 4060 900 4102 non
921 4040 1117 4100 habeat
1136 4045 1458 4115 potestatem
1479 4039 1776 4114 derogandi
1797 4038 2267 4114 consuetudinem

684 4153 811 4195 nam
839 4134 884 4192 si
911 4133 1051 4191 hanc
1080 4137 1404 4205 potestatem
1435 4130 1650 4204 habeat,
1673 4138 1733 4188 et
1751 4147 1908 4188 suam
1932 4131 2272 4191 voluntatem

685 4227 1028 4285 sufficienter
1047 4223 1332 4297 exprimat,
1354 4219 1534 4279 valida
1551 4222 1656 4280 erit
1681 4222 1768 4279 lex
1787 4222 1906 4281 solo
1929 4222 2094 4281 verbo
2117 4240 2274 4297 prae-

687 4318 910 4392 scripta.
940 4330 1050 4371 non
1077 4313 1324 4372 obstante
1350 4311 1757 4370 consuetudine.

764 4414 819 4468 5.
844 4405 1081 4465 Ulterius
1100 4419 1232 4462 vero
1253 4403 1404 4461 circa
1424 4403 1665 4461 eamdem
1687 4408 1898 4476 partem
1919 4410 2170 4477 superest
2194 4404 2275 4462 in·

683 4495 1032 4575 quirendum,
1058 4509 1200 4570 quae
1227 4494 1402 4552 forma
1439 4490 1526 4550 vel
1550 4494 1826 4566 expressio
1855 4493 2150 4553 verborum
2178 4510 2271 4552 ne·

683 4586 920 4646 cessaria
947 4587 1039 4658 sit,
1070 4590 1136 4642 ut
1164 4585 1250 4642 lex
1278 4582 1611 4642 sufficienter
1637 4583 1778 4642 edita
1802 4591 2123 4660 censeatur,
2155 4587 2270 4644 sive

678 4678 770 4737 illa
797 4676 1002 4750 scripta
1028 4676 1161 4744 sint,
1191 4673 1302 4733 sive
1329 4689 1464 4731 voce
1492 4673 1724 4747 prolata.
1744 4676 1806 4733 ln
1826 4690 1936 4749 quo
1959 4673 2145 4747 dubio,
2172 4692 2269 4750 ge·

680 4768 910 4827 neratim
947 4762 1221 4839 loquendo
1245 4803 1262 4836 ,
1291 4763 1470 4821 solum
1505 4763 1686 4822 dicere
1713 4778 2041 4839 possumus,
2071 4764 2269 4824 dehere

681 4875 800 4918 esse
829 4856 975 4930 talia,
999 4863 1063 4913 ut
1083 4853 1412 4913 sufficienter
1438 4855 1733 4928 explicent,
1756 4854 2096 4914 intentionem
2118 4858 2269 4929 prin-

681 4949 814 5023 cipis
842 4962 962 5004 esse
987 4945 1130 5004 serre
1159 4952 1515 5018 praeceptum
1540 4946 1730 5004 stabile
1749 4952 1806 5003 et
1825 4961 2139 5022 commune,
2173 4947 2266 5005 ha·

679 5041 922 5114 beneque
943 5036 1074 5094 alias
1093 5034 1429 5094 conditiones
1451 5036 1520 5095 ad
1544 5036 1718 5111 legem
1737 5037 2044 5116 requisitas,
2058 5045 2115 5096 et
2127 5054 2267 5115 quo·

679 5145 920 5204 cumque
949 5126 1113 5186 modo
1140 5125 1244 5185 hoc
1271 5126 1384 5200 fiat,
1415 5125 1568 5184 illum
1596 5125 1871 5185 sufficere.
1895 5129 2142 5187 Primum
2173 5145 2269 5203 pa-

687 5228 786 5295 tet,
813 5221 962 5295 quia,
985 5224 1050 5277 ut
1074 5218 1128 5275 in
1155 5216 1422 5292 principio
1445 5214 1574 5293 dixi,
1601 5216 1725 5275 talis
1743 5217 2059 5291 significatio
2084 5225 2174 5279 est
2200 5220 2267 5279 de

2153 287 2359 340 mm
2382 288 2489 341 111.

2348 415 2649 476 substantia
2672 413 2807 496 legis
2832 415 3123 494 humanae3
3151 418 3455 480 secundum
3474 433 3605 479 vero
3626 425 3799 494 patet,
3814 418 3949 496 quia

2345 506 2475 566 nihil
2496 506 2644 566 aliud
2660 515 2747 567 est
2763 507 3190 569 determinatum
3210 513 3333 573 iure
3353 510 3587 570 naturali
3608 511 3692 570 vel
3708 509 3945 569 alicuius

2346 599 2662 671 superioris.
2694 600 2830 658 Hinc
2859 615 2989 658 vero
3018 600 3203 660 inferri
3231 608 3445 676 potest,
3482 601 3818 683 ‚regulariter
3844 599 3941 658 ad-

2346 687 2576 748 hibenda
2601 704 2723 748 esse
2750 689 2916 750 verba
2943 693 3311 766 praeceptiva,
3340 694 3471 767 quia
3508 691 3687 750 solum
3714 707 3940 765 praece-

2345 785 2501 854 ptum
2535 777 2741 838 inducit
2776 779 3191 857 obligationem,
3222 788 3278 840 et
3312 783 3437 857 quia
3465 781 3533 841 de
3570 782 3777 840 ratione
3805 781 3941 858 legis

2344 877 2452 944 est,
2482 876 2546 928 ut
2570 870 2646 929 sit
2672 880 3053 946 praeceptum,
3084 880 3141 931 et
3175 873 3302 949 quie
3334 874 3563 932 effectus
3600 872 3945 948 obligationis

2345 959 2566 1021 odiosus
2597 977 2695 1020 seu
2726 979 2995 1022 onerosus
3021 970 3129 1036 est,
3144 964 3377 1040 ideoque
3402 964 3467 1022 ad
3491 964 3789 1022 verborum
3814 979 3945 1037 pro-

2344 1053 2629 1126 prietatem
2657 1051 3071 1129 restringendus
3098 1055 3560 1129 est.Quapropter
3588 1061 3653 1112 ut
3681 1054 3945 1128 intelliga-

2346 1147 2439 1202 tur
2455 1142 2707 1218 superior
2728 1145 2873 1204 t'erre
2894 1144 3091 1221 legem,
3106 1162 3213 1203 non
3234 1146 3364 1203 satis
3382 1150 3486 1218 est,
3500 1150 3565 1203 ιιι
3580 1145 3745 1203 dicat:
3758 1148 3933 1218 Rupe,

2334 1237 2491 1308 peto,
2524 1235 2745 1298 hortor,
2784 1234 2865 1292 vel
2886 1234 3023 1310 quid
3042 1235 3238 1308 simile,
3268 1235 3364 1293 nisi
3386 1234 3593 1309 aliquid
3616 1232 3802 1303 addat,
3827 1250 3941 1309 quo

2344 1323 2514 1397 magis
2535 1323 2772 1397 explicet
2792 1323 3061 1399 obligandi
3085 1324 3459 1384 intentionem.
3476 1325 3565 1383 Sic
3596 1323 3939 1384 dixitGlossa
4052 1355 4059 1363 ·

2344 1416 2399 1471 in
2427 1429 2552 1487 cap.
2586 1417 2761 1488 Roqo,
2804 1418 2897 1486 11,
2924 1431 2980 1489 q.
3014 1419 3069 1476 3.
3100 1415 3169 1473 ibi
3197 1415 3430 1489 positum
3452 1430 3572 1473 esse
3602 1413 3829 1472 verbum
3850 1431 3939 1471 ro-

2342 1502 2503 1578 gandi
2532 1520 2631 1577 pro
2658 1504 2823 1578 verbo
2844 1504 3131 1563 mandandi
3160 1512 3355 1564 contra
3376 1507 3650 1579 propriam
3672 1504 3939 1579 signitica-

2342 1596 2576 1665 tionem,
2614 1594 2922 1670 sorte,quia
2960 1595 3035 1654 ibi
3070 1597 3312 1655 Pontifex
3348 1603 3539 1672 rogat,
3581 1595 3853 1663 hortatur,
3882 1602 3942 1654 et

2342 1691 2529 1742 monet
2553 1684 2621 1742 ad
2651 1683 2725 1759 id,
2755 1685 2905 1760 quod
2934 1687 3051 1745 sine
3086 1693 3315 1760 peceato
3351 1687 3509 1745 aliter
3542 1687 3656 1744 fleri
3696 1703 3803 1744 non
3841 1702 3938 1758 po-

2342 1781 2505 1833 terat.
2551 1761 2935 1833 Verumtamen
2978 1776 3033 1833 in
3058 1774 3139 1834 his
3179 1783 3237 1836 et
3264 1775 3527 1836 similibus
3562 1775 3797 1834 decretis
3826 1792 3933 1834 non

2340 1871 2556 1937 oportet
2584 1863 2752 1922 verba
2778 1865 3073 1940 improprie
3102 1866 3375 1940 accipere,
3405 1869 3535 1941 quia
3563 1866 3614 1923 in
3644 1869 3722 1924 eis
3748 1869 3931 1926 Ponti-

2340 1955 2427 2015 fex
2454 1954 2538 2013 vel
2562 1958 2815 2030 princeps
2838 1955 3089 2014 hortatur
3115 1956 3386 2028 subditos,
3404 1964 3469 2015 ut
3497 1957 3773 2032 impleant,
3786 1959 3937 2032 quod

2342 2047 2473 2106 alias
2501 2053 2780 2117 tenentur,
2805 2053 2986 2104 tamen
3014 2063 3081 2104 ex
3106 2048 3158 2104 vi
3189 2046 3379 2106 talium
3409 2048 3709 2106 verborum
3736 2065 3933 2108 noram

2342 2137 2719 2212 obligationem
2756 2153 2865 2196 non
2892 2137 3136 2211 imponit.
3168 2139 3239 2196 Et
3276 2138 3411 2197 haec
3444 2138 3748 2198 exhortatio
3789 2141 3935 2199 solet

2341 2243 2373 2284 a
2398 2227 2634 2300 iuristis,
2666 2233 2730 2284 ut
2762 2243 2927 2301 supra
2960 2228 3097 2302 dixi,
3129 2228 3312 2287 vocari
3352 2230 3637 2291 consilium
3676 2245 3931 2289 reveren·

2342 2319 2467 2391 tiae,
2496 2316 2649 2392 quod
2676 2334 2787 2376 non
2814 2325 2899 2376 est
2924 2335 3127 2377 novum
3154 2326 3536 2394 praeceptum,
3562 2321 3659 2378 sed
3688 2321 3933 2380 modesta

2344 2414 2401 2467 et
2420 2415 2649 2483 paterna
2670 2409 2853 2482 petitio
2878 2409 3255 2468 observantiae
3280 2411 3649 2486 obligationis,
3664 2429 3805 2488 quae
3828 2414 3935 2472 iarn

2344 2498 2538 2570 inerat,
2570 2505 2625 2556 et
2662 2501 2744 2555 sic
2787 2499 3029 2573 loquitur
3056 2500 3248 2560 Glossa
3273 2503 3327 2559 in
3355 2502 3526 2560 Ciem.
3565 2504 3613 2560 l.
3644 2502 3712 2560 de
3740 2503 3926 2563 testib.

2342 2588 2511 2647 verbo
2551 2591 2925 2650 exhortatur.
2958 2592 3169 2667 Estque
3210 2594 3477 2667 optimum
3518 2593 3829 2668 exemplum
3876 2597 3932 2652 in

2345 2680 2549 2738 concil.
2582 2680 2709 2737 trid.
2743 2697 2882 2738 sess.
2907 2685 3005 2756 24,
3030 2697 3084 2740 c.
3118 2685 3165 2742 ι.
3192 2684 3261 2742 de
3284 2683 3563 2742 reformat.
3594 2685 3683 2741 ibi:
3708 2689 3935 2745 Sancta

2344 2768 2607 2848 synodus
2627 2771 2921 2840 hortatur,
2939 2777 3005 2830 ut
3024 2776 3296 2848 coniuqes
3316 2779 3455 2833 ante
3476 2761 3932 2835 benedictionem

2345 2858 2783 2920 sacerdotalem
2811 2863 2879 2919 in
2904 2862 3120 2940 templo
3156 2865 3599 2942 suscipiendam
3632 2872 3699 2926 in
3726 2867 3935 2927 eadem

2343 2949 2517 3010 domo
2541 2969 2660 3010 non
2686 2951 3036 3011 cohabitent.
3051 2955 3199 3024 Quae
3223 2956 3388 3014 verba
3408 2957 3583 3032 legem
3602 2958 3933 3034 obligantem

2344 3058 2453 3100 non
2482 3043 2783 3115 continent,
2813 3052 2877 3101 ut
2903 3059 3091 3102 omnes
3119 3045 3444 3122 intelligunt.
3830 3085 3835 3090 -

2425 3136 2479 3192 6.
2502 3134 2739 3208 Oportet
2763 3150 2919 3211 ergo,
2951 3140 3012 3193 ut
3038 3136 3203 3195 verba
3228 3135 3363 3214 legis
3390 3139 3744 3199 constitutiva
3772 3156 3931 3214 prae·

2344 3225 2563 3298 ceptiva
2586 3225 2719 3299 sint3
2743 3231 2979 3298 possunt
2999 3233 3185 3284 autem
3205 3227 3497 3305 distingui3
3520 3247 3647 3288 nam
3668 3229 3933 3305 quaedam

2345 3323 2699 3389 praeceptum
2728 3314 3013 3387 proferunt
3047 3319 3205 3392 quasi
3246 3320 3295 3375 in
3324 3327 3454 3379 actu
3484 3321 3727 3398 signato,
3758 3330 3825 3382 ut
3850 3325 3932 3382 sic

2345 3405 2544 3475 dicam,
2577 3407 2681 3464 alia
2708 3407 2763 3463 in
2804 3413 2935 3465 actu
2972 3412 3237 3468 exercito.
3264 3412 3455 3471 Priora
3490 3413 3670 3489 quoad
3710 3431 3933 3489 praece-

2344 3503 2435 3570 pta
2467 3497 2793 3556 affirmativa
2818 3498 3048 3557 maxime
3080 3507 3211 3559 sunt
3235 3502 3463 3561 verbum
3484 3508 3809 3582 praecipio,
3846 3506 3932 3564 vel

2342 3591 2603 3663 impero,·
2639 3588 2775 3646 haec
2803 3590 2947 3647 enim
2976 3590 3141 3648 verba
3169 3606 3289 3650 esse
3316 3593 3597 3669 videntur,
3614 3611 3754 3671 quae
3780 3596 3847 3654 (le
3872 3613 3933 3654 se

2343 3682 2573 3738 maxime
2612 3680 2851 3738 indicare
2890 3687 3121 3753 possunt
3156 3683 3486 3742 voluntatem
3525 3685 3828 3762 obligandi,
3868 3695 3936 3745 ut

2344 3771 2580 3828 sumitur
2608 3770 2756 3828 clare
2782 3787 2847 3829 ex
2870 3771 3193 3830 Clementia.
3211 3777 3417 3833 Eat-ivit
3443 3773 3517 3832 de
3532 3775 3847 3851 paradiso,
3864 3777 3935 3835 dc

2342 3859 2497 3918 verb.
2538 3860 2825 3935 significat.
2857 3861 2958 3921 Ubi
2990 3861 3239 3919 Clemens
3264 3863 3329 3921 V.
3359 3864 3780 3940 interpretatur,
3810 3883 3934 3925 ver·

2345 3951 2475 4010 bum
2502 3955 2811 4028 praecepti
2850 3951 3095 4010 indicare
3132 3955 3443 4029 rigorosam
3478 3956 3615 4033 legis
3644 3957 3931 4032 obligatio-

2341 4057 2490 4100 nem.
2519 4041 2587 4098 Et
2612 4040 2755 4099 idern
2792 4041 2949 4099 habet
2974 4041 3232 4100 Nicotaus
3260 4045 3349 4101 111.
3383 4047 3439 4102 in
3476 4062 3598 4120 cap.
3630 4052 3825 4118 Exiit,
3860 4049 3931 4108 de

2344 4135 2559 4193 verbor.
2592 4133 2878 4207 significat.
2918 4133 2972 4191 in
3003 4141 3056 4194 6.
3088 4135 3274 4204 Quoad
3312 4140 3566 4212 negativa
3606 4154 3735 4199 vero
3772 4157 3931 4214 prae-

2344 4229 2527 4298 cepta,
2560 4223 2725 4280 verba
2752 4223 2971 4298 propria
2998 4231 3130 4283 sunt
3153 4226 3414 4296 inhibeo,
3442 4229 3740 4304 prohibeo,
3774 4238 3833 4289 et
3858 4233 3931 4290 si·

2344 4315 2509 4389 milia,
2544 4321 2605 4373 ut
2631 4317 2685 4373 in
2712 4314 2917 4373 eisdem
2947 4314 3181 4374 decretis
3219 4315 3530 4378 declaratur
3550 4362 3566 4394 ,
3593 4327 3649 4379 et
3682 4337 3749 4380 ex
3777 4325 3830 4381 vi
3854 4324 3931 4380 si·

2341 4405 2693 4480 gnificationis
2724 4405 2915 4462 talium
2946 4406 3239 4464 verborum
3265 4407 3485 4467 videtur
3509 4425 3606 4484 per
3628 4427 3685 4470 se
3707 4414 3933 4475 manite-

2340 4504 2510 4557 stum.
2534 4495 2715 4556 Verba
2736 4499 2867 4556 item
2894 4497 3287 4572 aequivalentia
3316 4500 3619 4576 sufficiunt,
3648 4510 3709 4562 ut
3732 4504 3933 4565 ibidem

2339 4585 2685 4660 declaratur,
2728 4585 3045 4645 huiusmodi
3086 4594 3268 4647 autem
3305 4606 3432 4648 esse
3473 4589 3725 4650 videntur
3765 4593 3929 4670 haec,

2342 4693 2543 4736 omnes
2569 4683 2904 4746 teneantur,
2929 4681 3153 4736 mutini
3181 4677 3379 4751 liceat,
3407 4687 3463 4738 et
3482 4682 3697 4741 similia.
3712 4685 3787 4743 De
3809 4701 3930 4744 ver·

2339 4768 2425 4827 bis
2450 4774 2634 4825 autem
2659 4766 2958 4842 imperandi
2985 4769 3037 4825 in
3067 4775 3198 4827 actu
3226 4773 3488 4846 exercito,
3520 4779 3583 4832 ut
3612 4782 3743 4833 sunt
3761 4816 3777 4849 ,
3811 4779 3929 4835 Fa·

2339 4861 2480 4926 cite,
2514 4857 2825 4928 abstinete,
2860 4875 3064 4918 omnes
3092 4858 3355 4936 solvant,
3384 4879 3557 4922 nemo
3584 4864 3838 4936 audeat,
3873 4873 3931 4924 et

2338 4949 2552 5025 similia3
2567 4948 2636 5007 de
2659 4949 2765 5021 his,
2784 4949 3027 5023 inquam,
3047 4951 3203 5009 multi
3228 4951 3505 5029 dubitant,
3525 4957 3655 5030 quia
3673 4957 3931 5031 frequen·

2336 5046 2419 5098 ter
2445 5039 2675 5113 proferri
2706 5039 2883 5099 solent
2908 5054 3005 5113 per
3034 5041 3257 5101 modum
3284 5044 3521 5119 consilii,
3545 5053 3645 5104 aut
3667 5046 3929 5120 simplicis

2336 5129 2681 5204 directionis,
2711 5137 2769 5188 et
2804 5132 2879 5189 ita
2906 5133 3097 5189 Castro
3134 5149 3303 5207 supra
3338 5136 3688 5216 reprehendit
3722 5141 3928 5196 Panor-

2336 5222 2451 5279 mit.
2482 5221 2577 5296 qui
2604 5219 2769 5294 dixit,
2800 5220 2949 5279 hunc
2980 5220 3206 5280 modum
3234 5223 3536 5298 imperandi
3573 5225 3829 5290 sufficere
3855 5227 3927 5291 ad
