4325 6267
1742 408 1958 459 caru-r
1987 410 2065 459 ιι.
2554 412 2565 417 ·
3335 390 3456 455 301

258 556 377 599 esse
416 539 615 598 salsum
638 580 653 611 ,
694 545 751 596 et
796 538 921 597 loca
960 540 1281 612 Scripturas
1308 537 1701 612 explicabimus
1729 550 1853 606 cap.

258 647 372 705 seq.
403 629 652 702 exempla
685 644 819 685 vero
848 628 1031 686 Achaz
1057 636 1115 685 et
1150 631 1393 687 manasse
1422 626 1764 699 ineptissime
1790 623 1861 680 ab

259 720 547 778 haereticis
574 717 644 776 ad
672 718 815 775 hanc
846 733 1072 775 causam
1102 718 1438 791 atteruntur,
1470 732 1593 773 nam
1623 721 1863 785 uterque

256 810 534 869 idolorum
574 807 761 866 cultor
801 807 933 879 suit,
965 814 1024 865 et
1062 807 1280 865 cultum
1322 806 1539 867 illorum
1580 820 1645 861 ac
1686 804 1860 860 ritum

257 902 499 975 gentium
532 901 581 955 in
615 898 880 972 templum
907 897 1259 955 introducere
1288 896 1495 964 voluit,
1526 901 1591 952 ut
1617 912 1686 951 ex
1712 894 1859 950 Scri-

258 998 417 1063 ptura
466 988 746 1047 evidenter
793 992 1043 1061 constat,
1085 994 1138 1044 et
1168 986 1274 1044 late
1303 986 1525 1059 exponit
1571 981 1862 1042 Abulensis

258 1080 313 1137 d.
342 1095 469 1152 cap.
512 1082 601 1150 16,
630 1094 687 1152 q.
729 1081 817 1148 12,
846 1084 905 1135 et
930 1094 1055 1150 cap.
1089 1082 1188 1147 23,
1216 1092 1274 1149 q.
1314 1081 1363 1145 t,
1398 1081 1455 1145 3,
1483 1082 1542 1132 et
1571 1077 1625 1131 6.

331 1166 415 1225 Ad
462 1166 774 1225 secundum
822 1166 1187 1239 respondetur
1226 1164 1477 1239 negando
1514 1176 1863 1236 consequen·

259 1258 385 1317 tiam
406 1302 421 1328 ,
464 1266 525 1316 et
564 1257 938 1329 probationem
981 1258 1141 1327 eius3
1172 1271 1281 1312 non
1310 1256 1453 1312 enim
1481 1261 1569 1311 est
1596 1251 1769 1308 simile
1797 1249 1865 1308 de

256 1347 560 1420 praeceptis
582 1346 718 1420 legis
740 1346 937 1405 veteris
958 1352 1017 1402 et
1037 1346 1344 1417 praeceptis
1359 1341 1754 1400 ecclesiasticis
1770 1356 1867 1412 po-

260 1438 463 1507 sitivis3
512 1452 635 1493 nam
677 1435 771 1493 illa
814 1441 974 1492 erant
1010 1435 1296 1491 innumera
1336 1448 1437 1506 pro
1477 1437 1594 1489 toto
1636 1428 1862 1503 populo,

260 1527 393 1584 baec
430 1534 617 1583 autem
646 1541 749 1599 pro
778 1524 1073 1583 universali
1100 1524 1351 1601 Ecclesia
1374 1522 1553 1580 solum
1577 1529 1707 1580 sunt
1728 1536 1867 1593 qua-

260 1624 415 1689 tuor,
444 1615 534 1674 vel
562 1617 829 1689 quinque,
861 1632 1002 1688 quae
1031 1615 1209 1671 solum
1233 1621 1367 1670 sunt
1385 1613 1866 1670 determinationes

260 1706 529 1780 quaedam
574 1705 710 1763 iuris
750 1706 947 1777 divini,
979 1703 1257 1761 moraliter
1296 1702 1606 1760 necessaria
1636 1700 1868 1757 homini-

260 1796 365 1853 bus
385 1840 399 1867 ,
443 1803 508 1853 ut
550 1802 705 1868 patet
743 1794 811 1851 de
852 1800 1147 1866 praecepto
1186 1808 1401 1849 annuae
1430 1791 1787 1849 consessionis
1814 1796 1870 1847 et

261 1886 695 1953 communionis,
728 1884 795 1941 de
824 1884 1070 1949 ieiuniis,
1100 1883 1171 1941 de
1201 1884 1355 1941 sestis
1396 1881 1621 1952 diebus,
1663 1896 1729 1937 ac
1759 1880 1869 1936 sol-

264 1976 454 2035 vendis
486 1974 734 2032 decimis.
766 1974 997 2047 Reliqua
1023 1973 1169 2029 enim
1198 1973 1381 2030 omnia
1402 1972 1486 2028 vel
1510 1969 1780 2043 pertinent
1800 1968 1867 2025 ad

262 2064 625 2139 particulares
655 2070 835 2121 status
856 2106 869 2133 ,
896 2063 991 2135 qui
1014 2062 1321 2119 voluntarie
1342 2061 1409 2118 ab
1436 2060 1749 2117 bominibus
1773 2075 1866 2115 su·

264 2162 488 2213 muntur
508 2198 522 2223 ,
557 2153 644 2212 vel
674 2154 745 2211 ad
772 2152 1017 2210 ordinem
1047 2151 1373 2210 iudicialem.
1405 2154 1701 2221 Praecepta
1733 2151 1867 2204 item

265 2246 397 2320 legis
424 2243 649 2315 veteris,
675 2244 997 2315 praesertim
1020 2240 1457 2311 caeremonialia,
1480 2245 1641 2297 erant
1661 2240 1869 2311 figurae

263 2334 613 2406 futurorum,
646 2342 702 2389 et
725 2332 845 2389 ideo
869 2333 1113 2389 veniente
1132 2333 1365 2388 veritate
1385 2373 1399 2401 ,
1424 2343 1644 2386 cessare
1665 2326 1869 2383 debue-

264 2432 423 2497 runt3
455 2429 613 2480 erant
639 2424 799 2481 etiam
829 2420 985 2479 valde
1012 2436 1245 2479 onerosa
1266 2426 1323 2476 et
1341 2421 1497 2493 quasi
1520 2418 1779 2488 carnalia,
1806 2422 1873 2473 ut

266 2514 371 2571 late
397 2518 544 2586 Aug.
576 2512 716 2569 libro
748 2517 833 2571 19.
866 2516 1083 2568 contra
1111 2514 1427 2569 Faustum.
1452 2511 1752 2579 Praecepta
1773 2522 1871 2563 au·

270 2612 377 2661 tem
415 2603 797 2661 ecclesiastica
846 2602 1129 2673 seruntur,
1174 2606 1447 2674 quatenus
1490 2599 1873 2656 convenientia

267 2699 398 2751 sunt
436 2694 507 2750 ad
548 2693 723 2750 bonos
764 2706 949 2749 mores
985 2688 1393 2763 componendos
1416 2732 1430 2761 ,
1470 2694 1653 2745 utres
1680 2700 1873 2743 sacrae

266 2798 391 2839 cum
434 2782 621 2840 debito
663 2781 872 2837 honore
913 2782 1073 2839 fiant:
1108 2786 1513 2853 consequenter
1543 2793 1677 2835 vero
1706 2778 1872 2833 inter-

267 2872 395 2929 dum
418 2871 622 2929 habent
649 2871 1109 2945 significationem
1136 2868 1399 2925 moralem
1416 2909 1431 2938 ,
1457 2883 1597 2941 quae
1622 2866 1871 2924 homines

266 2962 465 3019 excitet
492 2960 561 3017 ad
592 2961 885 3029 virtutem,
916 2967 975 3017 et
1003 2974 1156 3030 spem
1182 2958 1415 3030 gloriae,
1448 2964 1511 3013 ut
1539 2955 1701 3012 latius
1730 2956 1783 3011 in
1813 2960 1868 3012 3.

270 3058 414 3110 tomo
453 3050 523 3107 de
558 3050 917 3106 caeremoniis
956 3047 1349 3105 ecclesiasticis
1388 3047 1639 3102 tractavi.
1681 3048 1874 3117 Augu·

270 3142 443 3199 atinus
474 3146 663 3197 autem
690 3138 952 3196 diminute
978 3137 1049 3195 ibi
1076 3138 1309 3207 citatur,
1336 3151 1461 3191 nam
1484 3141 1613 3190 ante
1633 3132 1725 3190 illa
1752 3146 1873 3188 ver·

268 3232 335 3289 ba
373 3231 510 3288 haec
554 3229 883 3301 praemittit:
936 3228 1189 3291 omnia,
1224 3240 1379 3299 quae
1416 3239 1603 3297 neque
1630 3226 1875 3281 sancta·

266 3337 401 3376 rum
439 3322 903 3394 scripturarum
944 3320 1365 3374 auctoritatem
1406 3317 1733 3379 continent,
1770 3329 1876 3369 nec

268 3411 333 3465 in
353 3406 629 3465 conciliis
651 3410 1060 3483 episcoporum
1087 3409 1322 3463 statuta
1339 3406 1740 3469 inveniuntur,
1768 3417 1876 3458 nec

268 3494 697 3555 consuetudine
724 3498 1044 3553 universae
1072 3492 1377 3553 Ecclesiae
1403 3492 1687 3549 roborata
1712 3495 1872 3557 sunt,

268 3589 365 3646 ubi
380 3585 670 3660 facultas
693 3583 917 3659 suerit,
954 3583 1287 3642 resecanda
1314 3586 1609 3641 existimo,
1642 3582 1723 3639 Ex
1752 3581 1877 3654 qui·

270 3678 371 3735 bus
402 3677 585 3735 verbis
614 3676 897 3733 evidenter
924 3681 1167 3745 constat,
1202 3677 1439 3749 August:
1474 3673 1757 3730 admittere
1784 3688 1877 3729 ec-

270 3766 609 3824 clesiasticas
651 3764 799 3838 leges
847 3770 904 3823 et
941 3770 1149 3821 statuta
1176 3762 1520 3821 convenienti
1548 3760 1879 3818 auctoritate

272 3857 413 3929 lata3
445 3858 631 3913 solum
668 3871 801 3929 ergo
841 3860 1131 3927 suspectos
1174 3852 1335 3911 habet
1376 3852 1681 3925 peculiares
1710 3854 1876 3922 ritus,

274 3947 357 4003 vel
401 3944 838 4003 consuetudines
882 3942 1299 4014 particularium
1338 3940 1627 4007 locorum,
1657 3938 1877 4013 quando

272 4050 379 4093 non
413 4041 547 4092 sunt
572 4032 869 4091 sufficienti
899 4032 1106 4089 ratione
1148 4035 1203 4087 et
1240 4032 1568 4088 auctoritate
1597 4028 1875 4103 fundatam

272 4140 375 4181 non
398 4140 537 4198 ergo
566 4125 679 4196 agit
699 4121 767 4178 de
788 4126 1084 4193 potestate,
1100 4118 1195 4176 sed
1218 4117 1547 4191 prudentem
1569 4119 1691 4175 eius
1712 4132 1879 4174 usum

270 4214 527 4287 requirit.

353 4306 405 4360 7.
438 4301 521 4360 Ad
566 4299 789 4358 tertium
832 4298 1231 4371 respondetur,
1261 4298 1508 4354 homines
1550 4311 1649 4355 sua
1678 4296 1881 4353 virtute

272 4409 377 4450 non
418 4406 585 4465 posse
629 4390 862 4462 dirigere
904 4389 1039 4445 alios
1078 4390 1131 4444 in
1176 4388 1335 4447 tinem
1376 4386 1877 4459 supernaturalem

276 4482 496 4539 adiutos
526 4486 711 4538 autem
739 4478 806 4535 ab
835 4479 1041 4550 Spiritu
1082 4482 1303 4545 sancto,
1344 4490 1375 4531 a
1412 4491 1526 4549 quo
1556 4474 1759 4531 habent
1787 4490 1882 4547 po-

274 4578 557 4641 testatem,
607 4584 770 4641 posse
816 4566 871 4623 id
917 4573 1232 4639 praestare:
1261 4571 1320 4623 et
1366 4565 1619 4639 quamvis
1668 4576 1882 4634 semper

273 4666 416 4720 Deus
446 4662 547 4731 sit,
574 4660 669 4731 qui
700 4673 796 4730 per
821 4660 1053 4731 gratiam
1075 4672 1233 4713 suam
1260 4654 1355 4711 dat
1379 4654 1687 4711 efficaciam
1714 4660 1771 4709 et
1795 4653 1878 4707 in·

275 4756 651 4819 crementum,
676 4753 855 4804 tamen
886 4746 1131 4802 homines
1158 4748 1323 4801 etiam
1353 4750 1589 4817 possunt
1609 4744 1878 4814 plantare,

276 4846 333 4897 st
371 4842 587 4913 rigare,
630 4843 796 4909 atque
836 4836 909 4893 ita
948 4834 1183 4908 dirigere
1214 4848 1312 4905 per
1340 4833 1488 4906 leges
1518 4833 1569 4889 in
1600 4835 1757 4888 tinem
1788 4846 1893 4886 su·-

244 4916 707 5002 ,pernaturalem
748 4930 807 4982 et
844 4924 1035 4981 eadem
1076 4924 1281 4979 ratione
1326 4927 1558 4994 possunt
1600 4935 1697 4992 per
1727 4918 1883 4991 spiri-

279 5019 453 5076 tuales
480 5030 683 5089 poenas
705 5056 719 5085 ,
751 5013 833 5071 vel
863 5012 994 5069 alias
1036 5017 1407 5084 congruentes
1435 5024 1529 5066 eos
1560 5009 1819 5067 cohibere
1849 5023 1881 5066 a

278 5107 522 5180 peccatis
564 5106 615 5160 in
656 5102 847 5160 ordine
884 5102 955 5159 ad
998 5106 1273 5158 aeternam
1315 5100 1574 5170 salutem,
1620 5113 1759 5171 quae
1789 5111 1885 5169 per

278 5206 509 5271 peccata
538 5192 851 5265 impeditur.
884 5192 955 5249 Et
980 5190 1232 5263 quamvis
1259 5189 1531 5245 humanae
1562 5190 1881 5245 coactiones

279 5288 363 5345 vel
390 5284 747 5344 coercitiones
778 5296 873 5354 per
900 5296 961 5337 se
990 5294 1097 5335 non
1125 5278 1337 5351 possint
1365 5284 1577 5335 mutare
1606 5277 1875 5335 internam

1929 536 2299 609 voluntatem,
2345 540 2400 595 in
2441 554 2552 613 qua
2581 546 2875 612 peccatum
2906 539 3128 612 proprie
3153 538 3373 608 existit,
3406 533 3547 591 nihi-

1932 625 2173 683 lominus
2213 630 2526 685 necessaria
2562 636 2649 687 est
2687 630 2819 687 haec
2861 630 3106 703 coacti03
3149 636 3267 687 tum
3299 625 3428 701 quia
3455 640 3549 680 ve-

1929 715 2076 773 xatio
2105 716 2246 773 solet
2272 716 2404 775 dare
2433 719 2797 791 intellectum,
2829 727 2946 777 tum
2978 720 3137 776 etiam
3169 718 3296 791 quia
3325 713 3542 772 sublata

1931 808 2222 862 occasione
2242 849 2256 876 ,
2284 808 2368 864 vel
2399 809 2788 867 commoditate
2815 809 3108 867 exercendi
3138 815 3326 865 actum
3364 812 3547 862 exter-

1931 914 2092 966 num,
2126 898 2303 954 multo
2344 899 2555 955 facilius
2588 901 2843 957 voluntas
2882 898 3096 957 desistit
3123 899 3190 956 ab
3218 902 3430 955 interno
3461 894 3540 951 al-

1934 985 2117 1058 tectu,
2151 993 2272 1043 tum
2307 985 2545 1061 denique
2576 989 2705 1062 quia
2729 992 2850 1062 ipsa
2876 991 3114 1049 exterior
3141 988 3448 1046 observatio
3480 982 3549 1040 ad

1930 1077 2137 1133 bonum
2180 1076 2493 1150 Ecclesiae,
2538 1086 2593 1135 et
2631 1079 2852 1137 vitanda
2881 1080 3139 1137 scandala
3166 1085 3223 1136 et
3251 1076 3547 1137 dissensio-

1932 1182 2055 1238 nes,
2087 1182 2150 1223 ac
2177 1167 2398 1238 similia,
2425 1172 2733 1226 necessaria
2759 1176 2867 1227 est.
2898 1170 3139 1243 Ideoque
3163 1174 3414 1241 pastores
3437 1166 3542 1223 Ec-

1933 1255 2132 1314 clesiae
2162 1264 2398 1330 utraque
2435 1266 2703 1329 potestate
2735 1259 3001 1317 directiva
3027 1267 3083 1317 et
3104 1261 3356 1317 coactiva
3377 1263 3548 1314 utuu·
3577 1244 3586 1251 '
3622 1306 3628 1311 .
3656 1314 3669 1321 ‚

1932 1352 2061 1417 tur,
2089 1353 2145 1404 et
2185 1363 2296 1403 non
2345 1348 2523 1405 solum
2572 1350 2887 1407 interiorem
2935 1350 3228 1419 iustitiam,
3259 1347 3354 1405 sed
3383 1347 3546 1404 etiam

1931 1439 2264 1494 exteriorem
2303 1435 2644 1495 honestatem
2668 1481 2683 1509 ,
2714 1440 3048 1511 decentiam,
3082 1446 3137 1496 et
3165 1444 3419 1495 ornatum
3452 1450 3549 1507 per

1936 1542 2067 1583 suas
2091 1526 2240 1600 leges
2265 1534 2588 1599 procurant.
2615 1530 2687 1587 Et
2708 1530 2860 1587 iuxta
2883 1530 3018 1585 haec
3041 1528 3390 1601 intelligenda
3413 1530 3547 1581 sunt

1934 1615 2137 1691 aliqua,
2170 1633 2315 1691 quae
2345 1617 2431 1675 hic
2455 1635 2522 1676 ex
2546 1618 2791 1690 patribus
2816 1620 2976 1677 obiici
3001 1618 3364 1689 solent,·quae
3387 1617 3549 1673 omit-

1936 1713 1993 1763 to
2014 1748 2029 1779 ,
2060 1708 2188 1779 quia
2227 1705 2609 1765 difficultatem
2637 1724 2742 1765 non
2774 1708 3004 1780 habent,
3037 1725 3144 1765 non
3173 1709 3320 1763 enim
3350 1714 3551 1778 negant

1936 1803 2262 1869 potestatem
2305 1805 2591 1869 pastorum
2640 1798 2922 1855 Ecclesiae
2962 1797 3030 1853 ad
3075 1795 3522 1869 praecipiendum

1936 1894 1993 1943 et
2022 1886 2447 1959 vindicandum,
2481 1887 2578 1945 sed
2617 1888 2916 1945 consulunt
2945 1887 3168 1945 modum
3209 1902 3437 1944 suavem
3465 1885 3552 1942 illa

1934 1977 2157 2047 utendi,
2189 1984 2244 2033 et
2281 1976 2640 2051 prudentem,
2680 1978 2756 2035 ita
2784 1984 2848 2035 ut
2885 1978 3180 2049 praecipua
3210 1993 3344 2034 cura
3375 1978 3450 2032 sit
3485 1976 3552 2033 de

1933 2068 2185 2124 interiori
2213 2070 2585 2137 correctione,
2611 2069 2864 2141 quamvis
2888 2068 3124 2125 exterior
3151 2082 3257 2123 non
3287 2066 3358 2121 sit
3384 2066 3545 2121 omit·

1931 2157 2113 2214 tenda.
2147 2156 2216 2213 Et
2243 2157 2314 2213 ita
2344 2156 2500 2213 facile
2532 2156 2809 2231 intelliges
2847 2157 3317 2232 chrysostomum
3360 2154 3454 2211 lib.
3487 2160 3544 2212 2.
3575 2160 3602 2175 ⁹

1933 2246 2007 2303 de
2046 2244 2289 2304 sacerd.
2320 2253 2376 2304 et
2401 2246 2534 2319 alia,
2567 2262 2712 2319 qnae
2741 2252 2946 2305 tractat
2974 2247 3325 2304 Turrecrem.
3359 2245 3458 2302 lib.
3489 2250 3544 2302 2.

1936 2334 2009 2393 de
2036 2333 2338 2403 Ecclesia,
2375 2351 2500 2409 cap.
2530 2340 2604 2394 45
2627 2381 2640 2407 ,
2671 2344 2730 2394 et
2755 2339 2852 2396 47.

2536 2513 2817 2585 CAPUT
2857 2514 2941 2583 11.

1939 2714 2035 2766 An
2079 2710 2232 2766 haec
2275 2713 2537 2785 potestas
2575 2714 2652 2767 sit
2685 2714 2937 2787 propria
2977 2710 3124 2784 leqis
3159 2712 3428 2784 gratiae,
3461 2707 3554 2765 vel

1988 2805 2063 2857 stt
2088 2803 2274 2858 etiam
2299 2798 2372 2856 de
2397 2798 2520 2873 leqe
2549 2806 2838 2867 naturae,
2873 2800 3147 2873 etfuerit
3171 2802 3494 2875 inscripta.

2518 2967 2966 3031 summarium

1947 3140 1995 3188 1.
2024 3139 2176 3191 Ratio
2205 3138 2494 3190 dubitandi.
2522 3167 2590 3177 —
2613 3140 2665 3192 Ξ.
2707 3142 2970 3193 Resolutio
3003 3142 3249 3191 auctoriS.
3273 3167 3342 3177 —-
3363 3140 3414 3191 3.
3453 3140 3553 3191 Du-

2012 3210 2127 3273 plex
2146 3210 2489 3260 consideratio
2511 3211 2637 3274 legis
2656 3212 3020 3261 naturae—4.
3045 3211 3099 3260 ln
3121 3210 3308 3275 populo
3325 3210 3552 3261 hebraeo

2014 3278 2113 3329 fuit
2160 3284 2387 3341 potestas
2431 3280 2737 3342 legislativa.
2760 3309 2831 3319 -
2850 3282 2901 3331 5.
2949 3281 3136 3331 Ultima
3179 3280 3459 3330 conclusio,
3482 3306 3553 3315 —

1948 3382 1957 3391 -
2016 3348 2354 3467 &lpuomodo
2387 3348 2513 3400 haec
2547 3356 2776 3415 potestas
2819 3350 3108 3414 legislativa
3140 3350 3210 3401 sit
3245 3355 3552 3414 supernatu-

2014 3432 2071 3468 ra
2096 3432 2155 3468 rs.

2035 3579 2083 3634 1.
2116 3574 2278 3633 Ratio
2305 3574 2585 3634 dubitandi
2605 3583 2719 3650 est,
2744 3578 2876 3652 quia
2896 3578 3144 3636 Ecclesia
3169 3578 3442 3652 antiquior
3463 3584 3552 3634 est

1952 3665 2071 3751 lege
2102 3666 2321 3738 gratiae
2341 3709 2356 3735 ,
2399 3664 2581 3737 coepit
2619 3668 2763 3723 enim
2793 3667 2861 3723 ab
2889 3668 3044 3738 Abel,
3073 3674 3130 3725 et
3156 3676 3422 3742 perpetuo
3450 3666 3552 3724 du·

1954 3756 2125 3829 ravit3
2156 3770 2292 3828 ergo
2321 3770 2537 3826 semper
2568 3756 2806 3830 indiguit
2827 3756 2930 3814 hac
2961 3764 3246 3830 potestate.
3278 3756 3552 3815 Probatur

1958 3845 2369 3918 consequentia,
2383 3844 2512 3917 quia
2527 3844 2776 3903 Ecclesia
2793 3852 2901 3918 est,
2914 3863 3242 3922 semperque
3259 3848 3360 3905 fuit
3381 3862 3553 3903 unum

1948 3949 2154 4007 corpus
2199 3936 2525 4010 mysticum,
2558 3935 2880 3993 distinctum
2911 3935 3212 3993 formaliter
3233 3980 3247 4007 ,
3279 3942 3342 3994 ut
3369 3936 3449 3992 sic
3478 3936 3557 3993 di-

1952 4040 2112 4095 cam,
2143 4039 2177 4080 a
2215 4038 2451 4095 corpore
2493 4024 2746 4095 politico,
2791 4024 3106 4083 ordinatum
3147 4025 3356 4083 scilicet
3381 4024 3450 4082 ad
3477 4022 3556 4081 di-

1952 4128 2174 4169 versum
2205 4114 2386 4184 tinem,
2421 4112 2676 4171 nimirum
2705 4114 3018 4171 felicitatem
3047 4113 3553 4188 supernaturalem,

1950 4210 2005 4259 et
2043 4203 2260 4260 unitum
2300 4202 2511 4258 diverso
2542 4202 2762 4260 vinculo
2781 4246 2796 4275 ,
2839 4203 3053 4263 scilicet
3079 4206 3288 4262 unitate
3313 4203 3468 4272 fidei,
3498 4210 3553 4259 et

1950 4308 2218 4349 exercens
2243 4291 2490 4348 diversas
2519 4294 2765 4349 actiones
2785 4334 2800 4363 ,
2831 4294 2948 4351 illas
2989 4294 3198 4352 scilicet
3218 4336 3233 4365 ,
3265 4310 3404 4367 quae
3433 4308 3554 4366 per·

1957 4383 2125 4438 tinent
2148 4380 2214 4438 ad
2238 4382 2452 4437 cultum
2473 4381 2564 4438 Dei
2579 4388 2634 4437 et
2654 4383 3138 4442 sanctificationem
3161 4384 3392 4451 animae,
3419 4400 3555 4457 ergo

1954 4486 2168 4543 semper
2205 4470 2434 4543 indiguit
2471 4471 2691 4542 propria
2719 4478 3020 4545 potestate,
3050 4490 3158 4547 qua
3188 4474 3237 4529 in
3269 4473 3353 4529 his
3383 4472 3558 4531 omni-

1955 4560 2059 4617 bus
2102 4558 2520 4617 accommodate
2563 4569 2879 4635 regeretur,
2923 4561 3054 4619 alias
3095 4579 3204 4619 non
3244 4571 3392 4622 esset
3417 4563 3554 4620 bene

1954 4651 2293 4719 institutum,
2327 4649 2422 4707 sed
2449 4658 2597 4705 esset
2625 4665 2831 4722 corpus
2860 4658 3121 4709 truncum
3153 4659 3206 4709 et
3232 4653 3547 4710 confusum.

1951 4742 2009 4799 ln
2040 4741 2382 4797 contrarium
2413 4745 2596 4796 autem
2625 4746 2730 4811 est,
2760 4742 2888 4812 quia
2915 4740 3046 4798 haec
3075 4748 3318 4813 potestas
3345 4750 3432 4800 est
3461 4759 3555 4799 su-

1952 4828 2345 4901 pernaturalis,
2379 4836 2444 4885 ut
2471 4827 2831 4899 ostendimus,
2867 4830 3008 4886 unde
3035 4830 3234 4903 pendet
3260 4847 3324 4887 ex
3357 4848 3552 4903 super-

1950 4918 2188 4975 naturali
2218 4916 2569 4989 revelatione,
2601 4925 2664 4975 ut
2690 4917 2978 4988 habeatur,
3011 4926 3066 4976 et
3095 4920 3354 4997 peculiari
3383 4922 3550 4994 Spiri-

1952 5015 2044 5065 tus
2074 5008 2250 5063 sancti
2283 5005 2489 5063 influxu
2509 5048 2524 5078 ,
2557 5013 2622 5064 ut
2649 5014 2995 5069 exerceatur.
3029 5008 3184 5075 Quod
3213 5010 3552 5083 significave-

1949 5102 2082 5153 runt
2108 5094 2338 5167 apostoli
2367 5096 2558 5151 Actor.
2603 5100 2687 5153 15.
2720 5096 2986 5154 dicentes:
3021 5098 3228 5157 Visum
3246 5105 3334 5158 est
3352 5102 3551 5173 Spiri-

1950 5188 2039 5243 tui
2076 5189 2312 5247 sancto,
2347 5186 2404 5238 et
2428 5183 2622 5241 nobis.-
2657 5200 2768 5241 non
2795 5192 3016 5244 constat
3045 5195 3229 5245 autem
3256 5190 3323 5247 de
3353 5190 3443 5247 tali
3471 5207 3554 5248 re·

1952 5274 2226 5333 velatione
2251 5279 2309 5331 et
2331 5272 2633 5329 assistentia
2656 5281 2784 5331 ante
2803 5276 2978 5347 legem
3003 5277 3243 5349 gratiae;
3269 5294 3422 5352 ergo.
3453 5282 3556 5337 Ac·

4269 1506 4279 1631 ,-ι.-ι
