4325 6267
1669 374 1883 424 CAPUT
1907 375 2129 424 xxvn.

3314 358 3437 420 255

253 505 446 572 potest
485 497 578 557 illa
616 499 874 574 obligatio
918 499 1087 557 minui
1122 515 1220 573 per
1255 500 1610 559 intentionem
1646 503 1857 574 praeci·
1921 499 2204 558 inducitur
2224 498 2345 556 talis
2368 461 2931 572 obligatio.Probatur
2951 501 3365 574 consequentia,
3388 501 3516 576 quia

255 590 479 662 pientis.
503 589 785 661 Secundo,
804 590 933 663 quia
953 591 1201 662 superior
1221 607 1328 648 non
1352 598 1664 663 potestrem
1683 592 1856 649 levem

261 680 342 736 ita
369 681 690 753 praecipere
710 721 726 751 ,
756 685 816 736 ut
845 681 950 738 sub
975 679 1190 737 mortali
1211 681 1443 754 obliget,
1466 683 1676 739 etiamsi
1702 679 1851 753 velit,

258 785 396 843 ergo
438 784 542 826 nec
586 786 702 827 rem
742 786 965 844 gravem
992 769 1096 827 sub
1125 772 1336 827 veniali.
1370 773 1640 830 Probatur
1666 787 1859 830 conse·

259 864 520 938 quentia,
554 851 684 940 quia
711 864 858 920 sicut
881 867 970 918 est
991 861 1156 918 stulta
1179 861 1432 920 voluntas
1455 861 1783 936 legislatoris
1804 863 1856 918 in

253 953 429 1024 priori
458 971 630 1030 casu,
661 956 739 1012 ita
765 955 818 1010 in
848 952 1165 1026 posteriori,
1199 959 1312 1010 tam
1343 954 1577 1011 stultum
1602 955 1747 1012 enim
1775 961 1861 1010 est

253 1043 421 1117 velle,
451 1052 518 1103 ut
539 1045 904 1118 transgressio
925 1044 1205 1115 praecepti
1231 1038 1298 1100 de
1323 1059 1380 1100 re
1401 1045 1583 1118 magni
1603 1045 1859 1100 momenti

253 1133 390 1192 levis
431 1137 548 1210 sit‚·
568 1138 718 1192 sicut
755 1132 904 1209 quod
933 1133 1000 1209 de
1025 1149 1087 1191 re
1111 1133 1215 1191 levi
1241 1135 1606 1207 transgressio
1638 1135 1710 1190 sit
1737 1149 1860 1206 gra-

252 1227 374 1300 vis,
405 1227 502 1284 sed
541 1229 594 1283 in
635 1241 745 1284 uno
771 1240 909 1282 casu
936 1241 1044 1282 non
1073 1224 1237 1282 habet
1261 1225 1515 1283 effectum
1546 1224 1636 1282 illa
1667 1224 1860 1281 volun·

253 1322 342 1372 tas
364 1359 380 1389 ,
411 1319 542 1390 quia
569 1317 742 1374 stulta
767 1322 883 1389 est,
915 1330 1048 1388 ergo
1083 1329 1184 1370 nec
1213 1316 1268 1370 in
1296 1315 1485 1372 altero.
1518 1315 1726 1386 Tertio,
1757 1312 1860 1370 dir-

255 1406 484 1464 ferentia
518 1406 742 1464 venialis
768 1412 827 1464 et
853 1404 1097 1464 mortalis
1125 1406 1335 1477 peccati
1354 1421 1420 1462 ex
1443 1414 1641 1463 natura
1669 1420 1856 1462 rerum

253 1495 469 1567 oritur,
510 1512 616 1553 non
645 1513 713 1554 ex
751 1495 1036 1553 voluntate
1071 1494 1304 1552 alieuius
1343 1495 1691 1570 legislatoris,
1723 1511 1858 1568 ergo

253 1601 368 1642 non
405 1586 610 1659 pendet
629 1602 694 1644 ex
718 1584 995 1643 voluntate
1017 1585 1362 1658 legislatoris,
1387 1585 1534 1658 quod
1562 1592 1862 1658 transgres-

253 1676 342 1732 sio
382 1676 512 1749 legis
543 1678 612 1733 sit
632 1676 874 1748 venialis,
901 1677 944 1730 si
969 1677 1196 1732 materia
1218 1677 1332 1748 ipsa
1355 1675 1420 1732 ad
1445 1676 1728 1732 mortalem
1751 1675 1862 1733 sus-

254 1767 391 1842 ficit.
449 1766 656 1835 Quarto
681 1811 696 1840 ,
740 1766 994 1840 obligatio
1042 1767 1318 1840 praecepti
1360 1781 1468 1822 non
1506 1773 1592 1822 est
1629 1766 1862 1822 essentia

253 1861 567 1932 praecepti,
605 1857 704 1915 sed
733 1856 963 1915 effectus
991 1858 1136 1930 eius;
1170 1871 1301 1930 ergo
1330 1856 1502 1929 posita
1531 1855 1645 1929 lege
1672 1871 1861 1912 neces-

256 1951 414 2006 sario
440 1948 605 2006 habet
624 1949 882 2008 effectum
903 1947 1240 2020 obligationis
1263 1947 1734 2020 proportionatum
1752 1962 1861 2004 ma·

254 2040 460 2113 teriae,
507 2055 686 2114 neque
727 2040 781 2097 in
818 2055 882 2096 eo
922 2039 1124 2113 pendet
1164 2055 1197 2095 a
1224 2039 1506 2096 voluntate
1533 2039 1852 2112 superioris.

256 2132 602 2189 Antecedens
634 2137 815 2205 patet,
846 2133 975 2205 quia
1005 2137 1356 2204 praeceptum
1384 2130 1633 2186 consistit
1657 2130 1708 2185 in
1740 2129 1862 2186 inti-

257 2223 500 2280 matione
543 2221 845 2279 voluntatis
874 2220 1196 2294 superioris,
1225 2235 1366 2293 quae
1391 2226 1482 2276 est
1507 2217 1764 2275 distincta
1792 2217 1859 2273 ab

257 2313 623 2386 obligatione,
671 2315 728 2369 et
765 2311 911 2384 prior
939 2311 1052 2368 illa.
1083 2309 1481 2383 Consequentia
1507 2325 1640 2365 vero
1667 2307 1862 2381 proba-

257 2409 392 2472 tur3
421 2405 578 2478 quia,
615 2407 792 2460 stante
821 2401 1009 2459 eadem
1040 2401 1270 2458 materia
1298 2401 1576 2472 praecepti
1605 2415 1736 2456 cum
1762 2398 1867 2454 eis-

259 2493 388 2550 dem
429 2495 889 2566 circumstantiiS,
920 2499 976 2549 et
1029 2490 1222 2549 eodem
1261 2491 1362 2546 line
1403 2491 1478 2547 rei
1519 2495 1860 2562 praeceptae,

261 2599 374 2640 non
403 2591 582 2656 potest
609 2589 962 2656 praeceptum
1009 2599 1117 2640 non
1143 2596 1264 2638 esse
1295 2581 1454 2654 idem,
1478 2597 1610 2654 ergo
1638 2597 1746 2637 non
1770 2596 1867 2652 po-

263 2680 378 2732 test
414 2690 525 2731 non
547 2674 827 2730 inducere
866 2671 1113 2730 eamdem
1151 2670 1569 2745 obligationem,
1603 2673 1730 2744 quia
1758 2687 1865 2727 non

259 2762 462 2835 libere,
494 2762 590 2819 sed
619 2760 940 2820 naturaliter
966 2762 1106 2819 illam
1134 2759 1360 2816 inducit.
1695 2745 1704 2760 ⁸

351 2853 605 2912 Secunda
643 2853 906 2911 sententia
923 2859 1039 2922 est,
1064 2867 1224 2924 posse
1248 2850 1630 2925 legislatorem,
1656 2851 1698 2907 si
1720 2849 1864 2919 velit,

267 2943 324 3001 in
352 2943 576 3001 materia
604 2943 789 3017 gravi,
820 2949 876 3000 et
902 2944 1092 3016 capaci
1121 2943 1458 3018 obligationis
1493 2941 1596 2998 sub
1625 2940 1865 3012 mortali,

263 3035 409 3091 ferre
436 3034 633 3108 legem,
667 3050 808 3108 quae
830 3041 1044 3091 tantum
1087 3035 1190 3092 sub
1219 3021 1408 3092 veniali
1435 3032 1654 3105 obliget,
1691 3030 1868 3087 solum

264 3126 394 3198 quia
425 3141 533 3181 non
563 3124 823 3198 intendit,
855 3140 956 3182 nec
985 3125 1101 3182 vult
1127 3125 1360 3198 amplius
1399 3122 1670 3196 obligare,
1702 3125 1866 3194 atque

265 3211 339 3270 ita
362 3215 742 3288 obligationem
766 3214 902 3288 legis
923 3216 1183 3288 positivae
1204 3231 1326 3274 esse
1349 3213 1452 3270 sub
1473 3211 1711 3281 mortali,
1737 3227 1868 3283 pen-

270 3303 398 3362 dere
439 3305 506 3361 ab
543 3307 841 3362 intentione
881 3305 1227 3378 legislatoris,
1259 3311 1322 3362 ut
1358 3320 1389 3361 a
1416 3318 1590 3360 causa
1617 3315 1870 3358 necessa-

267 3396 376 3468 ria,
422 3395 555 3452 licet
597 3395 714 3452 sola
739 3411 848 3452 non
878 3395 1140 3453 sufficiat.
1172 3399 1322 3453 Hanc
1353 3393 1674 3452 sententiam
1703 3392 1868 3450 docet

266 3499 546 3558 expresse,
565 3492 623 3541 et
649 3485 753 3542 late
771 3485 968 3542 Castro
989 3485 1137 3543 dicto
1165 3487 1256 3543 lib.
1283 3490 1330 3544 1.
1348 3499 1472 3556 cap.
1494 3488 1546 3541 5.
1564 3483 1788 3540 docum.
1809 3487 1863 3540 4.

262 3575 530 3632 Eamdem
568 3581 750 3644 tenet,
783 3575 867 3632 vel
905 3577 1086 3649 potius
1127 3577 1385 3649 supponit
1414 3577 1642 3632 Navarr.
1669 3575 1722 3629 in
1756 3573 1869 3630 Ma-

267 3665 416 3721 nuali
445 3681 501 3722 c.
533 3669 630 3737 23,
661 3681 814 3724 num.
846 3670 944 3736 48,
974 3669 1070 3739 49,
1095 3672 1152 3723 et
1169 3665 1548 3738 sequentibus.
1573 3663 1718 3720 Idem
1743 3678 1867 3719 sen-

269 3755 336 3812 tit
355 3754 557 3812 Medin.
582 3763 749 3813 tract.
775 3753 848 3812 de
873 3757 1056 3812 teian.
1090 3773 1145 3830 q.
1175 3759 1233 3827 7,
1258 3763 1290 3823 s
1309 3759 1588 3830 superest,
1619 3761 1675 3811 et
1699 3754 1750 3810 in
1775 3769 1868 3810 eo·

266 3845 394 3902 dem
419 3861 590 3903 sensu
612 3845 826 3903 videtur
847 3845 993 3918 loqui
1032 3847 1198 3902 Caiet.
1223 3847 1279 3902 in
1319 3847 1472 3902 Sum.
1499 3845 1666 3900 verbo
1693 3859 1869 3919 prae-

241 3940 420 4012 'cepti
439 3939 859 4010 transgressio,
883 3939 963 3993 Ac
980 3936 1212 4008 denique
1227 3934 1314 3992 bic
1331 3934 1546 3993 videtur
1568 3950 1687 3992 esse
1711 3949 1866 3992 com-

270 4030 456 4086 munis
485 4044 684 4086 sensus
715 4026 1010 4085 doctorum
1031 4028 1085 4083 in
1107 4025 1210 4083 hac
1233 4025 1484 4083 materia:
1511 4041 1699 4082 omnes
1722 4027 1866 4080 enim

271 4135 402 4176 cum
444 4116 510 4175 de
552 4118 654 4175 bac
695 4117 1020 4191 obligatione
1059 4123 1328 4188 tractant,
1358 4117 1594 4187 primum
1625 4117 1866 4172 omnium

270 4209 566 4282 requirunt
592 4209 942 4266 intentionem
963 4207 1322 4281 legislatoris:
1353 4222 1474 4262 nam
1498 4207 1612 4263 sine
1635 4204 1724 4262 illa
1742 4221 1864 4262 esse
1902 4280 1906 4287 Ι

271 4313 382 4355 nou
422 4303 632 4369 potest,
676 4298 802 4355 licet
841 4297 956 4354 sola
981 4297 1067 4354 illa
1096 4313 1204 4354 non
1233 4295 1502 4365 sufficiat,
1532 4293 1680 4368 quod
1707 4296 1868 4352 etiam

199 4405 206 4412 ·
273 4387 500 4445 intendit
541 4386 738 4445 Driedo
776 4387 902 4444 loco
944 4387 1140 4445 citato.
1171 4388 1243 4444 Et
1281 4385 1416 4443 haec
1449 4385 1711 4443 sententia
1738 4384 1868 4442 mihi

271 4477 494 4535 videtur
533 4491 702 4554 vera,
743 4492 910 4552 quam
949 4477 1302 4551 sequentibus
1344 4475 1736 4534 assertionibus
1776 4476 1868 4534 de·

273 4568 521 4626 clarabo.

354 4663 406 4717 3.
438 4661 578 4717 Dico
617 4657 827 4731 primo:
858 4658 1216 4725 Quantumvis
1257 4657 1481 4715 materia
1518 4656 1654 4730 legis
1683 4659 1868 4731 gravis

275 4749 381 4821 sit,
415 4752 459 4806 si
494 4749 776 4822 legislator
807 4747 1141 4806 sufficienter
1170 4748 1447 4817 declaret,
1480 4763 1538 4804 se
1567 4747 1706 4804 nolle
1737 4747 1872 4803 obli-

274 4855 404 4912 gare
445 4839 550 4896 sub
590 4839 836 4911 mortali,
869 4837 986 4894 talis
1025 4839 1105 4895 lex
1135 4853 1242 4895 non
1271 4837 1472 4910 obligat
1497 4837 1600 4893 sub
1629 4836 1863 4894 mortali.

273 4929 546 4987 Probatur
577 4931 774 5002 primo,
799 4930 929 5002 quia
951 4927 1086 4985 haec
1114 4928 1366 5002 obligatio
1391 4934 1478 4985 est
1497 4927 1725 4986 effectus
1749 4943 1866 4985 mo·

272 5019 402 5076 ralis
437 5019 506 5076 ab
548 5018 760 5082 bomine
801 5017 1118 5090 faciendus,
1148 5021 1244 5091 qui
1271 5033 1377 5074 non
1406 5024 1588 5091 potest
1612 5017 1725 5074 fieri
1755 5017 1868 5074 sine

275 5125 554 5168 consensu
581 5109 879 5167 voluntatis
899 5107 1200 5182 humanae,
1222 5108 1318 5166 sed
1340 5109 1407 5166 ibi
1432 5125 1538 5165 non
1561 5108 1716 5165 adest
1734 5124 1868 5166 con-

275 5216 475 5258 sensus
515 5200 813 5258 voluntatis
853 5199 1189 5272 superioris,
1229 5201 1360 5272 quia
1399 5199 1509 5271 ipse
1538 5199 1721 5272 potius
1747 5197 1867 5256 vult

273 5307 386 5351 non
427 5290 670 5366 obligare
685 5276 776 5350 ‘ad
815 5289 1074 5363 mortale,
1107 5295 1170 5348 ut
1207 5289 1562 5366 supponitur3
1593 5304 1727 5366 ergo
1756 5304 1865 5348 non

1925 592 1995 648 ibi
2020 607 2127 648 non
2162 592 2450 648 intervenit
2477 591 2581 648 alia
2607 591 2865 648 voluntas
2894 591 3159 664 humana,
3180 608 3320 665 quae
3346 593 3518 664 possit

1925 680 2068 739 illam
2107 669 2485 754 obligationem
2516 680 2807 752 inducere,
2834 690 2892 739 et
2918 682 3171 739 voluntas
3204 684 3527 755 superioris,

1927 773 2056 829 licet
2079 771 2271 843 possit,
2297 788 2413 828 non
2430 771 2567 844 vult,
2586 779 2639 828 et
2662 788 2766 828 nou
2792 778 3053 844 operatur
3074 773 3221 846 quod
3248 789 3355 831 non
3380 772 3519 845 vult,

1928 865 2060 936 quia
2099 867 2260 919 actus
2302 863 2577 934 agentium
2607 877 2713 917 non
2743 862 3139 922 transcendunt
3168 865 3523 920 intentionem

1927 968 2118 1010 eorum
2137 993 2151 1022 ,
2182 957 2247 1008 ut
2273 953 2509 1008 sumitur
2538 967 2603 1008 ex
2632 951 2668 1008 1.
2702 953 2755 1007 si
2781 954 2913 1024 quis
2944 967 3049 1008 nec
3074 969 3323 1010 causam
3344 997 3359 1020 ,
3400 959 3455 1008 et
3482 951 3518 1006 l.

1928 1060 2046 1100 non
2071 1045 2279 1110 omniS,
2317 1043 2371 1098 ff.
2404 1044 2449 1098 si
2477 1047 2613 1098 cert.
2648 1047 2814 1114 petat.
2848 1042 3057 1098 Dicitur
3080 1042 3251 1114 l'orte,
3276 1043 3528 1102 volunta-

1927 1141 2038 1191 tem
2076 1131 2285 1190 serendi
2309 1132 2482 1206 legem
2506 1131 2785 1202 sufficere,
2816 1149 2963 1203 nam,
2994 1130 3081 1188 illa
3104 1135 3300 1206 posita,
3328 1135 3415 1190 ius
3438 1148 3533 1188 na·

1929 1221 2105 1280 turale
2147 1223 2324 1295 cogit,
2366 1228 2431 1279 ut
2468 1219 2720 1294 obligatio
2761 1222 2892 1294 legis
2924 1222 3104 1294 gravis
3134 1225 3225 1278 sit.
3256 1221 3361 1279 Sed
3394 1227 3527 1278 con-

1931 1319 2047 1372 tra:
2082 1328 2205 1369 nam
2236 1311 2326 1368 illa
2352 1311 2605 1369 voluntas
2632 1311 2836 1368 serendi
2866 1311 3039 1385 legem
3070 1329 3177 1368 non
3198 1317 3285 1368 est
3314 1311 3533 1368 absolu-

1929 1410 2017 1477 ta,
2061 1403 2157 1462 sed
2202 1404 2455 1474 limitata,
2486 1409 2545 1460 et
2570 1403 2725 1476 quasi
2757 1402 2861 1458 sub
2888 1402 2991 1459 hac
3020 1400 3324 1458 conditione
3359 1403 3529 1473 impo-

1930 1494 2092 1551 nendi
2133 1494 2508 1567 obligationem
2552 1492 2655 1550 sub
2696 1493 2940 1565 mortali3
2970 1507 3104 1564 ergo
3136 1496 3200 1548 ut
3223 1507 3287 1548 ex
3319 1490 3407 1547 illa
3436 1507 3531 1546 vo-

1931 1584 2140 1641 luntate
2165 1583 2248 1640 lex
2275 1583 2583 1656 imponatur
2607 1588 2841 1654 oportet,
2870 1590 2932 1639 ut
2954 1579 3193 1637 conditio
3220 1581 3526 1655 impleatur3

1930 1681 2050 1732 tum
2078 1675 2207 1747 quia
2240 1671 2563 1744 impossibile
2596 1678 2711 1738 est,
2744 1671 3080 1728 voluntatem
3114 1669 3533 1727 conditionatum

1930 1765 2129 1822 habere
2176 1764 2435 1821 effectum
2475 1779 2578 1819 non
2610 1762 2825 1834 impleta
2853 1761 3195 1832 conditione,
3228 1777 3359 1817 cum
3400 1761 3531 1817 nihil

1935 1864 2104 1929 ponat
2131 1855 2185 1910 in
2213 1869 2365 1928 esse,
2398 1862 2515 1911 tum
2542 1853 2703 1926 etiam
2734 1851 2861 1926 quia
2889 1851 3019 1908 alias
3048 1851 3134 1907 illa
3164 1851 3417 1908 voluntas
3452 1851 3533 1906 in-

1928 1945 2172 2002 volveret
2218 1943 2635 2018 repugnantiam
2674 1944 2725 1998 in
2758 1941 3005 2014 obiecto,
3035 1949 3093 1998 et
3130 1948 3533 2015 consequenter

1929 2040 2077 2091 esset
2103 2033 2169 2091 de
2198 2049 2255 2089 re
2285 2031 2631 2105 impossibili,
2662 2038 2717 2088 et
2744 2047 2809 2089 eo
2836 2033 2955 2103 ipso
2982 2048 3091 2087 non
3119 2038 3307 2104 posset
3333 2031 3531 2087 habere

1931 2125 2208 2182 effectum.
2240 2122 2394 2182 Unde
2436 2129 2790 2196 argumentor
2831 2122 3109 2196 secundo,
3153 2123 3280 2197 quia
3319 2125 3406 2182 vel
3446 2131 3531 2182 est

1932 2215 2215 2290 possibile,
2259 2215 2311 2270 in
2358 2213 2450 2270 tali
2491 2214 2715 2270 materia
2754 2212 2867 2270 dari
2910 2213 3081 2287 legem
3110 2213 3436 2288 humanam,
3474 2225 3532 2276 et

1931 2321 2038 2362 non
2068 2304 2399 2378 obligantem
2429 2303 2533 2361 sub
2558 2304 2795 2376 mortali,
2823 2304 2905 2360 vel
2926 2305 3373 2376 estimpossibilis
3408 2307 3529 2364 talis

1933 2396 2050 2456 lex:
2096 2397 2140 2452 si
2180 2402 2263 2452 est
2301 2395 2571 2468 possibilis
2591 2438 2606 2467 ,
2638 2395 2689 2450 in
2719 2410 2785 2452 eo
2816 2411 2954 2451 casu
2982 2397 3102 2468 liet,
3133 2399 3264 2470 quia
3284 2397 3420 2454 haec
3446 2404 3533 2454 est

1932 2487 2187 2545 voluntas
2225 2485 2448 2543 serentis
2484 2484 2661 2556 illam,
2703 2486 2745 2541 si
2784 2502 2914 2543 vero
2939 2494 3025 2543 est
3051 2481 3395 2559 impossibilis
3417 2531 3432 2560 ,
3462 2505 3527 2546 eo

1932 2579 2054 2650 ipso
2081 2593 2145 2635 ex
2190 2577 2239 2633 vi
2273 2577 2392 2633 talis
2422 2575 2570 2634 modi
2598 2576 2801 2633 ferendi
2830 2575 3039 2650 legem,
3069 2577 3302 2651 talisque
3338 2579 3529 2636 volun·

1937 2669 2064 2724 tatis
2095 2665 2245 2724 nulla
2274 2666 2356 2724 lex
2386 2665 2558 2723 valida
2585 2669 2983 2741 constituetur,
3009 2683 3141 2741 ergo
3169 2668 3288 2725 talis
3309 2668 3393 2726 lex
3419 2685 3529 2725 nou
3562 2659 3572 2668 ’

1935 2757 2193 2831 obligabit
2231 2756 2296 2814 ad
2342 2757 2603 2828 mortale,
2636 2757 2782 2830 quod
2824 2774 2970 2814 nunc
3012 2759 3363 2816 intendimus.
3395 2762 3527 2817 Pro-

1935 2849 2098 2906 batur
2133 2848 2268 2904 haec
2312 2847 2501 2905 ultima
2530 2850 2955 2922 consequentia,
2986 2851 3115 2921 quia
3144 2849 3421 2924 legislator
3449 2858 3529 2908 ta-

1935 2935 2041 2995 lem
2071 2939 2245 3011 legem
2278 2937 2394 2995 vult
2422 2936 2631 3002 facere,
2656 2943 2713 2995 et
2738 2955 2845 2994 non
2875 2939 3065 3010 aliam,
3095 2941 3139 2996 si
3170 2956 3300 3013 ergo
3328 2941 3420 2997 illa
3444 2949 3530 2998 est

1934 3027 2275 3100 impossibilis
2294 3070 2309 3100 ,
2336 3027 2452 3084 vult
2478 3027 2650 3100 legem
2678 3027 3080 3100 impossibilem,
3104 3036 3163 3086 et
3189 3045 3532 3103 consequen·-

1937 3127 2023 3178 ter
2064 3119 2199 3177 nihil
2238 3119 2383 3177 facit.
2428 3119 2794 3176 confirmatur
2835 3136 2866 3176 a
2906 3120 3095 3176 simili:
3142 3137 3267 3178 nam
3296 3124 3341 3178 si
3358 3123 3531 3191 ‚vellet

1931 3213 2078 3278 serre
2114 3210 2289 3283 legem
2330 3211 2481 3268 circa
2523 3210 2797 3266 materiam
2826 3225 3081 3283 gravem,
3112 3219 3207 3268 aut
3234 3211 3404 3269 levem
3426 3255 3441 3282 ,
3474 3219 3531 3270 et

1937 3302 2084 3375 quod
2127 3300 2277 3359 nullo
2316 3290 2478 3357 modo
2518 3298 2812 3372 obligaret,
2843 3300 2944 3356 ned
2982 3298 3050 3355 ad
3078 3300 3297 3373 culpam
3326 3308 3531 3359 morta-

1935 3394 2070 3465 lem,
2095 3407 2271 3465 neque
2300 3391 2369 3448 ad
2390 3391 2676 3458 venialem,
2704 3382 2881 3464 neque
2904 3389 2971 3446 ad
2997 3405 3249 3463 poenam,
3282 3393 3530 3464 proiecto

1935 3497 2044 3540 non
2073 3483 2241 3539 ferret
2266 3481 2475 3555 legem,
2508 3479 2603 3537 sed
2631 3479 2956 3552 consilium,
2989 3488 3087 3537 aut
3113 3481 3412 3554 simplicem
3442 3499 3532 3539 or-

1937 3574 2293 3641 dinationem,
2336 3581 2393 3628 et
2431 3577 2751 3628 censeretur
2791 3585 2976 3627 errare
3017 3573 3326 3638 innomine
3367 3572 3525 3644 legis:

1938 3665 2066 3738 quia
2093 3665 2136 3720 si
2161 3662 2250 3720 ille
2280 3679 2387 3719 non
2413 3663 2627 3735 ignorat
2655 3669 2903 3718 naturam
2934 3661 3097 3736 legis,
3122 3678 3229 3718 non
3255 3669 3433 3735 potest
3460 3663 3531 3718 si-

1937 3753 2051 3810 mul
2083 3752 2219 3811 velle
2248 3751 2555 3822 contraria,
2584 3757 2640 3808 et
2667 3753 2711 3806 si
2740 3751 2956 3825 ignorat
2980 3753 3234 3810 naturam
3264 3753 3396 3827 legis
3420 3795 3435 3823 ,
3464 3769 3529 3811 eo

1937 3846 2057 3917 ipso
2081 3860 2187 3900 non
2213 3841 2343 3899 facit
2367 3843 2571 3914 legem,
2597 3843 2725 3915 quia
2755 3841 2915 3899 babet
2942 3851 3359 3916 repugnantem,
3398 3859 3533 3900 con-

1936 3941 2025 3993 tra
2049 3950 2213 4009 quam
2244 3949 2350 3990 non
2375 3938 2555 4006 potest
2579 3920 2892 4004 praevalere
2914 3933 3165 3990 voluntas
3188 3950 3253 3992 ex
3276 3935 3533 4007 ignoran-

1937 4026 2009 4082 tia
2049 4023 2382 4096 procedens:
2427 4038 2557 4097 ergo
2598 4022 2738 4080 idem
2779 4039 2909 4082 cum
2950 4026 3297 4096 proportione
3338 4026 3446 4083 erit
3478 4025 3532 4083 in

1937 4115 2229 4189 praesenti.
3466 4104 3479 4146 ⁴

2015 4210 2070 4265 4.
2111 4206 2319 4262 Harum
2369 4209 2550 4261 autem
2598 4199 2875 4260 rationum
2918 4203 3169 4262 efficacia
3208 4204 3531 4264 ostendetur

1936 4294 2132 4352 melius
2173 4293 2535 4352 discurrendo
2576 4309 2673 4366 per
2711 4294 2951 4351 rationes
2990 4295 3043 4350 in
3084 4297 3425 4352 contrarium
3450 4297 3529 4353 fa-

1937 4393 2074 4443 ctas.
2099 4386 2257 4442 Circa
2296 4385 2529 4456 primam
2568 4384 2711 4440 enim
2740 4384 3205 4444 considerandum
3235 4393 3350 4460 est,
3382 4385 3530 4460 quod

1936 4475 2066 4533 licet
2105 4475 2359 4548 obligatio
2402 4476 2536 4550 legis
2575 4474 2844 4533 humanae
2885 4475 3191 4534 radicaliter
3232 4479 3443 4535 oriatur
3464 4495 3533 4536 ex

1937 4566 2055 4640 lege
2083 4565 2351 4636 naturali,
2383 4564 2728 4623 nihilominus
2758 4565 3064 4624 immediate
3084 4572 3167 4623 est
3193 4583 3223 4623 a
3244 4567 3528 4626 voluntate
3609 4601 3615 4608 ·

1936 4655 2175 4714 humana
2217 4655 2565 4728 legislatoris3
2611 4654 2752 4713 unde
2789 4662 2925 4713 tunc
2955 4655 3158 4729 obligat
3186 4657 3269 4714 lex
3300 4665 3528 4715 naturae

1937 4745 2004 4804 ad
2033 4744 2337 4818 parendum
2366 4745 2632 4817 superiori
2665 4745 3043 4818 praecipienti,
3074 4746 3297 4820 quando
3328 4765 3529 4820 suppo-

1936 4836 2094 4894 nitur
2125 4834 2288 4892 homo
2330 4835 2695 4902 sufficienter,
2728 4845 2785 4892 et
2809 4834 2981 4892 valide
3010 4839 3345 4909 praecipere.
3380 4841 3449 4894 At
3476 4839 3529 4893 in

1935 4925 2209 4998 praesenti
2239 4927 2488 4999 superior
2508 4930 2729 4982 autnon
2755 4924 2927 4982 valide
2950 4927 3229 4999 praecipit,
3254 4927 3383 5001 quia
3413 4927 3531 4983 vult

1937 5015 2331 5090 repugnantia,
2374 5023 2430 5073 et
2468 5014 2956 5089 incompossibilia;
3002 5016 3087 5074 vel
3127 5034 3235 5074 non
3263 5019 3531 5091 praecipit

1937 5107 2311 5188 sufficienter,
2353 5104 2423 5163 ad
2468 5104 2813 5177 obligandum
2855 5104 2921 5162 ad
2964 5107 3225 5178 mortale,
3270 5109 3396 5181 quia
3422 5125 3530 5165 non

1938 5196 2201 5270 praecipit
2239 5194 2341 5254 nisi
2381 5195 2556 5252 media
2584 5211 2683 5252 sua
2706 5195 3017 5271 voluntate,
3047 5203 3103 5254 et
3132 5199 3243 5270 ipse
3271 5200 3379 5255 nori
3409 5182 3529 5256 v'ult

1937 5287 2028 5348 tali
2056 5285 2218 5346 modo
2246 5284 2593 5362 praecipere,
2624 5287 2752 5362 quia
2788 5301 2897 5344 non
2924 5285 3045 5346 vult
3080 5287 3173 5348 tali
3202 5283 3367 5348 mod'o
3396 5288 3529 5348 obli·
3588 5295 3595 5304 “
