4325 6267
1727 320 1941 384 carn-t*
1966 334 2045 382 ιι.

268 460 505 527 potestas
544 463 603 513 et
628 456 977 529 magistratus
1005 450 1448 530 ecclesiasticus,
1479 457 1545 515 ad
1575 474 1739 533 quem
1768 460 1862 516 illa

265 559 400 602 cura
430 546 743 617 pertineret.

335 636 474 690 Hinc
503 643 689 692 autem
715 636 805 706 fit,
845 635 1029 707 quoad
1056 636 1397 709 subiectum,
1427 644 1483 695 et
1510 638 1736 697 modum
1765 653 1865 710 po-

264 726 479 781 testatis
519 726 598 780 ita
636 739 759 781 esse
788 722 1141 783 iudicandum
1172 727 1239 783 de
1268 726 1357 783 illa
1386 734 1690 802 potestate,
1722 728 1867 785 sicut

264 813 328 870 de
358 814 463 870 alia
492 814 725 871 naturali
751 829 881 871 cum
904 816 1283 888 proportione.
1312 817 1513 875 Habuit
1532 820 1677 875 enim
1701 818 1865 890 origi-

265 918 387 960 nem
406 918 439 959 a
460 905 573 961 Deo
596 909 823 960 auctore
844 906 1073 978 gratiae,
1098 920 1205 961 non
1234 907 1411 963 tameh
1436 924 1533 980 per
1554 907 1865 964 distinctam

263 992 611 1049 donationem
628 1034 645 1061 ,
670 994 834 1049 uteie
860 992 1060 1066 dicam,
1080 994 1165 1051 vel
1187 996 1575 1056 revelationem
1592 1039 1607 1069 ,
1632 996 1728 1053 sed
1752 1011 1865 1053 me-

262 1082 345 1141 dia
384 1082 653 1139 infusione
689 1082 862 1154 ipsius
895 1081 1115 1141 luminis
1144 1086 1610 1159 supernaturalis,
1643 1095 1699 1144 et
1730 1102 1867 1159 qua-

267 1181 423 1231 tenus
450 1189 520 1229 ex
546 1171 639 1229 illo
668 1173 1161 1243 supernaturaliter
1188 1177 1473 1249 sequitur,
1506 1176 1619 1233 sine
1644 1176 1747 1233 alia
1771 1190 1867 1246 po-

264 1264 414 1319 sitiva
446 1260 917 1319 determinatione.
950 1261 1189 1337 ideoque
1218 1280 1315 1337 per
1343 1280 1401 1321 se
1430 1267 1605 1337 primo
1628 1265 1745 1323 talis
1769 1280 1865 1337 po·

264 1358 435 1409 testas
474 1357 621 1407 esset
663 1351 715 1406 in
756 1352 1149 1409 communitate
1188 1354 1463 1426 perlecta,
1506 1361 1564 1411 et
1598 1354 1866 1427 perillam

264 1442 413 1498 iuxta
452 1440 740 1499 arbitrium
780 1441 865 1497 vel
905 1441 1254 1500 traditionem
1296 1443 1595 1501 humanam
1626 1446 1869 1502 colloca-

266 1538 418 1588 retur
446 1532 503 1588 iu
530 1530 715 1603 aliqua
740 1546 1007 1603 persona,
1037 1531 1120 1587 vel
1149 1534 1573 1607 congregatione
1600 1534 1863 1607 plurium,

263 1636 359 1695 per
398 1635 571 1693 quam
615 1620 1115 1678 administraretur.
1150 1622 1341 1679 Solum
1385 1630 1637 1696 superest
1675 1626 1729 1681 in
1760 1624 1867 1680 boc

266 1710 690 1781 advertendum,
722 1711 1027 1769 Ecclesiam
1067 1712 1121 1767 in
1160 1711 1253 1768 illo
1296 1718 1443 1769 statu
1472 1728 1582 1769 non
1610 1714 1867 1771 habuisse

261 1808 371 1858 tam
410 1798 713 1873 perfecta·
754 1801 1050 1872 unitatem,
1082 1816 1251 1875 quam
1287 1817 1439 1860 nunc
1466 1816 1565 1874 per
1590 1802 1869 1861 Christum

262 1889 449 1963 habet3
484 1890 668 1947 solum
710 1890 856 1947 enim
896 1890 1131 1947 habebat
1159 1893 1425 1949 unitatem
1452 1890 1572 1948 fidei
1593 1936 1607 1963 ,
1636 1902 1693 1949 et
1718 1892 1871 1950 habi-

263 1980 461 2039 tudinis
491 1979 560 2037 ad
590 1980 845 2039 eumdem
882 1980 1041 2037 tinem
1079 1980 1588 2055 supernaturalem,
1616 1989 1674 2039 et
1713 1998 1867 2039 eum·

264 2071 385 2129 dem
416 2068 776 2127 mediatorem
802 2069 1115 2144 Christum3
1137 2086 1247 2129 non
1277 2080 1457 2129 tamen
1487 2070 1723 2129 habebat
1748 2075 1870 2129 uni-

262 2167 427 2217 tatem
475 2159 831 2217 subiectionis
872 2167 929 2217 et
954 2159 1289 2219 obedientiae
1318 2161 1387 2219 ad
1417 2178 1588 2219 unum
1616 2170 1787 2235 caput
1814 2163 1869 2220 in

262 2250 417 2307 terris
439 2292 455 2322 ,
484 2264 589 2307 nec
617 2250 935 2307 necessario
960 2250 1195 2309 habebat
1228 2252 1667 2313 conformitatem
1696 2253 1747 2309 in
1773 2268 1869 2311 ex-

264 2342 426 2397 ternis
460 2340 629 2414 signis
659 2341 1022 2413 sacramenti,
1058 2350 1157 2399 aut
1192 2343 1479 2414 sacrificii,
1509 2350 1609 2399 aut
1634 2342 1866 2399 aliarum

262 2430 754 2488 caeremoniarum.
790 2429 942 2489 Unde
967 2431 1029 2487 fit
1049 2474 1063 2503 ,
1086 2437 1152 2490 ut
1180 2431 1313 2489 haec
1339 2439 1587 2505 potestas
1616 2448 1723 2489 non
1752 2434 1871 2491 l'ue-

262 2519 331 2577 rit
355 2526 493 2577 tunc
526 2534 635 2577 una
660 2526 718 2577 et
742 2519 937 2577 eadem
962 2535 1195 2578 numero
1214 2564 1229 2593 ,
1252 2538 1317 2578 ac
1348 2537 1604 2595 suprema
1628 2538 1725 2595 pro
1755 2529 1868 2579 tota

264 2609 509 2667 Ecclesia
526 2651 541 2682 ,
572 2609 671 2667 sed
697 2610 747 2665 in
772 2624 1102 2683 unaquaque
1124 2612 1408 2683 republica
1431 2612 1673 2683 perlecta
1698 2618 1756 2669 et
1784 2620 1869 2669 to-

263 2698 352 2755 tali
400 2706 617 2772 poterat
658 2712 781 2755 esse
824 2714 1085 2771 suprema
1123 2706 1371 2771 potestas
1414 2702 1467 2757 in
1506 2701 1611 2759 hoc
1655 2700 1867 2775 ordine,

265 2788 407 2845 sicut
432 2795 551 2845 erat
579 2804 839 2861 suprema
865 2788 1063 2857 civilis,
1095 2793 1222 2862 quia
1252 2790 1357 2847 hoc
1387 2797 1567 2847 totum
1598 2790 1873 2863 pendebat

265 2891 329 2935 ex
376 2877 823 2935 determinatione
870 2877 1187 2951 hominum,
1236 2885 1303 2951 et,
1341 2880 1459 2937 ideo
1506 2896 1870 2955 unaquaeque

268 2968 637 3025 communitas
662 2967 730 3024 ab
757 2966 861 3024 alia
887 2966 1251 3039 independens
1280 2968 1331 3025 in
1361 2968 1701 3027 subiectione
1730 2971 1863 3028 civi-

264 3056 301 3111 li
316 3098 332 3129 ,
356 3060 521 3113 etiam
541 3058 595 3113 in
618 3056 723 3113 hac
745 3056 1081 3114 subiectione
1100 3064 1249 3115 esset
1276 3056 1669 3131 independens,
1693 3075 1866 3133 quan·

266 3162 427 3221 quam
457 3146 503 3201 si
526 3144 775 3203 homines
800 3146 1028 3215 vellent,
1054 3153 1281 3219 possent
1302 3147 1409 3204 alio
1433 3148 1591 3205 modo
1616 3149 1868 3207 conferre

266 3235 406 3293 hanc
448 3242 804 3308 potestatem,
847 3252 946 3292 seu
983 3235 1369 3293 determinare:
1405 3236 1471 3295 de
1505 3253 1617 3310 qua
1646 3254 1707 3297 re
1734 3256 1869 3298 non-

264 3326 411 3385 nulla
441 3326 599 3400 attigi
629 3327 679 3381 in
710 3327 754 3382 1.
789 3330 923 3383 tom.
961 3331 1013 3383 3.
1049 3328 1242 3399 partis,
1274 3326 1479 3398 disput.
1513 3330 1607 3385 ⁴7.

336 3417 604 3487 Superest
630 3414 925 3472 dicendum
954 3415 1020 3473 de
1060 3424 1305 3487 tempore
1336 3416 1472 3488 legis
1499 3419 1768 3489 scriptae,
1802 3414 1884 3477 de'

265 3522 375 3579 quo
395 3512 615 3565 certum
634 3512 743 3576 est,
766 3504 935 3561 tuisse
956 3520 989 3561 a
1010 3508 1123 3562 Deo
1144 3505 1461 3563 institutum
1482 3508 1761 3577 peculiare
1784 3524 1873 3565 sa-

264 3596 579 3653 cerdotium
617 3595 943 3653 distinctum
984 3610 1017 3672 a
1056 3596 1318 3669 dignitate
1356 3596 1559 3669 regali,
1600 3603 1658 3655 et
1683 3598 1750 3653 ab
1775 3598 1871 3659 illo

266 3685 575 3743 sacerdotio
592 3726 608 3755 ,
639 3684 789 3759 quod
814 3691 937 3742 erat
964 3686 1017 3741 in
1044 3684 1163 3759 iege
1185 3693 1415 3743 naturae
1432 3726 1447 3757 ,
1475 3691 1537 3741 ut
1562 3693 1780 3745 constat
1804 3702 1872 3747 ex

264 3774 401 3831 libro
432 3775 687 3845 Levitici,
718 3780 775 3833 et
801 3790 867 3832 ex
898 3782 1015 3832 tota
1042 3776 1268 3848 epistola
1296 3775 1446 3833 Pauli
1476 3774 1545 3831 ad
1570 3776 1865 3835 Hebraeos.

266 3866 589 3939 Quanquam
618 3863 751 3922 illud
775 3865 1146 3922 sacerdotium
1170 3881 1278 3921 non
1298 3872 1420 3921 erat
1444 3866 1749 3923 universale
1771 3882 1871 3940 pro

263 3960 377 4011 tota
428 3956 713 4025 Ecclesia,
750 3970 893 4028 quae
940 3962 1077 4012 tunc
1122 3968 1243 4011 esse
1290 3961 1509 4027 poterat
1540 3956 1595 4011 iu
1632 3955 1867 4031 ludaeis,

262 4050 320 4100 et
355 4046 412 4100 in
455 4044 747 4117 gentibus,
790 4045 887 4100 sed
931 4042 1112 4101 solum
1152 4058 1253 4116 pro
1282 4060 1581 4120 synagoga.
1613 4046 1870 4105 Secundo

264 4143 351 4190 est
387 4141 642 4206 certum,
682 4134 1009 4206 pertinuisse
1048 4130 1113 4188 ad
1151 4131 1287 4190 illud
1316 4132 1689 4190 sacerdotium
1718 4141 1872 4207 pote-

271 4230 469 4281 statem
490 4221 861 4297 gubernandi,
889 4230 945 4279 et
964 4221 1227 4294 dirigendi
1248 4237 1311 4279 ea
1327 4262 1342 4293 ,
1367 4237 1509 4295 quae
1533 4223 1875 4296 pertinebant

272 4313 341 4370 ad
368 4329 461 4371 res
492 4328 703 4385 sacras,
730 4319 787 4370 et
813 4310 883 4368 ad
910 4311 1331 4369 declarationem
1353 4310 1647 4369 dubiorum
1673 4328 1874 4372 occur·

268 4406 505 4462 rentium
534 4404 687 4460 circa
715 4402 893 4477 legem
910 4442 927 4475 ,
954 4407 1011 4459 et
1035 4402 1188 4459 circa
1213 4400 1421 4460 iudicia
1447 4416 1768 4477 causarum3
1794 4404 1873 4462 sic

268 4495 411 4552 enim
434 4488 599 4552 Deu't.
632 4496 692 4551 17
706 4536 719 4548 .
744 4492 973 4549 dicitur:
1009 4493 1129 4568 Qui
1149 4490 1504 4565 superbierit
1525 4490 1723 4549 nolens
1747 4493 1875 4551 obe-

270 4582 398 4640 dire
442 4580 770 4641 sacerdotis
809 4583 1093 4655 imperi-o,
1124 4583 1441 4637 moriatur.
1474 4580 1717 4639 Habebat
1744 4598 1875 4656 ergo

267 4672 517 4730 Pontifex
550 4677 878 4744 potestatem
904 4668 1181 4743 obligandi
1202 4670 1425 4742 imperio
1450 4685 1551 4727 suo
1572 4710 1587 4741 ,
1614 4670 1745 4728 alias
1768 4689 1875 4730 non

272 4764 652 4836 imponeretur
680 4768 793 4818 tam
824 4758 1005 4832 gravis
1033 4774 1207 4832 poena
1235 4760 1739 4831 transgressoribus
1765 4778 1875 4820 non

272 4851 669 4919 obedientibus.
714 4850 785 4907 Et
826 4850 946 4907 ideo
990 4849 1209 4906 dicebat
1246 4848 1500 4907 Christus
1540 4851 1730 4907 Matth.
1776 4857 1871 4911 23·

272 4943 469 5016 Super
490 4938 847 4999 cathedram
868 4940 1073 5013 Moysi
1092 4936 1375 4995 sederant
1395 4938 1629 4997 scribae
1648 4944 1705 4997 et
1719 4943 1875 5016 plta-

270 5034 485 5096 risaet.
536 5044 939 5106 quaecamque
978 5026 1250 5086 dixerint
1286 5026 1481 5098 vobis,
1526 5037 1785 5100 servate,
1822 5036 1879 5090 et

258 5115 477 5195 facite.

344 5210 705 5276 Nihilominus
733 5208 971 5271 dubitari
996 5212 1214 5285 potest,
1246 5222 1315 5267 an
1339 5207 1587 5270 Pontifex
1616 5215 1750 5273 tunc
1780 5200 1893 5273 ha·

3337 314 3461 377 303

1939 460 2121 515 buerit
2165 446 2488 531 potestatem
2527 456 2915 529 legislativum,
2962 472 3087 513 nam
3117 462 3266 512 recte
3295 470 3416 513 esse
3445 470 3543 527 po-

1942 533 2090 605 terat
2110 548 2415 605 iurisdictio
2443 546 2510 603 ad
2538 546 2959 619 gubernandum
2989 545 3255 619 templum
3273 587 3288 616 ,
3317 551 3374 601 et
3399 544 3540 602 iudi-

1938 636 2176 694 candum
2219 638 2284 694 de
2327 637 2438 700 his,
2484 652 2626 709 quae
2657 636 2976 707 spectabant
3003 636 3071 692 ad
3099 635 3539 694 observationem

1938 727 2073 800 legis
2096 728 2221 799 Dei,
2247 728 2362 783 sine
2389 731 2658 799 potestate
2680 724 2990 798 imponendi
3011 740 3182 783 novas
3203 723 3372 798 leges·,
3399 740 3544 797 quae

1940 817 2031 874 illo
2076 824 2318 889 tempore
2361 830 2470 872 non
2512 814 2770 872 videntur
2810 814 2946 873 adeo
2974 815 3316 872 necessariae
3345 814 3538 883 fuisse,

1938 908 2067 981 quia
2096 908 2275 964 omnia
2306 906 2627 979 pertinentia
2655 903 2723 961 ad
2751 912 3098 963 sacramenta
3117 947 3131 975 ,
3164 905 3453 977 sacrificia,
3484 911 3544 962 et

1940 998 2314 1054 caeremonias
2354 996 2488 1052 satis
2527 996 2581 1051 in
2624 995 2942 1065 particulari
2980 1002 3140 1052 erant
3177 994 3540 1052 determinata

1940 1104 2037 1159 per
2069 1093 2362 1158 praecepta
2389 1084 2597 1158 divina,
2628 1098 2798 1159 quae
2799 1091 2912 1141 tam
2939 1084 3118 1142 multa
3137 1092 3325 1156 erant,
3351 1090 3414 1141 ut
3441 1100 3534 1141 ne·
3621 1147 3644 1161 „

1939 1178 2248 1235 cessarium
2291 1191 2398 1231 non
2440 1181 2588 1232 esset
2625 1174 2729 1230 alia
2765 1172 3020 1231 adiicere.
3053 1176 3122 1231 Et
3146 1174 3267 1231 ideo
3296 1174 3538 1245 videtur,

1939 1267 2045 1323 hoc
2075 1266 2246 1323 luisse
2273 1264 2604 1337 prohibitum
2634 1266 2858 1320 Deuter.
2889 1267 2948 1334 4,
2971 1268 3027 1319 et
3057 1266 3154 1335 12,
3179 1263 3268 1319 ubi
3291 1263 3535 1336 rigorose

1938 1354 2272 1431 prohibitum
2313 1361 2399 1411 est
2438 1353 2647 1427 aliquid
2673 1352 2907 1422 addere,
2941 1328 3026 1408 vel
3056 1354 3299 1408 minuere
3327 1352 3394 1408 de
3423 1352 3528 1423 his,

1938 1462 2081 1521 quae
2122 1450 2420 1517 praecepta
2459 1450 2636 1499 erant.
2685 1441 2834 1499 Unde
2863 1443 2986 1497 Mat.
3028 1445 3113 1499 15.
3145 1441 3360 1498 videtur
3385 1442 3539 1497 Chri-

1941 1544 2057 1595 stus
2108 1534 2370 1593 Dominus
2421 1531 2818 1603 reprehendere
2867 1531 3185 1587 traditiones
3232 1532 3536 1602 seniorum,

1939 1635 2077 1701 q'uas
2106 1623 2358 1681 videlicet
2393 1622 2496 1694 ipsi
2523 1620 2848 1679 addiderant
2875 1627 3138 1693 tanquam
3166 1636 3336 1677 novas
3365 1622 3537 1694 leges.

1936 1716 2093 1787 Quod
2136 1718 2216 1772 ita
2254 1712 2469 1769 videtur
2496 1726 2766 1783 exponere
2793 1710 3081 1787 chrysost.
3115 1710 3185 1768 ibi
3217 1710 3404 1771 homil.
3441 1718 3535 1783 52,

1940 1808 2212 1876 sentiens,
2251 1802 2372 1859 illos
2418 1802 2704 1873 pontifices
2751 1815 2860 1856 non
2908 1799 3164 1857 habuisse
3209 1808 3540 1873 potestatem

1937 1892 2206 1954 condendi
2233 1893 2402 1966 leges.
2438 1890 2595 1958 Quod
2624 1890 2667 1946 si
2696 1892 2824 1963 quis
2851 1890 3096 1964 obiiciat,
3129 1891 3275 1962 apud
3305 1890 3542 1951 ludaeos

1938 1987 2107 2045 fuisse
2134 1999 2305 2042 noras
2335 1983 2545 2053 aliquas
2572 1981 2896 2037 festivitates
2923 1995 2992 2037 ex
3018 1986 3316 2052 praecepto
3345 1981 3541 2038 huma-

1938 2092 2009 2134 no
2048 2076 2344 2144 institutas,
2376 2070 2576 2128 Esther
2606 2073 2671 2140 9,
2715 2068 2915 2127 iudith.
2963 2069 3063 2126 ult.
3113 2074 3162 2127 1.
3191 2069 3440 2146 Machab.
3476 2076 3536 2145 43

1938 2164 2257 2239 responderi
2283 2167 2492 2237 posset,
2511 2160 2632 2217 illas
2655 2176 2762 2216 non
2786 2159 2950 2215 fuisse
2971 2160 3220 2236 proprias
3247 2158 3396 2233 leges
3422 2161 3547 2218 sola

1937 2256 2268 2315 auctoritate
2290 2240 2608 2324 pontificum
2631 2250 2788 2319 latas,
2813 2249 2908 2306 sed
2929 2247 3200 2323 quaedam
3226 2257 3354 2308 vota
3379 2266 3530 2309 com·

1936 2346 2089 2405 muni
2129 2358 2406 2402 consensu
2449 2342 2624 2398 totius
2662 2337 2844 2411 populi
2870 2341 3091 2395 emissa.
3123 2338 3277 2397 Unde
3305 2339 3376 2397 ibi
3403 2340 3538 2398 dici-

1938 2445 2059 2496 tur:
2101 2436 2330 2493 Statuit
2363 2434 2647 2487 universa
2682 2426 2986 2493 Ecclesia.
3030 2435 3140 2485 etc.
3176 2430 3254 2485 Ex
3283 2435 3412 2487 voto
3439 2447 3541 2488 au·

1942 2534 2049 2585 tem
2080 2522 2277 2597 aliquid
2301 2563 2316 2594 ,
2339 2520 2424 2577 vel
2451 2518 2673 2591 aliquod
2702 2525 2918 2590 tempus
2941 2520 3050 2575 Deo
3075 2519 3381 2577 voluntarie
3403 2536 3536 2578 con·

1941 2628 2198 2687 secrare,
2229 2624 2442 2683 semper
2469 2610 2676 2665 licitum
2704 2609 2825 2664 luit.

2020 2708 2073 2763 4.
2106 2704 2201 2759 His
2228 2716 2360 2758 vero
2380 2714 2488 2755 non
2512 2697 2857 2755 obstantibus
2877 2738 2892 2769 ,
2916 2696 3213 2757 dicendum
3231 2707 3342 2772 est,
3367 2700 3536 2760 fuisse

1938 2797 1993 2851 in
2020 2792 2111 2849 illo
2142 2791 2348 2864 populo
2377 2795 2700 2861 potestatem
2729 2786 3102 2860 legislativum.
3134 2791 3216 2846 lta
3243 2796 3394 2849 tenet
3420 2791 3542 2848 Bel-

1939 2884 2153 2940 larmin.
2189 2881 2280 2937 lib.
2311 2884 2368 2938 4.
2401 2876 2473 2934 de
2500 2875 2723 2949 Pontis.
2756 2892 2878 2949 cap.
2923 2880 2980 2935 17
3003 2918 3020 2948 ,
3042 2885 3100 2935 et
3128 2880 3341 2937 Victor.
3371 2898 3544 2955 supra

1938 2990 1993 3047 q.
2040 2978 2096 3044 4,
2138 2988 2194 3027 ιι.
2243 2974 2308 3039 a,
2355 2968 2634 3025 Salmeron
2676 2972 2812 3023 tom.
2858 2971 2911 3024 4.
2957 2968 3012 3023 in
3053 2982 3250 3042 evang.
3293 2978 3438 3041 part.
3485 2978 3542 3045 3,

1938 3067 2099 3119 tract.
2142 3064 2228 3119 12:
2261 3067 2318 3115 et
2343 3064 2428 3113 est
2455 3061 2647 3127 aperta
2675 3056 2944 3112 sententia
2963 3056 3018 3113 d.
3046 3056 3286 3114 Thomae
3314 3058 3441 3117 lect.
3479 3064 3539 3133 2,

1937 3158 1995 3209 et
2017 3156 2069 3209 3.
2099 3150 2152 3206 in
2174 3149 2333 3221 epist.
2359 3148 2428 3204 ad
2447 3146 2686 3215 Galatas,
2713 3160 2988 3217 exponens
3013 3144 3100 3201 illa
3123 3146 3315 3205 verba:
3341 3148 3542 3206 Abun-

1937 3240 2188 3299 dantius
2207 3235 2548 3295 aemulator
2565 3237 2823 3292 existens
2839 3240 3244 3308 paternarum
3265 3252 3542 3295 mearum

1940 3330 2380 3394 traditionum;
2403 3341 2548 3400 quae
2575 3322 2825 3396 intelligit
2848 3322 2916 3379 de
2947 3324 3156 3397 legibus
3183 3325 3435 3385 humanis
3455 3327 3539 3384 iu-

1939 3428 2022 3479 ste
2064 3420 2186 3477 latis
2227 3419 2278 3474 in
2315 3432 2382 3474 eo
2426 3414 2651 3487 populo.
2688 3415 2753 3470 Et
2780 3412 2914 3469 illud
2942 3415 3101 3472 Deut.
3135 3421 3191 3475 4.
3225 3418 3445 3490 exponit
3471 3417 3538 3473 de

1940 3509 2213 3567 additione
2235 3505 2513 3563 contraria
2543 3503 2626 3560 vel
2652 3510 2994 3576 repugnante
3017 3504 3141 3578 legi.
3168 3506 3304 3565 Nam
3325 3523 3451 3581 cap.
3480 3514 3544 3565 5.

1940 3597 2192 3657 eiusdem
2220 3587 2514 3653 Deuteron.
2547 3593 2621 3649 ita
2647 3591 2780 3649 illud
2813 3591 3157 3650 declaratur:
3191 3600 3326 3653 Non
3360 3596 3538 3655 decli·

1940 3687 2117 3745 nabis
2154 3700 2338 3759 neque
2375 3680 2460 3741 ad
2494 3679 2810 3739 dexteram
2823 3725 2839 3748 ,
2873 3698 3056 3754 neque
3093 3682 3178 3740 ad
3205 3687 3542 3744 sinistram.

1940 3776 2155 3835 Additio
2197 3789 2364 3847 ergo,
2399 3786 2540 3845 quae
2567 3786 2676 3827 non
2705 3770 2946 3828 declinat
2973 3787 3006 3828 a
3033 3772 3182 3846 lege,
3211 3775 3264 3831 id
3290 3783 3377 3834 est
3402 3792 3546 3851 quae
3663 3798 3671 3815 ·

1938 3866 2011 3927 ilii
2039 3882 2146 3939 non
2177 3867 2477 3935 repugnat,
2503 3876 2611 3917 non
2633 3868 2754 3917 erat
2773 3860 3064 3932 prohibita.
3092 3869 3270 3938 Atque
3291 3869 3371 3923 ita
3393 3868 3549 3925 Chri.

1940 3962 2061 4013 stus
2100 3955 2367 4012 Dominus
2408 3950 2594 4009 matth.
2651 3954 2736 4009 15.
2781 3950 3132 4023 reprehendit
3168 3956 3436 4027 ludaeos,
3465 3957 3550 4015 di·

1939 4061 2097 4103 cens:
2121 4038 2617 4115 Irritumsecistis
2637 4038 2998 4098 mandatum
3017 4045 3133 4099 Dei
3154 4048 3396 4118 propter
3417 4050 3547 4105 tra.

1940 4134 2197 4192 ditiones
2221 4137 2472 4190 vestras.
2504 4131 2579 4187 Et
2604 4129 2765 4187 affert
2793 4131 2962 4189 verba
2985 4134 3114 4190 lsai.
3144 4138 3249 4209 29,
3280 4152 3424 4211 quae
3453 4152 3550 4195 su-

1941 4224 2145 4297 periori
2175 4224 2355 4294 capite
2376 4219 2800 4294 obiiciebantur,
2823 4228 2880 4277 et
2903 4223 2982 4279 ita
3008 4222 3097 4280 illa
3125 4226 3370 4297 exponit:
3399 4230 3546 4286 Sine

1942 4328 2137 4370 causa
2156 4310 2358 4367 colunt
2377 4324 2490 4372 me,
2517 4306 2788 4366 docentes
2806 4309 3144 4370 doctrinam
3165 4318 3222 4370 et
3247 4315 3550 4375 mandata

1941 4404 2272 4469 hominum,
2305 4400 2496 4473 utique
2515 4399 2719 4472 quibus
2741 4400 3096 4460 itritabantur
3115 4444 3132 4477 ,
3155 4411 3212 4462 et
3231 4412 3551 4465 contemne·

1940 4495 2142 4551 bantur
2185 4488 2442 4548 mandata
2479 4489 2606 4563 Dei,
2643 4490 2724 4547 vel
2767 4507 2910 4564 quae
2947 4496 3362 4569 superstitiosa,
3393 4505 3450 4556 et
3477 4496 3548 4555 ad

1945 4598 2137 4641 verum
2167 4582 2261 4640 Dei
2291 4579 2510 4638 cultum
2539 4580 2668 4637 nihii
2699 4582 3102 4640 conducebant.

2020 4672 2124 4731 Sed
2153 4673 2282 4729 licet
2310 4670 2448 4727 haec
2479 4685 2609 4727 vera
2633 4671 2768 4743 sint,
2793 4671 3138 4730 nihilominus
3169 4689 3276 4732 non
3303 4681 3544 4750 constat,

1945 4762 2292 4821 sacerdotem
2325 4759 2628 4833 leviticum,
2651 4761 2815 4817 etiam
2837 4776 3138 4865 summum,
3161 4778 3230 4849 ex
3255 4766 3302 4821 vi
3332 4768 3552 4902 pontiti:

1942 4943 2247 5019 gislativam
2288 4956 2455 5014 super
2497 4940 2816 4998 universum
2857 4941 3156 5016 populum,
3187 4946 3318 5017 quia
3357 4947 3546 5003 nullibi

1944 5033 2141 5107 legitur
2181 5046 2304 5090 esse
2343 5031 2416 5088 illi
2457 5045 2802 5089 concessam.
2845 5030 2982 5087 Nam
3023 5032 3550 5094 Dent-17.solum

1944 5120 2270 5181 conceditur
2310 5119 2586 5176 sacerdoti
2613 5134 2846 5176 summo
2887 5136 3020 5177 cum
3058 5121 3286 5178 consilio
3313 5122 3550 5183 aliorum

1943 5218 2188 5291 potestas
2208 5206 2444 5271 maxima
2464 5210 2518 5269 in
2537 5208 2808 5268 decisione
2827 5208 3122 5285 dubiosum
3143 5212 3558 5289 insurgentium
