4325 6267
787 311 917 378 230
2012 315 2044 326 “

702 453 1188 529 mot-Ubicumque
1217 451 1456 527 regimen
1481 465 1592 508 non
1620 454 1708 508 est
1730 447 2191 523 democraticum,
2214 463 2313 522 po·

703 543 869 616 pulus
899 543 1181 602 transtulit
1206 556 1524 615 supremam
1551 543 1876 613 potestatem
1905 539 1960 594 ιιι
1983 537 2309 610 principem,

704 633 818 688 sive
862 630 946 688 ille
987 632 1056 689 sit
1095 647 1208 689 nna
1246 646 1502 705 persona,
1533 635 1598 687 ut
1635 630 1689 686 in
1717 626 2064 700 monarchia,
2085 627 2200 684 sive
2240 625 2314 690 sit

703 719 995 778 consilium
1023 735 1344 793 procerum,
1376 726 1439 777 ut
1468 720 1518 776 in
1551 717 1935 788 aristocratia;
1968 717 2078 774 eive
2117 716 2189 773 sit
2216 718 2314 773 mi·

701 813 856 868 xtum
886 808 1109 881 aliquod
1135 823 1203 866 ex
1237 816 1500 882 utroque,
1532 813 1596 865 ut
1635 812 1722 864 est
1763 803 1875 865 dux
1919 821 2051 864 cum
2092 811 2312 880 senatu,

701 897 789 955 vel
815 913 913 956 rex
948 913 1080 955 cum
1108 897 1343 954 comitiis
1370 898 1547 971 regni,
1571 910 1705 970 ergo
1736 897 1791 952 ιιι
1831 894 1912 952 his
1952 895 2211 952 omnibus
2240 895 2311 963 is,

704 985 896 1062 quide
925 987 1070 1045 racto
1099 1001 1414 1059 supremam
1461 991 1790 1058 potestatem
1831 983 1998 1041 hahet
2037 982 2107 1040 ad
2136 983 2316 1040 seren-

703 1077 830 1134 dam
855 1077 1053 1150 legem,
1083 1076 1452 1134 habevetiam
1495 1081 1819 1147 potestatem
1859 1075 1928 1132 ad
1957 1072 2311 1146 obligandum

704 1181 894 1224 omnes
923 1164 991 1222 de
1018 1181 1218 1239 regno,
1254 1169 1317 1222 ut
1342 1164 1487 1221 illam
1526 1153 1840 1235 acceptent.
1873 1162 2147 1220 Probatur
2177 1177 2313 1218 con·

705 1255 1010 1330 sequentia,
1047 1257 1225 1329 primo
1253 1270 1320 1312 ex
1349 1254 1438 1311 illo
1460 1252 1612 1311 Pauli
1634 1255 1797 1310 Rom.
1825 1256 1910 1311 13.
1945 1251 2154 1310 Omnis
2184 1253 2316 1308 ani-

704 1361 812 1404 ma
827 1343 1220 1420 potestatibus
1250 1342 1698 1402 sublimioribus
1726 1340 1968 1425 subdito.
1988 1344 2084 1398 stt.
2100 1342 2311 1399 Secun-

704 1433 800 1506 do,
831 1434 960 1508 quia
1001 1433 1133 1490 alias
1178 1433 1423 1491 inefficax
1462 1432 1621 1490 valde
1661 1437 1808 1488 esset
1847 1430 1933 1487 illa
1975 1435 2221 1502 potestas
2258 1436 2317 1489 et

706 1523 863 1596 plane
889 1524 1122 1596 inutilis,
1148 1523 1316 1581 sinon
1344 1528 1530 1595 posset
1551 1537 1750 1596 cogere
1780 1519 2028 1579 subditos
2058 1519 2126 1576 ad
2155 1535 2317 1577 acce-

705 1611 964 1685 ptandam
1002 1619 1060 1670 et
1097 1612 1490 1670 observandam
1534 1611 1730 1694 legem.
1775 1610 1982 1682 Tertio,
2029 1611 2165 1682 qnia
2207 1625 2315 1666 usu

707 1708 950 1774 constat,
982 1717 1160 1776 reges,
1192 1704 1378 1761 statim
1406 1717 1471 1759 ac
1502 1701 1591 1760 lex
1619 1700 1955 1758 sufficienter
1998 1705 2084 1756 est
2111 1697 2317 1756 consti-

707 1797 828 1851 tuta
856 1791 1205 1866 promulgata
1229 1796 1287 1848 et
1311 1793 1616 1864 proposita,
1631 1791 1824 1864 punire
1851 1795 2311 1862 transgressores,

707 1879 858 1938 nulla
880 1879 1064 1953 populi
1086 1882 1463 1953 acceptatione
1487 1884 1756 1952 spectata3
1771 1879 1880 1935 imo
1904 1877 2089 1950 poenis
2104 1881 2318 1951 cogunt

708 1968 776 2040 ad
803 1968 1220 2040 observandam,
1252 1974 1309 2026 et
1336 1968 1756 2042 acceptandam3
1783 1967 1918 2026 haec
1943 1973 2128 2025 autem
2159 1981 2318 2024 coer-

705 2059 838 2117 citio
868 2058 1013 2115 iusta
1041 2063 1146 2129 est,
1183 2063 1244 2114 ut
1284 2063 1523 2129 constat3
1555 2072 1687 2130 ergo
1727 2057 1990 2129 supponit
2030 2054 2318 2130 obligatio·

701 2163 849 2206 nem.
881 2145 1036 2205 Unde
1062 2145 1195 2204 licet
1223 2146 1454 2204 sortasse
1482 2145 1650 2203 suerit
1673 2159 1981 2202 consensus
2010 2143 2200 2219 populi
2222 2159 2319 2200 ne-

675 2230 978 2296 'cessarius
1015 2235 1084 2293 ad
1123 2234 1466 2293 condendam
1507 2235 1680 2308 legem
1702 2276 1718 2307 ,
1762 2234 1983 2308 quando
2027 2235 2206 2307 aliqua
2249 2247 2317 2290 ex

698 2333 855 2399 parte
881 2326 1126 2398 regimen
1158 2323 1490 2397 reipublicae
1519 2323 1624 2382 fuit
1649 2323 2106 2396 democraticum;
2139 2331 2318 2380 trans-

701 2415 808 2474 lata
835 2420 1017 2472 tamen
1058 2419 1326 2486 potestate
1355 2413 1408 2470 in
1452 2428 1649 2471 verum
1679 2411 2061 2484 monarcham,
2089 2427 2203 2468 non
2230 2418 2319 2469 est

701 2505 823 2563 talis
858 2519 1165 2562 consensus
1193 2503 1382 2577 populi
1410 2503 1788 2573 necessarius,
1818 2508 1875 2560 et
1909 2507 2314 2574 consequenter

701 2610 804 2653 nec
831 2595 956 2651 eius
991 2593 1325 2665 acceptatio,
1356 2593 1401 2649 si
1431 2593 1688 2665 princeps
1728 2590 1861 2647 velit
1900 2590 1980 2648 uti
2021 2604 2123 2646 sua
2161 2595 2316 2661 pote·

703 2691 862 2743 state.
889 2685 1004 2741 lmo
1028 2685 1073 2739 si
1107 2681 1410 2740 formaliter
1430 2686 1486 2739 et
1505 2681 1726 2754 proprie
1747 2679 2062 2753 loquamur,
2097 2684 2223 2751 post
2240 2677 2318 2735 le-

699 2789 832 2852 gent
865 2771 1114 2829 absolute
1159 2771 1519 2828 constitutam
1565 2768 1633 2826 ad
1665 2768 1955 2826 habentem
1997 2782 2315 2840 supremam

703 2869 1050 2937 potestatem,
1078 2876 1365 2935 nunquam
1395 2860 1500 2918 suit
1538 2875 1682 2916 nova
1711 2857 2017 2930 acceptatio
2060 2872 2317 2914 necessa-

703 2953 805 3024 ria,
837 2951 932 3010 sed
959 2951 1162 3009 ιιι-ιιοιι
1188 2949 1526 3014 democratia
1552 2948 1932 3023 contingebat,
1965 2954 2032 3004 ut
2058 2947 2201 3004 idem
2230 2961 2316 3002 es·

705 3048 789 3099 set
811 3040 1052 3100 condens
1073 3046 1128 3098 et
1153 3045 1453 3113 acceptans
1481 3039 1678 3112 legem,
1693 3043 1748 3096 et
1765 3036 1884 3095 ideo
1909 3036 2070 3094 simul
2091 3037 2311 3095 fiebant.

776 3131 888 3188 lam
919 3145 1048 3186 vero
1077 3129 1356 3202 supposita
1384 3135 1682 3202 potestate,
1713 3128 1860 3202 quod
1902 3126 2158 3186 voluntas
2207 3143 2317 3186 non

703 3220 866 3292 desit,
894 3219 1115 3294 quando
1141 3218 1228 3276 lex
1257 3219 1581 3291 simpliciter
1605 3218 1804 3275 fertur.
1837 3217 2105 3275 Probatur
2131 3218 2313 3289 primo

704 3329 735 3370 a
758 3310 1047 3383 posteriori
1078 3308 1276 3367 indicio
1305 3308 1494 3380 allato,
1525 3308 1653 3382 quia
1681 3308 1950 3392 principes
1979 3313 2192 3382 cogunt
2218 3322 2313 3381 per

701 3415 936 3474 poenam
968 3396 1038 3456 ad
1079 3399 1211 3471 legis
1237 3399 1618 3456 executionem
1639 3437 1656 3468 ,
1691 3402 1754 3455 ut
1779 3412 1886 3454 usu
1917 3399 2036 3469 ipso
2063 3403 2307 3454 constat.

701 3492 890 3565 Neque
917 3490 972 3546 in
998 3487 1266 3561 principio
1293 3486 1514 3560 quando
1545 3487 1634 3545 lex
1657 3485 1858 3558 fertur,
1879 3484 2162 3543 audebunt
2183 3485 2317 3542 sub·

701 3578 802 3638 diti
830 3592 1024 3636 coram
1052 3571 1231 3634 iudice
1269 3577 1687 3634 excusationem
1713 3576 1932 3646 afferre,
1960 3574 2110 3648 quod
2136 3574 2313 3648 legem

699 3683 812 3726 non
842 3666 1210 3738 servaverint,
1240 3664 1372 3738 quia
1398 3670 1624 3736 recepta
1663 3664 2008 3736 non-suerit,
2042 3679 2167 3721 nam
2206 3663 2311 3720 hoc

701 3763 808 3827 est,
841 3754 991 3830 quod
1021 3761 1154 3813 tunc
1182 3756 1386 3829 agitur,
1419 3759 1476 3812 et
1504 3755 1571 3810 ad
1601 3754 1754 3828 quod
1782 3751 1989 3812 directe
2010 3760 2239 3828 cogunt,
2258 3758 2315 3810 et

700 3853 926 3920 propter
956 3843 1109 3920 quod
1136 3844 1472 3917 puniuntur,
1502 3842 1714 3900 scilicet
1742 3845 1872 3915 quia
1900 3843 2048 3901 illam
2078 3858 2188 3900 non
2219 3843 2313 3900 ob·

702 3940 953 4008 servant,
985 3939 1044 3992 et
1077 3931 1419 3991 observando
1456 3937 1778 4004 acceptant3
1816 3947 1994 4005 neque
2024 3931 2126 3989 alia
2156 3947 2314 4005 prae·

701 4026 788 4083 via
815 4024 1118 4095 acceptatio
1143 4022 1456 4081 necessaria
1484 4027 1765 4079 censetur.
1797 4020 2056 4080 Secundo
2093 4020 2147 4078 id
2174 4036 2310 4079 con·

701 4119 811 4171 stat
829 4128 899 4171 ex
918 4113 971 4169 vi
996 4111 1292 4169 verborum
1314 4110 1471 4182 legis,
1497 4125 1639 4184 quae
1660 4109 1982 4184 simpliciter
2004 4117 2315 4184 sunt·prae-

701 4201 931 4274 captiva:
964 4207 1322 4273 praeceptum
1350 4205 1535 4258 autem
1564 4201 1814 4258 absolute
1842 4201 2014 4260 latum
2036 4217 2144 4258 non
2170 4201 2306 4258 ohli-

698 4297 816 4366 gat,
843 4291 888 4347 si
909 4289 1164 4347 subditus
1187 4289 1315 4347 velit
1334 4295 1644 4361 acceptare3
1670 4305 1811 4364 quae
1835 4293 1977 4348 enim
1998 4296 2145 4347 esset
2170 4289 2305 4348 haec

702 4377 990 4453 obligatio?
1017 4379 1123 4437 Sed
1163 4379 1414 4437 absolute
1455 4378 1667 4437 inducit
1705 4380 2086 4438 necessitatem
2108 4373 2305 4448 ,'teste

699 4468 870 4527 Paulo
898 4471 1058 4529 Rom.
1099 4471 1186 4538 12,
1217 4468 1348 4541 quia
1373 4466 1712 4525 sufficienter
1750 4467 1955 4525 indicat
1995 4466 2311 4526 absolutam

701 4557 956 4632 principis
989 4556 1344 4640 voluntatem.
1375 4557 1548 4625 Quam
1596 4557 1741 4614 enim
1781 4559 1898 4630 ipse
1942 4573 2053 4614 non
2095 4557 2311 4627 limitat,

655 4677 662 4685 ·
701 4645 976 4722 quomodo
1017 4652 1249 4719 possunt
1285 4645 1488 4704 subditi
1529 4645 2014 4706 limitarei-Tertio
2036 4687 2052 4719 ,
2083 4649 2128 4704 si
2172 4648 2309 4706 haec

700 4741 942 4808 potestas
969 4741 1056 4793 est
1079 4737 1135 4793 in
1165 4736 1426 4809 principe,
1457 4741 1607 4794 certe
1633 4752 1744 4795 non
1771 4741 1860 4794 est
1896 4753 2054 4807 vana,
2086 4751 2189 4794 nec
2220 4753 2314 4795 su-

702 4824 932 4899 perflua,
963 4823 1060 4881 sed
1087 4831 1310 4899 propter
1337 4841 1505 4884 usum
1545 4828 1952 4898 necessarium,
1982 4833 2079 4884 aut
2119 4826 2315 4884 saltem
2342 4814 2345 4820 ’

702 4914 1110 4973 convenientem
1136 4913 1490 4987 reipublicae,
1513 4930 1646 4987 ergo
1668 4916 1882 4988 quoties
1903 4916 2154 4989 princeps
2186 4915 2313 4974 sim-

705 5003 917 5076 pliciter
943 5002 1117 5076 legem
1143 5003 1271 5075 sert,
1301 5002 1610 5061 censendus
1647 5009 1736 5060 est
1772 5003 1876 5063 hac
1903 5009 2177 5078 potestate
2205 5005 2311 5078 uti,

704 5091 926 5167 quando
955 5091 1100 5150 aliud
1131 5108 1240 5150 non
1271 5091 1514 5172 declarat
1531 5133 1562 5166 „
1577 5108 1678 5151 nec
1718 5108 1786 5152 ex
1825 5093 1940 5151 aliis
1981 5089 2311 5156 coniecturis

705 5181 898 5240 morali
924 5181 1253 5242 certitudine
1280 5187 1533 5242 constare
1560 5186 1758 5256 potest.
2208 5195 2223 5208 “

2185 323 2393 374 mmm
2429 323 2537 374 111.
2607 315 2625 326 “

3578 297 3611 326 .
3684 329 3700 340 v—

2458 453 2513 506 5.
2557 445 2832 516 Quocirca
2870 445 3141 519 posterior
3182 444 3445 506 sententia
3484 445 3799 520 simpliciter
3838 461 3993 506 asse-

2380 537 2573 610 renda,
2604 544 2659 595 et
2686 552 2785 610 pro
2816 536 3009 610 regula
3034 535 3281 596 habenda
3307 542 3425 608 est,
3456 536 3587 610 quia
3625 534 3862 594 solidum
3891 535 3990 592 ha-

2382 628 2477 686 bet
2503 627 2945 698 fundamentum,
2968 635 3023 685 et
3045 627 3201 701 plane
3221 626 3835 684 dissolvitcontrarium
3861 627 3990 686 tun-

2382 716 2719 788 damentum,
2752 723 2815 774 ut
2842 733 2908 774 ex
2932 716 3177 790 proxime
3197 716 3357 774 dictis
3378 721 3615 784 constat.
3632 716 3703 774 Et
3722 716 3829 774 hoc
3854 731 3992 774 con-

2381 805 2583 863 firmari
2612 811 2793 878 potest
2820 821 2888 864 ex
2917 805 3245 863 Authentica
3278 807 3361 865 Ut
3378 803 3595 878 sactae
3621 819 3809 863 novae
3849 821 3985 862 con·-

2381 896 2746 960 stitutiones,
2781 895 2875 952 ubi
2912 899 3036 966 post
3062 892 3483 967 publicationem
3512 892 3733 966 legis.et
3767 893 3989 966 lapsum
4066 883 4072 888 ’

2385 985 2647 1055 temporis
2669 982 2929 1056 designati
2953 985 3197 1054 praecise
3219 982 3456 1054 exigitur
3469 982 3811 1040 observantia
3826 982 3989 1056 legis,

2383 1087 2486 1128 nec
2518 1070 2585 1128 de
2616 1073 2993 1144 acceptatione
3020 1072 3081 1127 fit
3106 1073 3331 1128 mentio.
3348 1072 3417 1128 Et
3441 1069 3579 1127 idem
3605 1071 3659 1128 ιιι
3680 1078 3811 1129 actu
3830 1087 3992 1130 exer-

2382 1161 2516 1235 cito,
2550 1157 2612 1220 ‘ut
2640 1161 2717 1218 sic
2748 1160 2951 1234 dicam,
2983 1166 3233 1218 servatur
3264 1161 3318 1217 in
3346 1160 3510 1218 modo
3552 1160 3756 1218 ferendi
3798 1162 3991 1234 singu·

2382 1252 2463 1310 las
2491 1250 2679 1308 civiles
2710 1252 2879 1326 leges.
2911 1250 3109 1309 Deinde
3138 1251 3244 1308 hoc
3272 1251 3583 1309 confirmari
3610 1256 3794 1323 potest
3817 1266 3883 1309 ex
3910 1250 3998 1308 di-

2384 1346 2479 1397 cto
2506 1347 2532 1416 g
2558 1339 2727 1413 leges,
2760 1341 3009 1413 quamvis
3037 1356 3145 1397 non
3186 1339 3383 1396 habeat
3420 1339 3650 1397 canonis
3688 1341 3991 1398 auctorita-

2382 1435 2530 1502 tem,
2561 1445 2695 1488 ιιιιιιι
2715 1429 2791 1486 ihi
2813 1429 3017 1487 dicitur
3037 1429 3124 1488 lex
3150 1429 3361 1486 institui
3400 1443 3531 1486 cum
3575 1427 3983 1501 promulgatum

2382 1535 2516 1594 ergo
2546 1520 2589 1576 si
2613 1521 2717 1577 iam
2744 1525 2831 1576 est
2856 1519 2963 1591 lex,
2996 1521 3107 1576 iam
3132 1518 3296 1576 habet
3322 1519 3427 1578 vim
3456 1515 3748 1591 obligandi.
3779 1518 3996 1576 Dicitur

2384 1614 2567 1667 autem
2596 1609 2798 1666 firmari
2828 1623 2935 1666 non
2965 1608 3081 1665 sola
3108 1607 3506 1683 acceptatione,
3536 1605 3635 1664 sed
3661 1607 3996 1665 moribuset

2386 1715 2517 1770 usu,
2547 1712 2657 1754 non
2684 1703 2749 1756 ut
2770 1697 3008 1771 obligare
3036 1697 3280 1770 incipiat,
3310 1699 3438 1771 quia
3463 1698 3580 1768 ipse
3602 1711 3739 1754 usus
3760 1711 3829 1756 ex
3852 1696 3992 1754 obli-

2389 1787 2605 1863 gatione
2646 1787 2915 1859 nascitur,
2945 1784 3041 1844 sed
3082 1791 3147 1843 ut
3186 1785 3425 1842 stabilior
3464 1785 3555 1858 sit,
3584 1791 3642 1842 et
3679 1801 3791 1843 non
3831 1784 3992 1844 facile

2392 1877 2712 1951 abrogetur,
2746 1883 2807 1933 ut
2833 1891 3001 1949 supra
3022 1881 3231 1934 tactum
3258 1883 3363 1935 est.

2466 1971 2519 2025 6.
2555 1965 2711 2026 Unde
2751 1971 3153 2038 consequenter
3192 1963 3481 2023 dicendum
3523 1971 3631 2039 est,
3660 1971 3788 2038 post
3811 1965 3994 2040 legem

2386 2055 2723 2113 sufficienter
2749 2054 3149 2128 promulgatam
3184 2062 3241 2112 et
3265 2054 3598 2127 propositam
3626 2069 3726 2126 pro
3754 2069 3823 2112 eo
3851 2062 3990 2112 tem·

2388 2155 2545 2217 pore,
2575 2159 2676 2217 pro
2710 2159 2823 2218 quo
2846 2151 3028 2216 potest
3047 2143 3308 2217 obligare,
3332 2158 3564 2216 peccare
3586 2141 3861 2216 subditos,
3890 2145 3987 2217 qui

2386 2231 2441 2291 in
2471 2233 2741 2306 principio
2780 2233 2929 2290 illam
2971 2249 3079 2291 non
3110 2234 3432 2305 observant,
3471 2232 3648 2290 solum
3678 2233 3808 2307 quia
3840 2234 3991 2292 illam

2387 2330 2677 2396 acceptare
2706 2323 2917 2380 nolunt.
2943 2325 3059 2381 Hoc
3084 2323 3289 2382 docent
3312 2325 3679 2380 communiter
3707 2323 3987 2396 doctores,

2388 2421 2446 2471 et
2466 2414 2711 2488 sequitur
2756 2413 3073 2469 necessario
3102 2428 3167 2470 ex
3202 2412 3395 2485 dictis3
3422 2427 3545 2469 nam
3585 2412 3670 2469 lex
3690 2411 3895 2486 obligat
3918 2413 3991 2472 ad

2386 2504 2472 2560 sui
2514 2503 2981 2576 acceptationem,
3025 2518 3155 2575 ergo
3199 2504 3296 2577 qui
3348 2501 3525 2576 legem
3574 2505 3757 2560 statim
3797 2503 3987 2574 violat,

2384 2599 2573 2650 contra
2592 2592 2739 2649 illam
2761 2592 3060 2667 delinquit,
3090 2593 3258 2666 etqui
3291 2608 3403 2658 non
3420 2599 3707 2665 acceptat,
3743 2593 3990 2653 etiamjn

2386 2681 2495 2740 hoc
2524 2682 2700 2755 legem
2723 2680 3147 2756 transgreditur.
3171 2681 3529 2739 Nihilominus
3552 2688 3734 2739 tamen
3756 2681 3869 2738 fieri
3893 2698 3991 2754 po-

2386 2777 2530 2844 test,
2575 2779 2641 2830 ut
2680 2773 2725 2828 si
2762 2771 2857 2829 illa
2877 2788 2987 2828 non
3014 2774 3259 2845 receptio
3287 2787 3387 2828 seu
3413 2771 3634 2828 violatio
3661 2770 3793 2845 legis
3830 2770 3987 2828 valde

2386 2862 2457 2918 sit
2483 2860 2761 2936 frequens,
2790 2867 2847 2918 et
2874 2861 2927 2917 in
2954 2861 3142 2918 maiori
3183 2865 3336 2933 parte
3376 2858 3583 2932 populi,
3612 2866 3671 2917 et
3708 2860 3985 2933 legislator

2384 2952 2567 3008 sciens
2596 2949 2922 3021 dissimulet,
2939 2954 2995 3006 et
3014 2965 3119 3006 non
3145 2955 3309 3023 cogat
3336 2949 3405 3006 ad
3437 2950 3874 3007 observationem
3901 2948 3980 3008 le-

2384 3041 2500 3112 gis,
2533 3038 2619 3098 lex
2646 3038 2801 3096 facile
2828 3037 3042 3096 desinat
3079 3037 3347 3112 obligare3
3378 3053 3485 3094 non
3524 3037 3653 3110 quia
3692 3044 3987 3111 acceptata

2383 3142 2491 3186 ιιοιι
2522 3128 2657 3201 suit,
2676 3125 2772 3185 sed
2800 3127 2929 3200 quia
2955 3142 3023 3184 ex
3050 3128 3219 3184 tacito
3248 3141 3523 3184 consensu
3544 3126 3803 3199 principis
3825 3142 3985 3200 revo-

2383 3223 2508 3274 cata
2535 3216 2656 3289 suit,
2686 3217 2741 3272 in
2771 3231 2881 3290 quo
2902 3216 3010 3272 sere
3032 3229 3223 3273 omnes
3242 3215 3500 3273 doctores
3522 3216 3891 3287 consentiunt,
3917 3223 3985 3273 nt

2384 3305 2565 3364 videre
2593 3305 2760 3364 licet
2746 3323 2799 3362 ιιι
2825 3305 3007 3364 Felino
3038 3321 3237 3378 supra,
3266 3312 3325 3362 et
3352 3304 3517 3362 latius
3554 3304 3756 3362 dicturi
3786 3320 3980 3362 sumus

2381 3395 2525 3452 intra
2553 3395 2645 3453 lib.
2672 3397 2787 3467 vlt,
2819 3393 3110 3452 tractando
3147 3393 3215 3450 de
3242 3373 3666 3460 consuetudine,
3698 3393 3791 3450 uhi
3818 3393 3981 3450 etiam

2382 3484 2655 3555 dicemus,
2688 3482 2839 3558 quod
2871 3489 3087 3554 tempus
3114 3481 3352 3539 sufficiat
3378 3481 3445 3539 ad
3474 3483 3876 3540 revocationem
3906 3480 3981 3538 le-

2381 3574 2487 3646 gis,
2518 3579 2573 3630 et
2599 3588 2741 3647 quae
2770 3573 2997 3630 scientia
3024 3577 3142 3628 tum
3171 3573 3224 3628 in
3254 3572 3497 3645 principe
3517 3611 3533 3644 ,
3564 3577 3685 3630 tum
3712 3571 3767 3628 in
3796 3571 3979 3629 subdi·

2383 3662 2449 3720 tis
2477 3678 2586 3719 non
2616 3661 2960 3718 servantibus
2988 3647 3133 3718 illam
3161 3661 3497 3735 requiratur.

2463 3755 2515 3812 7.
2547 3753 2691 3810 Haec
2732 3757 2915 3809 autem
2955 3749 3149 3824 regula
3187 3750 3453 3824 generalis
3494 3751 3605 3822 pati
3633 3755 3816 3822 potest
3842 3765 3976 3807 non-

2384 3841 2563 3898 nullas
2603 3841 2967 3913 exceptiones.
2997 3840 3117 3898 Una
3150 3846 3265 3911 est,
3312 3839 3357 3896 si
3395 3839 3481 3897 lex
3518 3839 3585 3897 sit
3615 3833 3851 3912 iniusta,
3878 3838 3976 3897 sed

2384 3932 2524 3989 haec
2555 3945 2615 3987 re
2644 3946 2773 3988 vera
2799 3945 2907 3987 non
2937 3935 3025 3987 est
3048 3929 3329 4002 exceptio,
3361 3944 3485 3985 nam
3517 3928 3602 3986 lex
3628 3928 3835 3985 iniusta
3862 3943 3973 3984 non

2380 4027 2487 4078 est·
2494 4020 2613 4078 lex.
2657 4021 2982 4076 Praesertim
3024 4019 3245 4092 quando
3294 4033 3361 4074 ex
3399 4024 3552 4089 parte
3594 4017 3854 4076 materiae
3892 4023 3983 4076 est

2381 4111 2607 4180 iniusta,
2637 4109 2768 4182 quia
2796 4123 2911 4165 rem
2939 4108 3181 4181 iniquam
3210 4107 3501 4180 praecipit3
3533 4113 3669 4164 tunc
3690 4108 3839 4164 enim
3863 4122 3979 4164 non

2383 4198 2562 4256 solum
2585 4196 2653 4255 ad
2676 4196 3077 4269 acceptandum
3100 4212 3208 4254 non
3229 4195 3454 4270 obligat,
3482 4188 3675 4254 verum
3694 4196 3860 4253 etiam
3882 4212 3981 4252 ne-

2382 4304 2492 4362 que
2530 4289 2575 4344 si
2616 4290 2691 4344 sit
2724 4292 3036 4359 acceptata.
3066 4287 3205 4355 Quia
3230 4302 3339 4344 non
3368 4287 3549 4344 solum
3577 4301 3685 4345 non
3715 4291 3977 4344 tenentur

2382 4377 2579 4446 subditi
2614 4383 2905 4448 acceptare
2941 4376 3086 4434 illam
3108 4417 3123 4448 ,
3162 4390 3355 4433 verum
3390 4377 3551 4432 etiam
3579 4391 3691 4432 non
3718 4383 3976 4448 possunt,

2381 4465 2599 4540 quando
2636 4472 2723 4523 est
2759 4467 2908 4523 clare
2932 4473 2990 4522 et
3018 4465 3299 4524 manifeste
3328 4465 3395 4522 de
3423 4481 3484 4524 re
3512 4465 3714 4539 iniqua.
3747 4466 3977 4534 Quando

2380 4573 2511 4613 vero
2538 4561 2751 4613 tantum
2789 4561 2875 4613 est
2912 4556 3113 4612 iniusta
3141 4561 3399 4628 respectu
3429 4553 3777 4613 subditorum
3798 4596 3815 4628 ,
3846 4558 3982 4629 quia

2381 4646 2483 4703 illis
2522 4645 2687 4702 insert
2722 4661 3016 4718 gravamen
3056 4645 3349 4717 iniustum,
3390 4644 3554 4702 etiam
3584 4645 3627 4700 si
3656 4645 3723 4701 ab
3748 4645 3827 4702 eis
3858 4647 3981 4702 sine

2380 4742 2608 4808 peccato
2646 4735 2852 4791 servari
2888 4734 3087 4807 possit,
3131 4741 3264 4791 tunc
3302 4735 3465 4793 etiam
3502 4749 3613 4791 non
3642 4733 3903 4809 obligat,
3914 4741 3980 4792 ιιι

2382 4828 2742 4896 acceptetur,
2742 4819 2901 4880 ιιιιιι
2944 4825 3075 4897 quia
3102 4822 3318 4880 excedit
3344 4829 3671 4896 potestatem
3699 4810 3985 4897 legislato-

2380 4915 2479 4983 ris,
2509 4919 2629 4972 tum
2658 4913 2789 4986 quia
2814 4928 2975 4970 nemo
3001 4913 3211 4986 patiens
3239 4913 3495 4971 iniuriam
3522 4928 3622 4986 per
3648 4911 3847 4986 legem,
3878 4931 3977 4988 po·

2380 5006 2489 5060 test
2508 5017 2605 5074 per
2628 5000 2769 5058 illam
2792 5001 3037 5077 obligari.
3062 5003 3175 5059 ltno
3196 5002 3409 5060 etiamsi
3432 5001 3635 5061 subditi
3656 5011 3973 5078 acceptent,

2381 5107 2485 5150 non
2528 5090 2913 5164 obligabuntur
2951 5091 3101 5164 lege,
3146 5096 3211 5149 ut
3248 5092 3333 5150 lex
3358 5096 3473 5162 est3
3505 5107 3573 5150 an
3603 5107 3735 5149 vero
3765 5097 3983 5167 possint

2381 5179 2611 5255 obligari
2636 5180 2719 5238 vel
2745 5196 2846 5254 per
2874 5179 3097 5240 modum
3122 5182 3269 5254 pacti
3286 5223 3303 5255 ,
3332 5187 3433 5240 aut
3460 5182 3855 5257 promissionis,
3885 5185 3975 5245 vel
