<?xml version="1.0" encoding="UTF-8"?>
<!DOCTYPE html PUBLIC "-//W3C//DTD XHTML 1.0 Transitional//EN"
    "http://www.w3.org/TR/xhtml1/DTD/xhtml1-transitional.dtd">
<html xmlns="http://www.w3.org/1999/xhtml" xml:lang="en" lang="en">
 <head>
  <title>
</title>
<meta http-equiv="Content-Type" content="text/html;charset=utf-8" />
  <meta name='ocr-system' content='tesseract 3.04.00' />
  <meta name='ocr-capabilities' content='ocr_page ocr_carea ocr_par ocr_line ocrx_word'/>
</head>
<body>
  <div class='ocr_page' id='page_1' title='image "./tractatusdelegi01sugoog/tractatusdelegi01sugoog_0372.png"; bbox 0 0 4325 6267; ppageno 0'>
   <div class='ocr_carea' id='block_1_1' title="bbox 898 318 1027 388">
    <p class='ocr_par' dir='ltr' id='par_1_1' title="bbox 898 318 1027 388">
     <span class='ocr_line' id='line_1_1' title="bbox 898 318 1027 388; baseline 0.031 -4"><span class='ocrx_word' id='word_1_1' title='bbox 898 318 1027 388; x_wconf 79' lang='lat'>360</span> 
     </span>
    </p>
   </div>
   <div class='ocr_carea' id='block_1_2' title="bbox 783 454 2414 1798">
    <p class='ocr_par' dir='ltr' id='par_1_2' title="bbox 783 454 2414 1798">
     <span class='ocr_line' id='line_1_2' title="bbox 818 454 2414 538; baseline -0.003 -17"><span class='ocrx_word' id='word_1_2' title='bbox 818 460 1016 522; x_wconf 89' lang='lat' dir='ltr'>blicata</span> <span class='ocrx_word' id='word_1_3' title='bbox 1047 464 1227 521; x_wconf 88' lang='lat' dir='ltr'>statim</span> <span class='ocrx_word' id='word_1_4' title='bbox 1254 460 1463 538; x_wconf 90' lang='lat' dir='ltr'>obligat</span> <span class='ocrx_word' id='word_1_5' title='bbox 1488 462 1715 537; x_wconf 87' lang='lat' dir='ltr'>Romae,</span> <span class='ocrx_word' id='word_1_6' title='bbox 1739 454 1845 522; x_wconf 81' lang='lat' dir='ltr'>iam</span> <span class='ocrx_word' id='word_1_7' title='bbox 1871 460 2055 537; x_wconf 85' lang='lat' dir='ltr'>quoad</span> <span class='ocrx_word' id='word_1_8' title='bbox 2073 458 2182 519; x_wconf 88' lang='lat' dir='ltr'>hoc</span> <span class='ocrx_word' id='word_1_9' title='bbox 2209 456 2414 517; x_wconf 86' lang='lat' dir='ltr'>discre-</span> 
     </span>
     <span class='ocr_line' id='line_1_3' title="bbox 817 546 2411 629; baseline -0.004 -19"><span class='ocrx_word' id='word_1_10' title='bbox 817 559 916 627; x_wconf 89' lang='lat' dir='ltr'>pat</span> <span class='ocrx_word' id='word_1_11' title='bbox 938 552 1381 611; x_wconf 78' lang='lat' dir='ltr'>ab&#39;Authcntica.</span> <span class='ocrx_word' id='word_1_12' title='bbox 1406 553 1557 612; x_wconf 89' lang='lat' dir='ltr'>Unde</span> <span class='ocrx_word' id='word_1_13' title='bbox 1584 569 1717 629; x_wconf 88' lang='lat' dir='ltr'>ergo</span> <span class='ocrx_word' id='word_1_14' title='bbox 1745 561 2003 611; x_wconf 80' lang='lat' dir='ltr'><strong>constare</strong></span> <span class='ocrx_word' id='word_1_15' title='bbox 2032 557 2234 625; x_wconf 88' lang='lat' dir='ltr'>potest,</span> <span class='ocrx_word' id='word_1_16' title='bbox 2262 546 2411 623; x_wconf 90' lang='lat' dir='ltr'>quod</span> 
     </span>
     <span class='ocr_line' id='line_1_4' title="bbox 816 636 2413 717; baseline -0.003 -17"><span class='ocrx_word' id='word_1_17' title='bbox 816 644 961 717; x_wconf 91' lang='lat' dir='ltr'>Papa</span> <span class='ocrx_word' id='word_1_18' title='bbox 986 649 1241 716; x_wconf 78' lang='lat' dir='ltr'>acceptet</span> <span class='ocrx_word' id='word_1_19' title='bbox 1264 642 1409 700; x_wconf 88' lang='lat' dir='ltr'>illam</span> <span class='ocrx_word' id='word_1_20' title='bbox 1438 658 1539 717; x_wconf 89' lang='lat' dir='ltr'>pro</span> <span class='ocrx_word' id='word_1_21' title='bbox 1565 642 1818 701; x_wconf 89' lang='lat' dir='ltr'>omnibus</span> <span class='ocrx_word' id='word_1_22' title='bbox 1848 643 1984 699; x_wconf 89' lang='lat' dir='ltr'>locis</span> <span class='ocrx_word' id='word_1_23' title='bbox 2010 649 2166 699; x_wconf 88' lang='lat' dir='ltr'>extra</span> <span class='ocrx_word' id='word_1_24' title='bbox 2195 636 2413 697; x_wconf 83' lang='lat' dir='ltr'>urbem?</span> 
     </span>
     <span class='ocr_line' id='line_1_5' title="bbox 816 728 2408 805; baseline -0.004 -16"><span class='ocrx_word' id='word_1_25' title='bbox 816 732 949 790; x_wconf 83' lang='lat' dir='ltr'>item</span> <span class='ocrx_word' id='word_1_26' title='bbox 976 748 1083 790; x_wconf 86' lang='lat' dir='ltr'>cur</span> <span class='ocrx_word' id='word_1_27' title='bbox 1107 747 1218 790; x_wconf 87' lang='lat' dir='ltr'>non</span> <span class='ocrx_word' id='word_1_28' title='bbox 1244 733 1554 790; x_wconf 84' lang='lat' dir='ltr'>servabitur</span> <span class='ocrx_word' id='word_1_29' title='bbox 1584 735 1869 805; x_wconf 71' lang='lat' dir='ltr'>proportio</span> <span class='ocrx_word' id='word_1_30' title='bbox 1886 730 1953 789; x_wconf 88' lang='lat' dir='ltr'>ad</span> <span class='ocrx_word' id='word_1_31' title='bbox 1985 731 2107 789; x_wconf 91' lang='lat' dir='ltr'>loca</span> <span class='ocrx_word' id='word_1_32' title='bbox 2132 728 2408 799; x_wconf 77' lang='lat' dir='ltr'><strong>distantia,</strong></span> 
     </span>
     <span class='ocr_line' id='line_1_6' title="bbox 816 816 2412 898; baseline -0.004 -18"><span class='ocrx_word' id='word_1_33' title='bbox 816 828 881 880; x_wconf 93' lang='lat' dir='ltr'>ut</span> <span class='ocrx_word' id='word_1_34' title='bbox 906 838 1019 896; x_wconf 92' lang='lat' dir='ltr'>quo</span> <span class='ocrx_word' id='word_1_35' title='bbox 1047 828 1178 880; x_wconf 90' lang='lat' dir='ltr'>sunt</span> <span class='ocrx_word' id='word_1_36' title='bbox 1202 822 1489 898; x_wconf 79' lang='lat' dir='ltr'>viciniora,</span> <span class='ocrx_word' id='word_1_37' title='bbox 1519 838 1584 880; x_wconf 89' lang='lat' dir='ltr'>eo</span> <span class='ocrx_word' id='word_1_38' title='bbox 1612 823 1753 880; x_wconf 87' lang='lat' dir='ltr'>intra</span> <span class='ocrx_word' id='word_1_39' title='bbox 1783 821 2005 880; x_wconf 85' lang='lat' dir='ltr'>brevius</span> <span class='ocrx_word' id='word_1_40' title='bbox 2033 828 2250 892; x_wconf 88' lang='lat' dir='ltr'>tempus</span> <span class='ocrx_word' id='word_1_41' title='bbox 2277 816 2412 875; x_wconf 91' lang='lat' dir='ltr'>obli·</span> 
     </span>
     <span class='ocr_line' id='line_1_7' title="bbox 813 907 2412 987; baseline -0.005 -16"><span class='ocrx_word' id='word_1_42' title='bbox 813 919 1032 987; x_wconf 88' lang='lat' dir='ltr'>gentur,</span> <span class='ocrx_word' id='word_1_43' title='bbox 1076 913 1121 970; x_wconf 90' lang='lat' dir='ltr'>si</span> <span class='ocrx_word' id='word_1_44' title='bbox 1161 912 1304 973; x_wconf 85' lang='lat' dir='ltr'>Urbs</span> <span class='ocrx_word' id='word_1_45' title='bbox 1330 913 1447 985; x_wconf 84' lang='lat' dir='ltr'>ipsa</span> <span class='ocrx_word' id='word_1_46' title='bbox 1488 913 1670 971; x_wconf 87' lang='lat' dir='ltr'>statim</span> <span class='ocrx_word' id='word_1_47' title='bbox 1711 909 2021 986; x_wconf 80' lang='lat' dir='ltr'>obligatur?</span> <span class='ocrx_word' id='word_1_48' title='bbox 2060 908 2212 969; x_wconf 86' lang='lat' dir='ltr'>Unde</span> <span class='ocrx_word' id='word_1_49' title='bbox 2251 907 2412 965; x_wconf 88' lang='lat' dir='ltr'>etiam</span> 
     </span>
     <span class='ocr_line' id='line_1_8' title="bbox 814 997 2413 1077; baseline -0.002 -19"><span class='ocrx_word' id='word_1_50' title='bbox 814 1003 1051 1061; x_wconf 76' lang='lat' dir='ltr'><strong>sumitur</strong></span> <span class='ocrx_word' id='word_1_51' title='bbox 1076 1006 1282 1077; x_wconf 86' lang='lat' dir='ltr'>optima</span> <span class='ocrx_word' id='word_1_52' title='bbox 1317 1004 1670 1076; x_wconf 71' lang='lat' dir='ltr'>coniectura,</span> <span class='ocrx_word' id='word_1_53' title='bbox 1701 1018 1827 1061; x_wconf 89' lang='lat' dir='ltr'>nam</span> <span class='ocrx_word' id='word_1_54' title='bbox 1856 1008 2075 1074; x_wconf 88' lang='lat' dir='ltr'>tempus</span> <span class='ocrx_word' id='word_1_55' title='bbox 2101 998 2237 1057; x_wconf 90' lang='lat' dir='ltr'>illud</span> <span class='ocrx_word' id='word_1_56' title='bbox 2274 997 2413 1055; x_wconf 91' lang='lat' dir='ltr'>duo-</span> 
     </span>
     <span class='ocr_line' id='line_1_9' title="bbox 812 1088 2409 1168; baseline -0.004 -17"><span class='ocrx_word' id='word_1_57' title='bbox 812 1108 936 1151; x_wconf 87' lang='lat' dir='ltr'>rum</span> <span class='ocrx_word' id='word_1_58' title='bbox 977 1096 1245 1153; x_wconf 88' lang='lat' dir='ltr'>mensium</span> <span class='ocrx_word' id='word_1_59' title='bbox 1272 1101 1390 1152; x_wconf 88' lang='lat' dir='ltr'>erat</span> <span class='ocrx_word' id='word_1_60' title='bbox 1425 1101 1615 1168; x_wconf 87' lang='lat' dir='ltr'>aptum</span> <span class='ocrx_word' id='word_1_61' title='bbox 1642 1109 1743 1167; x_wconf 91' lang='lat' dir='ltr'>pro</span> <span class='ocrx_word' id='word_1_62' title='bbox 1782 1092 1993 1167; x_wconf 90' lang='lat' dir='ltr'>legibus</span> <span class='ocrx_word' id='word_1_63' title='bbox 2022 1088 2272 1149; x_wconf 87' lang='lat' dir='ltr'>civilibus</span> <span class='ocrx_word' id='word_1_64' title='bbox 2309 1104 2409 1160; x_wconf 88' lang='lat' dir='ltr'>pu-</span> 
     </span>
     <span class='ocr_line' id='line_1_10' title="bbox 816 1182 2408 1259; baseline -0.005 -16"><span class='ocrx_word' id='word_1_65' title='bbox 816 1182 1081 1243; x_wconf 89' lang='lat' dir='ltr'>blicandis</span> <span class='ocrx_word' id='word_1_66' title='bbox 1107 1186 1161 1242; x_wconf 91' lang='lat' dir='ltr'>in</span> <span class='ocrx_word' id='word_1_67' title='bbox 1188 1183 1415 1259; x_wconf 89' lang='lat' dir='ltr'>singulis</span> <span class='ocrx_word' id='word_1_68' title='bbox 1442 1184 1761 1256; x_wconf 82' lang='lat' dir='ltr'>provinciis,</span> <span class='ocrx_word' id='word_1_69' title='bbox 1791 1182 1921 1255; x_wconf 89' lang='lat' dir='ltr'>quia</span> <span class='ocrx_word' id='word_1_70' title='bbox 1949 1194 2049 1255; x_wconf 88' lang='lat' dir='ltr'>pro</span> <span class='ocrx_word' id='word_1_71' title='bbox 2078 1192 2408 1253; x_wconf 86' lang='lat' dir='ltr'>unaquaque</span> 
     </span>
     <span class='ocr_line' id='line_1_11' title="bbox 810 1267 2414 1348; baseline -0.004 -17"><span class='ocrx_word' id='word_1_72' title='bbox 810 1270 931 1331; x_wconf 85' lang='lat' dir='ltr'>erat</span> <span class='ocrx_word' id='word_1_73' title='bbox 966 1272 1268 1332; x_wconf 84' lang='lat' dir='ltr'>sufficiens.</span> <span class='ocrx_word' id='word_1_74' title='bbox 1300 1274 1372 1331; x_wconf 75' lang='lat' dir='ltr'>At</span> <span class='ocrx_word' id='word_1_75' title='bbox 1406 1288 1508 1345; x_wconf 90' lang='lat' dir='ltr'>pro</span> <span class='ocrx_word' id='word_1_76' title='bbox 1534 1272 1745 1348; x_wconf 88' lang='lat' dir='ltr'>legibus</span> <span class='ocrx_word' id='word_1_77' title='bbox 1770 1270 2055 1345; x_wconf 79' lang='lat' dir='ltr'>pontificiis</span> <span class='ocrx_word' id='word_1_78' title='bbox 2094 1267 2261 1327; x_wconf 89' lang='lat' dir='ltr'>semel</span> <span class='ocrx_word' id='word_1_79' title='bbox 2291 1275 2414 1325; x_wconf 86' lang='lat' dir='ltr'>tan-</span> 
     </span>
     <span class='ocr_line' id='line_1_12' title="bbox 813 1358 2413 1437; baseline -0.005 -15"><span class='ocrx_word' id='word_1_80' title='bbox 813 1371 933 1422; x_wconf 89' lang='lat' dir='ltr'>tum</span> <span class='ocrx_word' id='word_1_81' title='bbox 964 1362 1373 1437; x_wconf 77' lang='lat' dir='ltr'>promulgandis</span> <span class='ocrx_word' id='word_1_82' title='bbox 1402 1364 1606 1422; x_wconf 87' lang='lat' dir='ltr'>Romae</span> <span class='ocrx_word' id='word_1_83' title='bbox 1634 1362 1853 1421; x_wconf 88' lang='lat' dir='ltr'>minime</span> <span class='ocrx_word' id='word_1_84' title='bbox 1879 1368 1997 1419; x_wconf 89' lang='lat' dir='ltr'>erat</span> <span class='ocrx_word' id='word_1_85' title='bbox 2032 1358 2413 1433; x_wconf 88' lang='lat' dir='ltr'>proportiona-</span> 
     </span>
     <span class='ocr_line' id='line_1_13' title="bbox 812 1448 2411 1528; baseline -0.003 -17"><span class='ocrx_word' id='word_1_86' title='bbox 812 1460 957 1525; x_wconf 90' lang='lat' dir='ltr'>tum,</span> <span class='ocrx_word' id='word_1_87' title='bbox 985 1456 1112 1527; x_wconf 85' lang='lat' dir='ltr'>quia</span> <span class='ocrx_word' id='word_1_88' title='bbox 1153 1453 1299 1527; x_wconf 90' lang='lat' dir='ltr'>leges</span> <span class='ocrx_word' id='word_1_89' title='bbox 1328 1452 1451 1510; x_wconf 89' lang='lat' dir='ltr'>illae</span> <span class='ocrx_word' id='word_1_90' title='bbox 1492 1454 1831 1528; x_wconf 88' lang='lat' dir='ltr'>obligaturae</span> <span class='ocrx_word' id='word_1_91' title='bbox 1858 1457 1990 1509; x_wconf 88' lang='lat' dir='ltr'>sunt</span> <span class='ocrx_word' id='word_1_92' title='bbox 2017 1456 2188 1509; x_wconf 89' lang='lat' dir='ltr'>totam</span> <span class='ocrx_word' id='word_1_93' title='bbox 2215 1448 2411 1508; x_wconf 87' lang='lat' dir='ltr'>Eccle-</span> 
     </span>
     <span class='ocr_line' id='line_1_14' title="bbox 810 1541 2402 1625; baseline -0.003 -25"><span class='ocrx_word' id='word_1_94' title='bbox 810 1544 964 1616; x_wconf 84' lang='lat' dir='ltr'>siam,</span> <span class='ocrx_word' id='word_1_95' title='bbox 993 1558 1135 1617; x_wconf 86' lang='lat' dir='ltr'>quae</span> <span class='ocrx_word' id='word_1_96' title='bbox 1164 1549 1339 1603; x_wconf 88' lang='lat' dir='ltr'>totum</span> <span class='ocrx_word' id='word_1_97' title='bbox 1368 1545 1685 1602; x_wconf 85' lang='lat' dir='ltr'>universum</span> <span class='ocrx_word' id='word_1_98' title='bbox 1712 1541 1781 1599; x_wconf 91' lang='lat' dir='ltr'>de</span> <span class='ocrx_word' id='word_1_99' title='bbox 1808 1557 1867 1599; x_wconf 88' lang='lat' dir='ltr'>se</span> <span class='ocrx_word' id='word_1_100' title='bbox 1894 1547 2165 1625; x_wconf 70' lang='lat' dir='ltr'>occupat,</span> <span class='ocrx_word' id='word_1_101' title='bbox 2199 1541 2402 1614; x_wconf 88' lang='lat' dir='ltr'>impos-</span> 
     </span>
     <span class='ocr_line' id='line_1_15' title="bbox 807 1630 2399 1708; baseline -0.003 -17"><span class='ocrx_word' id='word_1_102' title='bbox 807 1633 961 1692; x_wconf 83' lang='lat' dir='ltr'>sibile</span> <span class='ocrx_word' id='word_1_103' title='bbox 986 1640 1171 1693; x_wconf 90' lang='lat' dir='ltr'>autem</span> <span class='ocrx_word' id='word_1_104' title='bbox 1196 1639 1281 1693; x_wconf 90' lang='lat' dir='ltr'>est</span> <span class='ocrx_word' id='word_1_105' title='bbox 1304 1634 1547 1708; x_wconf 87' lang='lat' dir='ltr'>evulgari</span> <span class='ocrx_word' id='word_1_106' title='bbox 1571 1648 1668 1707; x_wconf 91' lang='lat' dir='ltr'>per</span> <span class='ocrx_word' id='word_1_107' title='bbox 1694 1632 2012 1691; x_wconf 81' lang='lat' dir='ltr'>universum</span> <span class='ocrx_word' id='word_1_108' title='bbox 2038 1630 2228 1688; x_wconf 89' lang='lat' dir='ltr'>orbem</span> <span class='ocrx_word' id='word_1_109' title='bbox 2255 1630 2399 1687; x_wconf 88' lang='lat' dir='ltr'>intra</span> 
     </span>
     <span class='ocr_line' id='line_1_16' title="bbox 783 1720 2402 1798; baseline -0.004 -15"><span class='ocrx_word' id='word_1_110' title='bbox 783 1722 973 1797; x_wconf 75' lang='lat' dir='ltr'>duos,</span> <span class='ocrx_word' id='word_1_111' title='bbox 996 1726 1103 1783; x_wconf 90' lang='lat' dir='ltr'>imo</span> <span class='ocrx_word' id='word_1_112' title='bbox 1126 1740 1231 1783; x_wconf 89' lang='lat' dir='ltr'>nec</span> <span class='ocrx_word' id='word_1_113' title='bbox 1261 1740 1359 1798; x_wconf 87' lang='lat' dir='ltr'>per</span> <span class='ocrx_word' id='word_1_114' title='bbox 1380 1732 1553 1783; x_wconf 85' lang='lat' dir='ltr'>totam</span> <span class='ocrx_word' id='word_1_115' title='bbox 1572 1724 1853 1797; x_wconf 86' lang='lat' dir='ltr'>Europam</span> <span class='ocrx_word' id='word_1_116' title='bbox 1881 1721 2156 1781; x_wconf 90' lang='lat' dir='ltr'>moraliter</span> <span class='ocrx_word' id='word_1_117' title='bbox 2176 1720 2402 1794; x_wconf 89' lang='lat' dir='ltr'>loquen-</span> 
     </span>
    </p>
   </div>
   <div class='ocr_carea' id='block_1_3' title="bbox 807 1814 2440 1896">
    <p class='ocr_par' dir='ltr' id='par_1_3' title="bbox 807 1814 2440 1896">
     <span class='ocr_line' id='line_1_17' title="bbox 807 1814 2440 1896; baseline -0.004 -22"><span class='ocrx_word' id='word_1_118' title='bbox 807 1814 902 1889; x_wconf 88' lang='lat' dir='ltr'>do;</span> <span class='ocrx_word' id='word_1_119' title='bbox 925 1831 1058 1889; x_wconf 90' lang='lat' dir='ltr'>ergo</span> <span class='ocrx_word' id='word_1_120' title='bbox 1085 1831 1192 1874; x_wconf 90' lang='lat' dir='ltr'>non</span> <span class='ocrx_word' id='word_1_121' title='bbox 1219 1816 1467 1889; x_wconf 89' lang='lat' dir='ltr'>oportuit</span> <span class='ocrx_word' id='word_1_122' title='bbox 1491 1815 1598 1873; x_wconf 87' lang='lat' dir='ltr'>tale</span> <span class='ocrx_word' id='word_1_123' title='bbox 1624 1820 1841 1888; x_wconf 87' lang='lat' dir='ltr'>tempus</span> <span class='ocrx_word' id='word_1_124' title='bbox 1867 1819 2158 1886; x_wconf 79' lang='lat' dir='ltr'>acceptare</span> <span class='ocrx_word' id='word_1_125' title='bbox 2185 1826 2285 1885; x_wconf 91' lang='lat' dir='ltr'>pro</span> <span class='ocrx_word' id='word_1_126' title='bbox 2311 1826 2399 1869; x_wconf 89' lang='lat' dir='ltr'>re·</span> <span class='ocrx_word' id='word_1_127' title='bbox 2432 1887 2440 1896; x_wconf 91' lang='lat'>.</span> 
     </span>
    </p>
   </div>
   <div class='ocr_carea' id='block_1_4' title="bbox 803 1904 2412 4964">
    <p class='ocr_par' dir='ltr' id='par_1_4' title="bbox 809 1904 2210 1980">
     <span class='ocr_line' id='line_1_18' title="bbox 809 1904 2210 1980; baseline -0.001 -17"><span class='ocrx_word' id='word_1_128' title='bbox 809 1904 959 1980; x_wconf 88' lang='lat' dir='ltr'>liqua</span> <span class='ocrx_word' id='word_1_129' title='bbox 985 1906 1253 1979; x_wconf 77' lang='lat' dir='ltr'>Ecclesia,</span> <span class='ocrx_word' id='word_1_130' title='bbox 1282 1908 1327 1963; x_wconf 87' lang='lat' dir='ltr'>si</span> <span class='ocrx_word' id='word_1_131' title='bbox 1354 1921 1453 1980; x_wconf 86' lang='lat' dir='ltr'>pro</span> <span class='ocrx_word' id='word_1_132' title='bbox 1481 1906 1619 1964; x_wconf 89' lang='lat' dir='ltr'>urbe</span> <span class='ocrx_word' id='word_1_133' title='bbox 1648 1911 1935 1979; x_wconf 88' lang='lat' dir='ltr'>receptum</span> <span class='ocrx_word' id='word_1_134' title='bbox 1964 1920 2073 1961; x_wconf 89' lang='lat' dir='ltr'>non</span> <span class='ocrx_word' id='word_1_135' title='bbox 2099 1908 2210 1962; x_wconf 89' lang='lat' dir='ltr'>est.</span> 
     </span>
    </p>

    <p class='ocr_par' dir='ltr' id='par_1_5' title="bbox 806 1994 2412 3511">
     <span class='ocr_line' id='line_1_19' title="bbox 884 1994 2402 2070; baseline -0.003 -16"><span class='ocrx_word' id='word_1_136' title='bbox 884 1996 1125 2070; x_wconf 89' lang='lat' dir='ltr'>Denique</span> <span class='ocrx_word' id='word_1_137' title='bbox 1155 1994 1260 2053; x_wconf 89' lang='lat' dir='ltr'>hoc</span> <span class='ocrx_word' id='word_1_138' title='bbox 1288 1994 1504 2054; x_wconf 82' lang='lat' dir='ltr'>videtur</span> <span class='ocrx_word' id='word_1_139' title='bbox 1538 1996 1773 2070; x_wconf 88' lang='lat' dir='ltr'>supponi</span> <span class='ocrx_word' id='word_1_140' title='bbox 1810 1995 1863 2054; x_wconf 91' lang='lat' dir='ltr'>in</span> <span class='ocrx_word' id='word_1_141' title='bbox 1889 1994 2069 2067; x_wconf 89' lang='lat' dir='ltr'>capite</span> <span class='ocrx_word' id='word_1_142' title='bbox 2100 1994 2258 2052; x_wconf 76' lang='lat' dir='ltr'>Cum</span> <span class='ocrx_word' id='word_1_143' title='bbox 2283 1994 2402 2049; x_wconf 75' lang='lat' dir='ltr'>sin-</span> 
     </span>
     <span class='ocr_line' id='line_1_20' title="bbox 807 2085 2405 2161; baseline -0.002 -17"><span class='ocrx_word' id='word_1_144' title='bbox 807 2085 975 2161; x_wconf 75' lang='lat' dir='ltr'>pula.</span> <span class='ocrx_word' id='word_1_145' title='bbox 1000 2085 1069 2145; x_wconf 91' lang='lat' dir='ltr'>de</span> <span class='ocrx_word' id='word_1_146' title='bbox 1092 2085 1436 2161; x_wconf 83' lang='lat' dir='ltr'>praebendis,</span> <span class='ocrx_word' id='word_1_147' title='bbox 1462 2086 1515 2143; x_wconf 90' lang='lat' dir='ltr'>in</span> <span class='ocrx_word' id='word_1_148' title='bbox 1539 2092 1594 2155; x_wconf 80' lang='lat'>6,</span> <span class='ocrx_word' id='word_1_149' title='bbox 1619 2093 1896 2161; x_wconf 88' lang='lat' dir='ltr'>quatenus</span> <span class='ocrx_word' id='word_1_150' title='bbox 1923 2087 2020 2143; x_wconf 79' lang='lat' dir='ltr'>ait:</span> <span class='ocrx_word' id='word_1_151' title='bbox 2048 2087 2226 2143; x_wconf 75' lang='lat' dir='ltr'>Intra</span> <span class='ocrx_word' id='word_1_152' title='bbox 2243 2098 2405 2141; x_wconf 79' lang='lat' dir='ltr'>men-</span> 
     </span>
     <span class='ocr_line' id='line_1_21' title="bbox 809 2172 2408 2252; baseline -0.003 -18"><span class='ocrx_word' id='word_1_153' title='bbox 809 2192 951 2245; x_wconf 85' lang='lat' dir='ltr'>sem,</span> <span class='ocrx_word' id='word_1_154' title='bbox 968 2181 1292 2251; x_wconf 74' lang='lat' dir='ltr'>postquam</span> <span class='ocrx_word' id='word_1_155' title='bbox 1310 2176 1463 2235; x_wconf 76' lang='lat' dir='ltr'>haec</span> <span class='ocrx_word' id='word_1_156' title='bbox 1482 2178 1828 2235; x_wconf 76' lang='lat' dir='ltr'>constitutio</span> <span class='ocrx_word' id='word_1_157' title='bbox 1845 2178 2186 2252; x_wconf 75' lang='lat' dir='ltr'>pervenerit</span> <span class='ocrx_word' id='word_1_158' title='bbox 2205 2172 2291 2231; x_wconf 84' lang='lat' dir='ltr'>ad</span> <span class='ocrx_word' id='word_1_159' title='bbox 2303 2189 2408 2231; x_wconf 81' lang='lat' dir='ltr'>eos</span> 
     </span>
     <span class='ocr_line' id='line_1_22' title="bbox 814 2262 2412 2339; baseline -0.001 -16"><span class='ocrx_word' id='word_1_160' title='bbox 814 2262 980 2335; x_wconf 81' lang='lat' dir='ltr'>dem,</span> <span class='ocrx_word' id='word_1_161' title='bbox 1021 2283 1209 2325; x_wconf 74' lang='lat' dir='ltr'>unum</span> <span class='ocrx_word' id='word_1_162' title='bbox 1223 2311 1240 2336; x_wconf 94' lang='lat'>,</span> <span class='ocrx_word' id='word_1_163' title='bbox 1367 2264 1580 2339; x_wconf 75' lang='lat' dir='ltr'>eliqere</span> <span class='ocrx_word' id='word_1_164' title='bbox 1632 2269 1975 2334; x_wconf 74' lang='lat' dir='ltr'>teneantur,</span> <span class='ocrx_word' id='word_1_165' title='bbox 2022 2262 2292 2338; x_wconf 75' lang='lat' dir='ltr'>alioquin</span> <span class='ocrx_word' id='word_1_166' title='bbox 2335 2278 2412 2321; x_wconf 76' lang='lat' dir='ltr'>ea:</span> 
     </span>
     <span class='ocr_line' id='line_1_23' title="bbox 814 2352 2409 2433; baseline -0.003 -20"><span class='ocrx_word' id='word_1_167' title='bbox 814 2360 960 2413; x_wconf 74' lang='lat' dir='ltr'>tunc</span> <span class='ocrx_word' id='word_1_168' title='bbox 992 2358 1199 2433; x_wconf 77' lang='lat' dir='ltr'>poenis</span> <span class='ocrx_word' id='word_1_169' title='bbox 1237 2354 1589 2414; x_wconf 76' lang='lat' dir='ltr'>subiaceant</span> <span class='ocrx_word' id='word_1_170' title='bbox 1625 2370 1815 2431; x_wconf 77' lang='lat' dir='ltr'>supra</span> <span class='ocrx_word' id='word_1_171' title='bbox 1851 2352 2047 2412; x_wconf 74' lang='lat' dir='ltr'>dictis.</span> <span class='ocrx_word' id='word_1_172' title='bbox 2080 2352 2182 2413; x_wconf 85' lang='lat' dir='ltr'>Ubi</span> <span class='ocrx_word' id='word_1_173' title='bbox 2217 2352 2409 2409; x_wconf 87' lang='lat' dir='ltr'>Glossa</span> 
     </span>
     <span class='ocr_line' id='line_1_24' title="bbox 811 2443 2408 2520; baseline -0.001 -18"><span class='ocrx_word' id='word_1_174' title='bbox 811 2445 1039 2520; x_wconf 88' lang='lat' dir='ltr'>fatetur,</span> <span class='ocrx_word' id='word_1_175' title='bbox 1082 2444 1233 2519; x_wconf 89' lang='lat' dir='ltr'>quod</span> <span class='ocrx_word' id='word_1_176' title='bbox 1272 2446 1403 2503; x_wconf 90' lang='lat' dir='ltr'>licet</span> <span class='ocrx_word' id='word_1_177' title='bbox 1440 2444 1533 2503; x_wconf 88' lang='lat' dir='ltr'>illa</span> <span class='ocrx_word' id='word_1_178' title='bbox 1572 2444 1656 2503; x_wconf 91' lang='lat' dir='ltr'>lex</span> <span class='ocrx_word' id='word_1_179' title='bbox 1696 2446 2033 2519; x_wconf 88' lang='lat' dir='ltr'>pervenisset</span> <span class='ocrx_word' id='word_1_180' title='bbox 2068 2443 2136 2501; x_wconf 91' lang='lat' dir='ltr'>ad</span> <span class='ocrx_word' id='word_1_181' title='bbox 2161 2443 2408 2501; x_wconf 85' lang='lat' dir='ltr'>notitiam</span> 
     </span>
     <span class='ocr_line' id='line_1_25' title="bbox 810 2534 2408 2623; baseline -0.001 -30"><span class='ocrx_word' id='word_1_182' title='bbox 810 2542 939 2623; x_wconf 65' lang='lat' dir='ltr'>ante</span> <span class='ocrx_word' id='word_1_183' title='bbox 977 2536 1119 2595; x_wconf 90' lang='lat' dir='ltr'>duos</span> <span class='ocrx_word' id='word_1_184' title='bbox 1158 2551 1377 2595; x_wconf 86' lang='lat' dir='ltr'>menses</span> <span class='ocrx_word' id='word_1_185' title='bbox 1417 2552 1451 2594; x_wconf 90' lang='lat' dir='ltr'>a</span> <span class='ocrx_word' id='word_1_186' title='bbox 1487 2534 1888 2611; x_wconf 79' lang='lat' dir='ltr'>publicatione,</span> <span class='ocrx_word' id='word_1_187' title='bbox 1928 2534 2245 2608; x_wconf 78' lang='lat' dir='ltr'>obligasset3</span> <span class='ocrx_word' id='word_1_188' title='bbox 2275 2548 2408 2608; x_wconf 89' lang='lat' dir='ltr'>ergo</span> 
     </span>
     <span class='ocr_line' id='line_1_26' title="bbox 812 2625 2406 2700; baseline -0.002 -17"><span class='ocrx_word' id='word_1_189' title='bbox 812 2626 1079 2700; x_wconf 78' lang='lat' dir='ltr'>supponit</span> <span class='ocrx_word' id='word_1_190' title='bbox 1114 2633 1303 2685; x_wconf 86' lang='lat' dir='ltr'>textus</span> <span class='ocrx_word' id='word_1_191' title='bbox 1342 2625 1430 2683; x_wconf 90' lang='lat' dir='ltr'>ille</span> <span class='ocrx_word' id='word_1_192' title='bbox 1448 2666 1467 2699; x_wconf 90' lang='lat'>,</span> <span class='ocrx_word' id='word_1_193' title='bbox 1507 2641 1616 2683; x_wconf 90' lang='lat' dir='ltr'>non</span> <span class='ocrx_word' id='word_1_194' title='bbox 1641 2641 1765 2684; x_wconf 89' lang='lat' dir='ltr'>esse</span> <span class='ocrx_word' id='word_1_195' title='bbox 1790 2626 2161 2684; x_wconf 88' lang='lat' dir='ltr'>necessarium</span> <span class='ocrx_word' id='word_1_196' title='bbox 2190 2630 2406 2696; x_wconf 90' lang='lat' dir='ltr'>tempus</span> 
     </span>
     <span class='ocr_line' id='line_1_27' title="bbox 806 2713 2404 2790; baseline -0.002 -17"><span class='ocrx_word' id='word_1_197' title='bbox 806 2714 1048 2775; x_wconf 88' lang='lat' dir='ltr'>duorum</span> <span class='ocrx_word' id='word_1_198' title='bbox 1074 2718 1345 2774; x_wconf 87' lang='lat' dir='ltr'>mensium</span> <span class='ocrx_word' id='word_1_199' title='bbox 1371 2715 1439 2774; x_wconf 91' lang='lat' dir='ltr'>ad</span> <span class='ocrx_word' id='word_1_200' title='bbox 1470 2715 1843 2790; x_wconf 90' lang='lat' dir='ltr'>obligandum.</span> <span class='ocrx_word' id='word_1_201' title='bbox 1870 2716 2061 2789; x_wconf 83' lang='lat' dir='ltr'>Neque</span> <span class='ocrx_word' id='word_1_202' title='bbox 2096 2718 2276 2786; x_wconf 85' lang='lat' dir='ltr'>potest</span> <span class='ocrx_word' id='word_1_203' title='bbox 2300 2713 2404 2770; x_wconf 88' lang='lat' dir='ltr'>boc</span> 
     </span>
     <span class='ocr_line' id='line_1_28' title="bbox 810 2803 2407 2881; baseline -0.003 -16"><span class='ocrx_word' id='word_1_204' title='bbox 810 2804 919 2865; x_wconf 86' lang='lat' dir='ltr'>dici</span> <span class='ocrx_word' id='word_1_205' title='bbox 959 2805 1227 2881; x_wconf 89' lang='lat' dir='ltr'>speciale,</span> <span class='ocrx_word' id='word_1_206' title='bbox 1267 2806 1396 2879; x_wconf 88' lang='lat' dir='ltr'>quia</span> <span class='ocrx_word' id='word_1_207' title='bbox 1434 2812 1615 2864; x_wconf 86' lang='lat' dir='ltr'>textus</span> <span class='ocrx_word' id='word_1_208' title='bbox 1653 2805 1785 2863; x_wconf 89' lang='lat' dir='ltr'>nibil</span> <span class='ocrx_word' id='word_1_209' title='bbox 1829 2804 1897 2863; x_wconf 91' lang='lat' dir='ltr'>de</span> <span class='ocrx_word' id='word_1_210' title='bbox 1924 2805 2031 2875; x_wconf 83' lang='lat' dir='ltr'>boc</span> <span class='ocrx_word' id='word_1_211' title='bbox 2059 2806 2279 2876; x_wconf 82' lang='lat' dir='ltr'>statuit,</span> <span class='ocrx_word' id='word_1_212' title='bbox 2309 2803 2407 2861; x_wconf 86' lang='lat' dir='ltr'>sed</span> 
     </span>
     <span class='ocr_line' id='line_1_29' title="bbox 809 2893 2404 2970; baseline -0.001 -17"><span class='ocrx_word' id='word_1_213' title='bbox 809 2896 1104 2970; x_wconf 74' lang='lat' dir='ltr'>supponit,</span> <span class='ocrx_word' id='word_1_214' title='bbox 1140 2903 1197 2955; x_wconf 86' lang='lat' dir='ltr'>et</span> <span class='ocrx_word' id='word_1_215' title='bbox 1224 2898 1407 2970; x_wconf 90' lang='lat' dir='ltr'>potius</span> <span class='ocrx_word' id='word_1_216' title='bbox 1437 2912 1537 2969; x_wconf 87' lang='lat' dir='ltr'>pro</span> <span class='ocrx_word' id='word_1_217' title='bbox 1564 2896 1788 2968; x_wconf 88' lang='lat' dir='ltr'>speciali</span> <span class='ocrx_word' id='word_1_218' title='bbox 1816 2893 1970 2953; x_wconf 84' lang='lat' dir='ltr'>addit</span> <span class='ocrx_word' id='word_1_219' title='bbox 1992 2895 2404 2953; x_wconf 71' lang='lat' dir='ltr'>concessionem</span> 
     </span>
     <span class='ocr_line' id='line_1_30' title="bbox 812 2982 2404 3060; baseline -0.003 -15"><span class='ocrx_word' id='word_1_220' title='bbox 812 2986 1011 3045; x_wconf 89' lang='lat' dir='ltr'>mensis</span> <span class='ocrx_word' id='word_1_221' title='bbox 1037 2986 1108 3045; x_wconf 88' lang='lat' dir='ltr'>ad</span> <span class='ocrx_word' id='word_1_222' title='bbox 1133 2985 1521 3060; x_wconf 89' lang='lat' dir='ltr'>exequendum</span> <span class='ocrx_word' id='word_1_223' title='bbox 1550 2990 1736 3044; x_wconf 90' lang='lat' dir='ltr'>actum</span> <span class='ocrx_word' id='word_1_224' title='bbox 1765 2986 1835 3042; x_wconf 88' lang='lat' dir='ltr'>ibi</span> <span class='ocrx_word' id='word_1_225' title='bbox 1863 2990 2314 3059; x_wconf 89' lang='lat' dir='ltr'>praeceptum‚et</span> <span class='ocrx_word' id='word_1_226' title='bbox 2337 2982 2404 3041; x_wconf 93' lang='lat' dir='ltr'>ad</span> 
     </span>
     <span class='ocr_line' id='line_1_31' title="bbox 810 3075 2406 3151; baseline -0.001 -18"><span class='ocrx_word' id='word_1_227' title='bbox 810 3075 1170 3134; x_wconf 83' lang='lat' dir='ltr'>incurrendas</span> <span class='ocrx_word' id='word_1_228' title='bbox 1214 3092 1449 3149; x_wconf 87' lang='lat' dir='ltr'>poenas:</span> <span class='ocrx_word' id='word_1_229' title='bbox 1506 3076 1599 3151; x_wconf 87' lang='lat' dir='ltr'>qui</span> <span class='ocrx_word' id='word_1_230' title='bbox 1645 3076 1847 3134; x_wconf 87' lang='lat' dir='ltr'>mensis</span> <span class='ocrx_word' id='word_1_231' title='bbox 1894 3090 2109 3147; x_wconf 78' lang='lat' dir='ltr'>semper</span> <span class='ocrx_word' id='word_1_232' title='bbox 2144 3076 2406 3147; x_wconf 84' lang='lat' dir='ltr'>inciperet</span> 
     </span>
     <span class='ocr_line' id='line_1_32' title="bbox 809 3164 2400 3241; baseline -0.003 -15"><span class='ocrx_word' id='word_1_233' title='bbox 809 3182 1037 3226; x_wconf 88' lang='lat' dir='ltr'>currere</span> <span class='ocrx_word' id='word_1_234' title='bbox 1065 3182 1098 3224; x_wconf 89' lang='lat' dir='ltr'>a</span> <span class='ocrx_word' id='word_1_235' title='bbox 1124 3167 1315 3225; x_wconf 89' lang='lat' dir='ltr'>notitia</span> <span class='ocrx_word' id='word_1_236' title='bbox 1338 3166 1862 3241; x_wconf 88' lang='lat' dir='ltr'>praecepti,etiamsi</span> <span class='ocrx_word' id='word_1_237' title='bbox 1889 3171 2016 3238; x_wconf 90' lang='lat' dir='ltr'>post</span> <span class='ocrx_word' id='word_1_238' title='bbox 2038 3164 2230 3239; x_wconf 88' lang='lat' dir='ltr'>plures</span> <span class='ocrx_word' id='word_1_239' title='bbox 2252 3179 2400 3222; x_wconf 89' lang='lat' dir='ltr'>men-</span> 
     </span>
     <span class='ocr_line' id='line_1_33' title="bbox 808 3254 2400 3332; baseline -0.001 -19"><span class='ocrx_word' id='word_1_240' title='bbox 808 3260 897 3314; x_wconf 78' lang='lat' dir='ltr'>ses</span> <span class='ocrx_word' id='word_1_241' title='bbox 925 3255 1241 3332; x_wconf 88' lang='lat' dir='ltr'>haberetur,</span> <span class='ocrx_word' id='word_1_242' title='bbox 1270 3263 1336 3315; x_wconf 88' lang='lat' dir='ltr'>ut</span> <span class='ocrx_word' id='word_1_243' title='bbox 1359 3257 1549 3316; x_wconf 88' lang='lat' dir='ltr'>Glossa</span> <span class='ocrx_word' id='word_1_244' title='bbox 1574 3257 1740 3315; x_wconf 86' lang='lat' dir='ltr'>etiam</span> <span class='ocrx_word' id='word_1_245' title='bbox 1766 3256 1993 3315; x_wconf 89' lang='lat' dir='ltr'>fatetur.</span> <span class='ocrx_word' id='word_1_246' title='bbox 2008 3257 2157 3330; x_wconf 85' lang='lat' dir='ltr'>Ergo</span> <span class='ocrx_word' id='word_1_247' title='bbox 2188 3254 2400 3329; x_wconf 89' lang='lat' dir='ltr'>signum</span> 
     </span>
     <span class='ocr_line' id='line_1_34' title="bbox 806 3343 2400 3422; baseline -0.003 -17"><span class='ocrx_word' id='word_1_248' title='bbox 806 3354 915 3422; x_wconf 89' lang='lat' dir='ltr'>est,</span> <span class='ocrx_word' id='word_1_249' title='bbox 956 3346 1129 3421; x_wconf 87' lang='lat' dir='ltr'>legem</span> <span class='ocrx_word' id='word_1_250' title='bbox 1167 3345 1235 3405; x_wconf 93' lang='lat' dir='ltr'>de</span> <span class='ocrx_word' id='word_1_251' title='bbox 1274 3361 1334 3403; x_wconf 90' lang='lat' dir='ltr'>se</span> <span class='ocrx_word' id='word_1_252' title='bbox 1372 3346 1639 3421; x_wconf 78' lang='lat' dir='ltr'>obligasse</span> <span class='ocrx_word' id='word_1_253' title='bbox 1678 3362 1711 3403; x_wconf 91' lang='lat' dir='ltr'>a</span> <span class='ocrx_word' id='word_1_254' title='bbox 1744 3344 2119 3421; x_wconf 87' lang='lat' dir='ltr'>publicatione</span> <span class='ocrx_word' id='word_1_255' title='bbox 2146 3343 2400 3418; x_wconf 88' lang='lat' dir='ltr'>indepen-</span> 
     </span>
     <span class='ocr_line' id='line_1_35' title="bbox 807 3436 1820 3511; baseline -0.003 -15"><span class='ocrx_word' id='word_1_256' title='bbox 807 3437 1001 3497; x_wconf 88' lang='lat' dir='ltr'>denter</span> <span class='ocrx_word' id='word_1_257' title='bbox 1029 3454 1062 3495; x_wconf 91' lang='lat' dir='ltr'>a</span> <span class='ocrx_word' id='word_1_258' title='bbox 1087 3436 1242 3511; x_wconf 89' lang='lat' dir='ltr'>lapsu</span> <span class='ocrx_word' id='word_1_259' title='bbox 1270 3436 1504 3496; x_wconf 88' lang='lat' dir='ltr'>duorum</span> <span class='ocrx_word' id='word_1_260' title='bbox 1531 3437 1820 3496; x_wconf 88' lang='lat' dir='ltr'>mensium.</span> 
     </span>
    </p>

    <p class='ocr_par' dir='ltr' id='par_1_6' title="bbox 803 3522 2405 4964">
     <span class='ocr_line' id='line_1_36' title="bbox 888 3522 2399 3599; baseline -0.003 -13"><span class='ocrx_word' id='word_1_261' title='bbox 888 3535 941 3587; x_wconf 84' lang='grc'><strong>5.</strong></span> <span class='ocrx_word' id='word_1_262' title='bbox 974 3528 1045 3585; x_wconf 89' lang='lat' dir='ltr'>Et</span> <span class='ocrx_word' id='word_1_263' title='bbox 1082 3529 1161 3586; x_wconf 89' lang='lat' dir='ltr'>ita</span> <span class='ocrx_word' id='word_1_264' title='bbox 1195 3541 1327 3585; x_wconf 89' lang='lat' dir='ltr'>sane</span> <span class='ocrx_word' id='word_1_265' title='bbox 1359 3526 1579 3585; x_wconf 83' lang='lat' dir='ltr'>videtur</span> <span class='ocrx_word' id='word_1_266' title='bbox 1620 3528 1673 3584; x_wconf 89' lang='lat' dir='ltr'>in</span> <span class='ocrx_word' id='word_1_267' title='bbox 1702 3526 2016 3584; x_wconf 87' lang='lat' dir='ltr'>universum</span> <span class='ocrx_word' id='word_1_268' title='bbox 2046 3522 2399 3599; x_wconf 80' lang='lat' dir='ltr'>probabilius,</span> 
     </span>
     <span class='ocr_line' id='line_1_37' title="bbox 809 3613 2404 3693; baseline -0.003 -16"><span class='ocrx_word' id='word_1_269' title='bbox 809 3618 956 3693; x_wconf 88' lang='lat' dir='ltr'>leges</span> <span class='ocrx_word' id='word_1_270' title='bbox 983 3618 1293 3693; x_wconf 82' lang='lat' dir='ltr'>pontificias</span> <span class='ocrx_word' id='word_1_271' title='bbox 1322 3618 1509 3677; x_wconf 89' lang='lat' dir='ltr'>statim</span> <span class='ocrx_word' id='word_1_272' title='bbox 1538 3616 1777 3692; x_wconf 89' lang='lat' dir='ltr'>obligare</span> <span class='ocrx_word' id='word_1_273' title='bbox 1804 3617 2072 3690; x_wconf 85' lang='lat' dir='ltr'>incipere,</span> <span class='ocrx_word' id='word_1_274' title='bbox 2101 3613 2404 3673; x_wconf 81' lang='lat' dir='ltr'>diffundere</span> 
     </span>
     <span class='ocr_line' id='line_1_38' title="bbox 813 3704 2404 3785; baseline -0.002 -19"><span class='ocrx_word' id='word_1_275' title='bbox 813 3716 999 3767; x_wconf 88' lang='lat' dir='ltr'>autem</span> <span class='ocrx_word' id='word_1_276' title='bbox 1025 3708 1411 3785; x_wconf 82' lang='lat' dir='ltr'>obligationem</span> <span class='ocrx_word' id='word_1_277' title='bbox 1439 3723 1597 3766; x_wconf 91' lang='lat' dir='ltr'>suam</span> <span class='ocrx_word' id='word_1_278' title='bbox 1625 3708 1962 3779; x_wconf 80' lang='lat' dir='ltr'>successive,</span> <span class='ocrx_word' id='word_1_279' title='bbox 1985 3708 2140 3765; x_wconf 87' lang='lat' dir='ltr'>iuxta</span> <span class='ocrx_word' id='word_1_280' title='bbox 2162 3704 2404 3781; x_wconf 89' lang='lat' dir='ltr'>id,quod</span> 
     </span>
     <span class='ocr_line' id='line_1_39' title="bbox 806 3796 2404 3874; baseline -0.002 -16"><span class='ocrx_word' id='word_1_281' title='bbox 806 3805 1003 3858; x_wconf 86' lang='lat' dir='ltr'>natura</span> <span class='ocrx_word' id='word_1_282' title='bbox 1030 3799 1162 3874; x_wconf 88' lang='lat' dir='ltr'>legis</span> <span class='ocrx_word' id='word_1_283' title='bbox 1188 3799 1457 3858; x_wconf 85' lang='lat' dir='ltr'>humanae</span> <span class='ocrx_word' id='word_1_284' title='bbox 1484 3799 1731 3873; x_wconf 86' lang='lat' dir='ltr'>requirit,</span> <span class='ocrx_word' id='word_1_285' title='bbox 1760 3805 1817 3857; x_wconf 90' lang='lat' dir='ltr'>ct</span> <span class='ocrx_word' id='word_1_286' title='bbox 1844 3796 2112 3872; x_wconf 84' lang='lat' dir='ltr'>superiori</span> <span class='ocrx_word' id='word_1_287' title='bbox 2140 3796 2282 3855; x_wconf 86' lang='lat' dir='ltr'>libro</span> <span class='ocrx_word' id='word_1_288' title='bbox 2309 3812 2404 3855; x_wconf 89' lang='lat' dir='ltr'>ex-</span> 
     </span>
     <span class='ocr_line' id='line_1_40' title="bbox 808 3887 2405 3964; baseline -0.001 -18"><span class='ocrx_word' id='word_1_289' title='bbox 808 3887 1072 3963; x_wconf 89' lang='lat' dir='ltr'>plicatum</span> <span class='ocrx_word' id='word_1_290' title='bbox 1098 3896 1204 3948; x_wconf 87' lang='lat' dir='ltr'>est.</span> <span class='ocrx_word' id='word_1_291' title='bbox 1232 3891 1368 3949; x_wconf 85' lang='lat' dir='ltr'>Nam</span> <span class='ocrx_word' id='word_1_292' title='bbox 1394 3905 1460 3949; x_wconf 90' lang='lat' dir='ltr'>eo</span> <span class='ocrx_word' id='word_1_293' title='bbox 1486 3889 1605 3963; x_wconf 90' lang='lat' dir='ltr'>ipso</span> <span class='ocrx_word' id='word_1_294' title='bbox 1622 3932 1638 3963; x_wconf 91' lang='lat'>,</span> <span class='ocrx_word' id='word_1_295' title='bbox 1666 3887 1815 3964; x_wconf 89' lang='lat' dir='ltr'>quod</span> <span class='ocrx_word' id='word_1_296' title='bbox 1844 3888 2089 3948; x_wconf 77' lang='lat' dir='ltr'>Pontifex</span> <span class='ocrx_word' id='word_1_297' title='bbox 2116 3903 2227 3946; x_wconf 89' lang='lat' dir='ltr'>non</span> <span class='ocrx_word' id='word_1_298' title='bbox 2254 3887 2405 3946; x_wconf 85' lang='lat' dir='ltr'>addit</span> 
     </span>
     <span class='ocr_line' id='line_1_41' title="bbox 806 3978 2400 4055; baseline 0 -19"><span class='ocrx_word' id='word_1_299' title='bbox 806 3980 1102 4053; x_wconf 80' lang='lat' dir='ltr'>specialem</span> <span class='ocrx_word' id='word_1_300' title='bbox 1140 3980 1398 4055; x_wconf 88' lang='lat' dir='ltr'>modum,</span> <span class='ocrx_word' id='word_1_301' title='bbox 1441 3995 1543 4040; x_wconf 87' lang='lat' dir='ltr'>seu</span> <span class='ocrx_word' id='word_1_302' title='bbox 1578 3982 1839 4054; x_wconf 87' lang='lat' dir='ltr'>temporis</span> <span class='ocrx_word' id='word_1_303' title='bbox 1866 3978 2400 4052; x_wconf 86' lang='lat' dir='ltr'>determinationem,</span> 
     </span>
     <span class='ocr_line' id='line_1_42' title="bbox 806 4068 2400 4148; baseline 0 -21"><span class='ocrx_word' id='word_1_304' title='bbox 806 4085 910 4129; x_wconf 89' lang='lat' dir='ltr'>nec</span> <span class='ocrx_word' id='word_1_305' title='bbox 956 4072 1045 4129; x_wconf 88' lang='lat' dir='ltr'>ius</span> <span class='ocrx_word' id='word_1_306' title='bbox 1088 4072 1413 4130; x_wconf 87' lang='lat' dir='ltr'>canonicum</span> <span class='ocrx_word' id='word_1_307' title='bbox 1459 4070 1820 4148; x_wconf 39' lang='lat' dir='ltr'>iliam-ponit,</span> <span class='ocrx_word' id='word_1_308' title='bbox 1850 4070 1935 4129; x_wconf 87' lang='lat' dir='ltr'>vel</span> <span class='ocrx_word' id='word_1_309' title='bbox 1963 4075 2251 4145; x_wconf 88' lang='lat' dir='ltr'>acceptat,</span> <span class='ocrx_word' id='word_1_310' title='bbox 2277 4068 2400 4127; x_wconf 83' lang='lat' dir='ltr'>talis</span> 
     </span>
     <span class='ocr_line' id='line_1_43' title="bbox 808 4158 2401 4238; baseline -0.001 -19"><span class='ocrx_word' id='word_1_311' title='bbox 808 4159 1067 4237; x_wconf 78' lang='lat' dir='ltr'>obligatio</span> <span class='ocrx_word' id='word_1_312' title='bbox 1105 4162 1360 4238; x_wconf 88' lang='lat' dir='ltr'>sequitur</span> <span class='ocrx_word' id='word_1_313' title='bbox 1399 4167 1567 4235; x_wconf 87' lang='lat' dir='ltr'>prout</span> <span class='ocrx_word' id='word_1_314' title='bbox 1602 4162 1685 4219; x_wconf 89' lang='lat' dir='ltr'>rei</span> <span class='ocrx_word' id='word_1_315' title='bbox 1721 4168 1922 4220; x_wconf 87' lang='lat' dir='ltr'>natura</span> <span class='ocrx_word' id='word_1_316' title='bbox 1947 4159 2216 4236; x_wconf 87' lang='lat' dir='ltr'>postulat.</span> <span class='ocrx_word' id='word_1_317' title='bbox 2246 4158 2401 4219; x_wconf 88' lang='lat' dir='ltr'>Unde</span> 
     </span>
     <span class='ocr_line' id='line_1_44' title="bbox 806 4251 2400 4326; baseline 0.001 -17"><span class='ocrx_word' id='word_1_318' title='bbox 806 4253 969 4310; x_wconf 90' lang='lat' dir='ltr'>etiam</span> <span class='ocrx_word' id='word_1_319' title='bbox 997 4257 1245 4326; x_wconf 86' lang='lat' dir='ltr'>constat,</span> <span class='ocrx_word' id='word_1_320' title='bbox 1280 4251 1425 4311; x_wconf 90' lang='lat' dir='ltr'>idem</span> <span class='ocrx_word' id='word_1_321' title='bbox 1452 4266 1575 4310; x_wconf 86' lang='lat' dir='ltr'>esse</span> <span class='ocrx_word' id='word_1_322' title='bbox 1601 4268 1635 4310; x_wconf 89' lang='lat' dir='ltr'>a</span> <span class='ocrx_word' id='word_1_323' title='bbox 1661 4252 1871 4311; x_wconf 89' lang='lat' dir='ltr'>fortiori</span> <span class='ocrx_word' id='word_1_324' title='bbox 1895 4251 2192 4311; x_wconf 88' lang='lat' dir='ltr'>dicendum</span> <span class='ocrx_word' id='word_1_325' title='bbox 2219 4251 2288 4310; x_wconf 90' lang='lat' dir='ltr'>de</span> <span class='ocrx_word' id='word_1_326' title='bbox 2311 4266 2400 4310; x_wconf 87' lang='lat' dir='ltr'>re·</span> 
     </span>
     <span class='ocr_line' id='line_1_45' title="bbox 808 4340 2401 4419; baseline 0 -18"><span class='ocrx_word' id='word_1_327' title='bbox 808 4340 973 4418; x_wconf 87' lang='lat' dir='ltr'>liquis</span> <span class='ocrx_word' id='word_1_328' title='bbox 1014 4343 1225 4419; x_wconf 87' lang='lat' dir='ltr'>legibus</span> <span class='ocrx_word' id='word_1_329' title='bbox 1264 4342 1567 4417; x_wconf 88' lang='lat' dir='ltr'>canonicis,</span> <span class='ocrx_word' id='word_1_330' title='bbox 1612 4349 1676 4401; x_wconf 90' lang='lat' dir='ltr'>ut</span> <span class='ocrx_word' id='word_1_331' title='bbox 1717 4344 2127 4418; x_wconf 86' lang='lat' dir='ltr'>episcoporum,</span> <span class='ocrx_word' id='word_1_332' title='bbox 2156 4340 2243 4400; x_wconf 90' lang='lat' dir='ltr'>vel</span> <span class='ocrx_word' id='word_1_333' title='bbox 2269 4341 2401 4401; x_wconf 86' lang='lat' dir='ltr'>alio-</span> 
     </span>
     <span class='ocr_line' id='line_1_46' title="bbox 806 4432 2398 4510; baseline -0.002 -18"><span class='ocrx_word' id='word_1_334' title='bbox 806 4448 935 4492; x_wconf 89' lang='lat' dir='ltr'>rum</span> <span class='ocrx_word' id='word_1_335' title='bbox 960 4433 1333 4509; x_wconf 83' lang='lat' dir='ltr'>praelatorum</span> <span class='ocrx_word' id='word_1_336' title='bbox 1357 4433 1707 4509; x_wconf 68' lang='lat' dir='ltr'>inferiorum</span> <span class='ocrx_word' id='word_1_337' title='bbox 1736 4439 1855 4492; x_wconf 92' lang='lat' dir='ltr'>tum</span> <span class='ocrx_word' id='word_1_338' title='bbox 1882 4436 2012 4510; x_wconf 81' lang='lat' dir='ltr'>quia</span> <span class='ocrx_word' id='word_1_339' title='bbox 2037 4434 2208 4492; x_wconf 90' lang='lat' dir='ltr'>etiam</span> <span class='ocrx_word' id='word_1_340' title='bbox 2233 4434 2289 4489; x_wconf 87' lang='lat' dir='ltr'>in</span> <span class='ocrx_word' id='word_1_341' title='bbox 2314 4432 2398 4490; x_wconf 89' lang='lat' dir='ltr'>bis</span> 
     </span>
     <span class='ocr_line' id='line_1_47' title="bbox 806 4524 2400 4599; baseline 0.001 -18"><span class='ocrx_word' id='word_1_342' title='bbox 806 4524 959 4582; x_wconf 89' lang='lat' dir='ltr'>nulla</span> <span class='ocrx_word' id='word_1_343' title='bbox 981 4524 1127 4583; x_wconf 88' lang='lat' dir='ltr'>facta</span> <span class='ocrx_word' id='word_1_344' title='bbox 1152 4532 1240 4583; x_wconf 88' lang='lat' dir='ltr'>est</span> <span class='ocrx_word' id='word_1_345' title='bbox 1263 4524 1537 4587; x_wconf 84' lang='lat' dir='ltr'>restrictio</span> <span class='ocrx_word' id='word_1_346' title='bbox 1562 4526 1617 4583; x_wconf 88' lang='lat' dir='ltr'>in</span> <span class='ocrx_word' id='word_1_347' title='bbox 1642 4525 1783 4598; x_wconf 87' lang='lat' dir='ltr'>iure,</span> <span class='ocrx_word' id='word_1_348' title='bbox 1803 4524 1888 4582; x_wconf 91' lang='lat' dir='ltr'>vel</span> <span class='ocrx_word' id='word_1_349' title='bbox 1913 4539 2012 4598; x_wconf 87' lang='lat' dir='ltr'>per</span> <span class='ocrx_word' id='word_1_350' title='bbox 2038 4526 2262 4599; x_wconf 82' lang='lat' dir='ltr'>Papam3</span> <span class='ocrx_word' id='word_1_351' title='bbox 2275 4532 2400 4583; x_wconf 90' lang='lat' dir='ltr'>tum</span> 
     </span>
     <span class='ocr_line' id='line_1_48' title="bbox 804 4613 2397 4691; baseline 0.001 -19"><span class='ocrx_word' id='word_1_352' title='bbox 804 4614 969 4673; x_wconf 85' lang='lat' dir='ltr'>etiam</span> <span class='ocrx_word' id='word_1_353' title='bbox 995 4616 1123 4690; x_wconf 85' lang='lat' dir='ltr'>quia</span> <span class='ocrx_word' id='word_1_354' title='bbox 1150 4616 1223 4674; x_wconf 87' lang='lat' dir='ltr'>ita</span> <span class='ocrx_word' id='word_1_355' title='bbox 1244 4616 1457 4675; x_wconf 87' lang='lat' dir='ltr'>dictum</span> <span class='ocrx_word' id='word_1_356' title='bbox 1482 4622 1569 4674; x_wconf 80' lang='lat' dir='ltr'>est</span> <span class='ocrx_word' id='word_1_357' title='bbox 1588 4615 1657 4674; x_wconf 91' lang='lat' dir='ltr'>de</span> <span class='ocrx_word' id='word_1_358' title='bbox 1685 4613 1893 4691; x_wconf 86' lang='lat' dir='ltr'>legibus</span> <span class='ocrx_word' id='word_1_359' title='bbox 1913 4614 2160 4674; x_wconf 82' lang='lat' dir='ltr'>civilibus</span> <span class='ocrx_word' id='word_1_360' title='bbox 2169 4614 2397 4673; x_wconf 77' lang='lat' dir='ltr'>inferio-</span> 
     </span>
     <span class='ocr_line' id='line_1_49' title="bbox 803 4703 2394 4780; baseline 0 -17"><span class='ocrx_word' id='word_1_361' title='bbox 803 4720 930 4763; x_wconf 86' lang='lat' dir='ltr'>rum</span> <span class='ocrx_word' id='word_1_362' title='bbox 957 4705 1395 4779; x_wconf 78' lang='lat' dir='ltr'>magistratuum:</span> <span class='ocrx_word' id='word_1_363' title='bbox 1418 4712 1507 4765; x_wconf 87' lang='lat' dir='ltr'>est</span> <span class='ocrx_word' id='word_1_364' title='bbox 1526 4711 1708 4765; x_wconf 86' lang='lat' dir='ltr'>autem</span> <span class='ocrx_word' id='word_1_365' title='bbox 1728 4703 1939 4780; x_wconf 89' lang='lat' dir='ltr'>eadem,</span> <span class='ocrx_word' id='word_1_366' title='bbox 1955 4704 2039 4763; x_wconf 86' lang='lat' dir='ltr'>vel</span> <span class='ocrx_word' id='word_1_367' title='bbox 2059 4706 2230 4763; x_wconf 85' lang='lat' dir='ltr'>maior</span> <span class='ocrx_word' id='word_1_368' title='bbox 2255 4707 2394 4763; x_wconf 88' lang='lat' dir='ltr'>ratio</span> 
     </span>
     <span class='ocr_line' id='line_1_50' title="bbox 804 4793 2390 4872; baseline 0.001 -21"><span class='ocrx_word' id='word_1_369' title='bbox 804 4793 873 4851; x_wconf 92' lang='lat' dir='ltr'>de</span> <span class='ocrx_word' id='word_1_370' title='bbox 901 4794 1111 4869; x_wconf 86' lang='lat' dir='ltr'>legibus</span> <span class='ocrx_word' id='word_1_371' title='bbox 1137 4797 1417 4855; x_wconf 84' lang='lat' dir='ltr'>canonicis</span> <span class='ocrx_word' id='word_1_372' title='bbox 1432 4838 1449 4869; x_wconf 92' lang='lat'>,</span> <span class='ocrx_word' id='word_1_373' title='bbox 1478 4803 1535 4857; x_wconf 90' lang='lat' dir='ltr'>et</span> <span class='ocrx_word' id='word_1_374' title='bbox 1561 4799 1639 4856; x_wconf 90' lang='lat' dir='ltr'>ita</span> <span class='ocrx_word' id='word_1_375' title='bbox 1664 4793 1867 4856; x_wconf 87' lang='lat' dir='ltr'>docent</span> <span class='ocrx_word' id='word_1_376' title='bbox 1890 4811 2080 4857; x_wconf 89' lang='lat' dir='ltr'>omnes</span> <span class='ocrx_word' id='word_1_377' title='bbox 2105 4801 2390 4872; x_wconf 85' lang='lat' dir='ltr'>auctores,</span> 
     </span>
     <span class='ocr_line' id='line_1_51' title="bbox 806 4886 1472 4964; baseline 0 -19"><span class='ocrx_word' id='word_1_378' title='bbox 806 4888 903 4964; x_wconf 88' lang='lat' dir='ltr'>qui</span> <span class='ocrx_word' id='word_1_379' title='bbox 927 4886 1000 4946; x_wconf 89' lang='lat' dir='ltr'>ibi</span> <span class='ocrx_word' id='word_1_380' title='bbox 1025 4887 1193 4947; x_wconf 87' lang='lat' dir='ltr'>videri</span> <span class='ocrx_word' id='word_1_381' title='bbox 1220 4893 1472 4962; x_wconf 88' lang='lat' dir='ltr'>possunt.</span> 
     </span>
    </p>
   </div>
   <div class='ocr_carea' id='block_1_5' title="bbox 2282 328 2606 383">
    <p class='ocr_par' dir='ltr' id='par_1_7' title="bbox 2282 328 2606 383">
     <span class='ocr_line' id='line_1_52' title="bbox 2282 328 2606 383; baseline -0.006 0"><span class='ocrx_word' id='word_1_382' title='bbox 2282 328 2486 383; x_wconf 76' lang='lat' dir='ltr'>mm</span> <span class='ocrx_word' id='word_1_383' title='bbox 2511 328 2606 383; x_wconf 75' lang='grc' dir='ltr'>Π.</span> 
     </span>
    </p>
   </div>
   <div class='ocr_carea' id='block_1_6' title="bbox 3030 458 3524 534">
    <p class='ocr_par' dir='ltr' id='par_1_8' title="bbox 3030 458 3524 534">
     <span class='ocr_line' id='line_1_53' title="bbox 3030 458 3524 534; baseline 0.008 -5"><span class='ocrx_word' id='word_1_384' title='bbox 3030 458 3306 534; x_wconf 85' lang='lat' dir='ltr'><strong>CAPUT</strong></span> <span class='ocrx_word' id='word_1_385' title='bbox 3346 462 3524 533; x_wconf 86' lang='lat' dir='ltr'>XVI.</span> 
     </span>
    </p>
   </div>
   <div class='ocr_carea' id='block_1_7' title="bbox 2707 656 3847 825">
    <p class='ocr_par' dir='ltr' id='par_1_9' title="bbox 2707 656 3847 825">
     <span class='ocr_line' id='line_1_54' title="bbox 2707 656 3847 734; baseline 0.003 -19"><span class='ocrx_word' id='word_1_386' title='bbox 2707 657 2930 715; x_wconf 72' lang='lat' dir='ltr'>Utrum</span> <span class='ocrx_word' id='word_1_387' title='bbox 2955 658 3058 715; x_wconf 75' lang='lat' dir='ltr'>lex</span> <span class='ocrx_word' id='word_1_388' title='bbox 3085 658 3384 716; x_wconf 70' lang='lat' dir='ltr'>canonica</span> <span class='ocrx_word' id='word_1_389' title='bbox 3407 656 3614 734; x_wconf 71' lang='lat' dir='ltr'>obliqet</span> <span class='ocrx_word' id='word_1_390' title='bbox 3623 657 3847 733; x_wconf 73' lang='lat' dir='ltr'>fideles,</span> 
     </span>
     <span class='ocr_line' id='line_1_55' title="bbox 2807 746 3744 825; baseline 0.002 -20"><span class='ocrx_word' id='word_1_391' title='bbox 2807 751 3162 821; x_wconf 75' lang='lat' dir='ltr'>priusquam</span> <span class='ocrx_word' id='word_1_392' title='bbox 3186 746 3264 805; x_wconf 73' lang='lat' dir='ltr'>ab</span> <span class='ocrx_word' id='word_1_393' title='bbox 3289 748 3372 805; x_wconf 84' lang='lat' dir='ltr'>eis</span> <span class='ocrx_word' id='word_1_394' title='bbox 3398 752 3744 825; x_wconf 72' lang='lat' dir='ltr'>acceptetur.</span> 
     </span>
    </p>
   </div>
   <div class='ocr_carea' id='block_1_8' title="bbox 3015 927 3550 992">
    <p class='ocr_par' dir='ltr' id='par_1_10' title="bbox 3015 927 3550 992">
     <span class='ocr_line' id='line_1_56' title="bbox 3015 927 3550 992; baseline 0.004 -3"><span class='ocrx_word' id='word_1_395' title='bbox 3015 927 3550 992; x_wconf 84' lang='lat' dir='ltr'>summarium</span> 
     </span>
    </p>
   </div>
   <div class='ocr_carea' id='block_1_9' title="bbox 2481 1112 4063 2445">
    <p class='ocr_par' dir='ltr' id='par_1_11' title="bbox 2481 1112 4063 2445">
     <span class='ocr_line' id='line_1_57' title="bbox 2481 1112 4059 1183; baseline 0.004 -19"><span class='ocrx_word' id='word_1_396' title='bbox 2481 1113 2532 1167; x_wconf 82' lang='lat'>1.</span> <span class='ocrx_word' id='word_1_397' title='bbox 2553 1112 2814 1166; x_wconf 78' lang='lat' dir='ltr'>Sententia</span> <span class='ocrx_word' id='word_1_398' title='bbox 2839 1116 3096 1179; x_wconf 78' lang='lat' dir='ltr'>negativa.</span> <span class='ocrx_word' id='word_1_399' title='bbox 3109 1140 3178 1151; x_wconf 90' lang='lat'>——</span> <span class='ocrx_word' id='word_1_400' title='bbox 3195 1114 3248 1166; x_wconf 72' lang='lat'>2.</span> <span class='ocrx_word' id='word_1_401' title='bbox 3272 1116 3504 1169; x_wconf 75' lang='lat' dir='ltr'>Pontifex</span> <span class='ocrx_word' id='word_1_402' title='bbox 3527 1124 3694 1182; x_wconf 87' lang='lat' dir='ltr'>potest</span> <span class='ocrx_word' id='word_1_403' title='bbox 3715 1117 3944 1183; x_wconf 85' lang='lat' dir='ltr'>obligare</span> <span class='ocrx_word' id='word_1_404' title='bbox 3970 1118 4059 1170; x_wconf 86' lang='lat' dir='ltr'>Ec-</span> 
     </span>
     <span class='ocr_line' id='line_1_58' title="bbox 2551 1185 4061 1253; baseline 0.003 -17"><span class='ocrx_word' id='word_1_405' title='bbox 2551 1185 2758 1237; x_wconf 82' lang='lat' dir='ltr'>clesiam</span> <span class='ocrx_word' id='word_1_406' title='bbox 2790 1186 2852 1237; x_wconf 84' lang='lat' dir='ltr'>ad</span> <span class='ocrx_word' id='word_1_407' title='bbox 2886 1198 3004 1237; x_wconf 88' lang='lat' dir='ltr'>suas</span> <span class='ocrx_word' id='word_1_408' title='bbox 3039 1186 3178 1250; x_wconf 79' lang='lat' dir='ltr'>leges</span> <span class='ocrx_word' id='word_1_409' title='bbox 3212 1186 3520 1238; x_wconf 80' lang='lat' dir='ltr'>sufficienter</span> <span class='ocrx_word' id='word_1_410' title='bbox 3553 1189 3888 1253; x_wconf 85' lang='lat' dir='ltr'>promulgatas</span> <span class='ocrx_word' id='word_1_411' title='bbox 3920 1201 4061 1241; x_wconf 86' lang='lat' dir='ltr'>acce·</span> 
     </span>
     <span class='ocr_line' id='line_1_59' title="bbox 2549 1252 4060 1321; baseline 0.002 -15"><span class='ocrx_word' id='word_1_412' title='bbox 2549 1255 2765 1320; x_wconf 86' lang='lat' dir='ltr'>ptandas</span> <span class='ocrx_word' id='word_1_413' title='bbox 2787 1268 2848 1305; x_wconf 81' lang='lat' dir='ltr'>ex</span> <span class='ocrx_word' id='word_1_414' title='bbox 2873 1257 2964 1307; x_wconf 88' lang='lat' dir='ltr'>illo</span> <span class='ocrx_word' id='word_1_415' title='bbox 2991 1252 3362 1321; x_wconf 77' lang='lat' dir='ltr'>Quodcumque</span> <span class='ocrx_word' id='word_1_416' title='bbox 3387 1258 3653 1319; x_wconf 64' lang='lat' dir='ltr'>licaveris.</span> <span class='ocrx_word' id='word_1_417' title='bbox 3675 1287 3743 1295; x_wconf 93' lang='lat'>—</span> <span class='ocrx_word' id='word_1_418' title='bbox 3766 1258 3818 1310; x_wconf 88' lang='grc'>3.</span> <span class='ocrx_word' id='word_1_419' title='bbox 3845 1259 3955 1309; x_wconf 85' lang='lat' dir='ltr'>Non</span> <span class='ocrx_word' id='word_1_420' title='bbox 3981 1273 4060 1310; x_wconf 88' lang='lat' dir='ltr'>ca-</span> 
     </span>
     <span class='ocr_line' id='line_1_60' title="bbox 2549 1324 4059 1393; baseline 0.003 -18"><span class='ocrx_word' id='word_1_421' title='bbox 2549 1332 2666 1376; x_wconf 86' lang='lat' dir='ltr'>rent</span> <span class='ocrx_word' id='word_1_422' title='bbox 2691 1326 2842 1390; x_wconf 85' lang='lat' dir='ltr'>culpa</span> <span class='ocrx_word' id='word_1_423' title='bbox 2858 1362 2873 1389; x_wconf 92' lang='lat'>‚</span> <span class='ocrx_word' id='word_1_424' title='bbox 2894 1327 2984 1389; x_wconf 89' lang='lat' dir='ltr'>qui</span> <span class='ocrx_word' id='word_1_425' title='bbox 3009 1324 3262 1391; x_wconf 87' lang='lat' dir='ltr'>incipiunt</span> <span class='ocrx_word' id='word_1_426' title='bbox 3287 1340 3384 1377; x_wconf 90' lang='lat' dir='ltr'>non</span> <span class='ocrx_word' id='word_1_427' title='bbox 3409 1326 3676 1379; x_wconf 79' lang='lat' dir='ltr'>observare</span> <span class='ocrx_word' id='word_1_428' title='bbox 3701 1328 3838 1392; x_wconf 80' lang='lat' dir='ltr'>leges</span> <span class='ocrx_word' id='word_1_429' title='bbox 3863 1328 4059 1393; x_wconf 81' lang='lat' dir='ltr'>pontifi·</span> 
     </span>
     <span class='ocr_line' id='line_1_61' title="bbox 2551 1396 4060 1462; baseline 0.003 -17"><span class='ocrx_word' id='word_1_430' title='bbox 2551 1396 2659 1446; x_wconf 85' lang='lat' dir='ltr'>cias</span> <span class='ocrx_word' id='word_1_431' title='bbox 2683 1403 2798 1461; x_wconf 87' lang='lat' dir='ltr'>post</span> <span class='ocrx_word' id='word_1_432' title='bbox 2823 1396 3159 1447; x_wconf 85' lang='lat' dir='ltr'>sufficientem</span> <span class='ocrx_word' id='word_1_433' title='bbox 3185 1397 3653 1462; x_wconf 84' lang='lat' dir='ltr'>promulgationem.</span> <span class='ocrx_word' id='word_1_434' title='bbox 3679 1426 3748 1435; x_wconf 91' lang='lat'><em>-</em></span> <span class='ocrx_word' id='word_1_435' title='bbox 3769 1400 3821 1448; x_wconf 71' lang='lat'>4.</span> <span class='ocrx_word' id='word_1_436' title='bbox 3845 1399 3920 1450; x_wconf 80' lang='lat' dir='ltr'>Ex</span> <span class='ocrx_word' id='word_1_437' title='bbox 3944 1412 4060 1451; x_wconf 89' lang='lat' dir='ltr'>con·</span> 
     </span>
     <span class='ocr_line' id='line_1_62' title="bbox 2547 1466 4059 1531; baseline 0.002 -14"><span class='ocrx_word' id='word_1_438' title='bbox 2547 1466 2822 1517; x_wconf 79' lang='lat' dir='ltr'>suetudine</span> <span class='ocrx_word' id='word_1_439' title='bbox 2853 1470 3054 1517; x_wconf 85' lang='lat' dir='ltr'>constat</span> <span class='ocrx_word' id='word_1_440' title='bbox 3067 1500 3083 1529; x_wconf 89' lang='lat'>,</span> <span class='ocrx_word' id='word_1_441' title='bbox 3118 1478 3266 1530; x_wconf 87' lang='lat' dir='ltr'>posse</span> <span class='ocrx_word' id='word_1_442' title='bbox 3298 1468 3571 1531; x_wconf 84' lang='lat' dir='ltr'>supplicari</span> <span class='ocrx_word' id='word_1_443' title='bbox 3596 1467 3856 1519; x_wconf 82' lang='lat' dir='ltr'>Pontifices</span> <span class='ocrx_word' id='word_1_444' title='bbox 3877 1469 3944 1519; x_wconf 90' lang='lat' dir='ltr'>de</span> <span class='ocrx_word' id='word_1_445' title='bbox 3969 1482 4059 1520; x_wconf 82' lang='lat' dir='ltr'>sua</span> 
     </span>
     <span class='ocr_line' id='line_1_63' title="bbox 2549 1535 4060 1603; baseline 0.003 -18"><span class='ocrx_word' id='word_1_446' title='bbox 2549 1535 2662 1599; x_wconf 89' lang='lat' dir='ltr'>lege</span> <span class='ocrx_word' id='word_1_447' title='bbox 2695 1536 2762 1587; x_wconf 89' lang='lat' dir='ltr'>ab</span> <span class='ocrx_word' id='word_1_448' title='bbox 2795 1537 3097 1587; x_wconf 82' lang='lat' dir='ltr'>executione</span> <span class='ocrx_word' id='word_1_449' title='bbox 3123 1536 3284 1601; x_wconf 87' lang='lat' dir='ltr'>ipsius</span> <span class='ocrx_word' id='word_1_450' title='bbox 3306 1536 3454 1601; x_wconf 84' lang='lat' dir='ltr'>legis.</span> <span class='ocrx_word' id='word_1_451' title='bbox 3481 1564 3550 1574; x_wconf 89' lang='lat'><strong>—</strong></span> <span class='ocrx_word' id='word_1_452' title='bbox 3574 1538 3625 1589; x_wconf 75' lang='lat'>5.</span> <span class='ocrx_word' id='word_1_453' title='bbox 3657 1538 3897 1603; x_wconf 86' lang='lat' dir='ltr'>Tempore</span> <span class='ocrx_word' id='word_1_454' title='bbox 3915 1576 3932 1601; x_wconf 90' lang='lat'><strong><em>‚</em></strong></span> <span class='ocrx_word' id='word_1_455' title='bbox 3959 1554 4060 1603; x_wconf 83' lang='lat' dir='ltr'>quo</span> 
     </span>
     <span class='ocr_line' id='line_1_64' title="bbox 2545 1604 4057 1671; baseline 0.002 -15"><span class='ocrx_word' id='word_1_456' title='bbox 2545 1606 2854 1671; x_wconf 86' lang='lat' dir='ltr'>supplicatio</span> <span class='ocrx_word' id='word_1_457' title='bbox 2886 1604 3040 1657; x_wconf 84' lang='lat' dir='ltr'>durat</span> <span class='ocrx_word' id='word_1_458' title='bbox 3053 1642 3069 1669; x_wconf 99' lang='lat'>,</span> <span class='ocrx_word' id='word_1_459' title='bbox 3106 1606 3235 1659; x_wconf 88' lang='lat' dir='ltr'>nibil</span> <span class='ocrx_word' id='word_1_460' title='bbox 3268 1614 3349 1659; x_wconf 85' lang='lat' dir='ltr'>est</span> <span class='ocrx_word' id='word_1_461' title='bbox 3372 1614 3546 1658; x_wconf 86' lang='lat' dir='ltr'>contra</span> <span class='ocrx_word' id='word_1_462' title='bbox 3572 1608 3733 1671; x_wconf 86' lang='lat' dir='ltr'>legem</span> <span class='ocrx_word' id='word_1_463' title='bbox 3757 1607 4057 1671; x_wconf 65' lang='lat' dir='ltr'>faciendum</span> 
     </span>
     <span class='ocr_line' id='line_1_65' title="bbox 2547 1675 4059 1742; baseline 0.002 -16"><span class='ocrx_word' id='word_1_464' title='bbox 2547 1675 2686 1742; x_wconf 89' lang='lat' dir='ltr'>quod</span> <span class='ocrx_word' id='word_1_465' title='bbox 2721 1677 2765 1727; x_wconf 91' lang='lat' dir='ltr'>si</span> <span class='ocrx_word' id='word_1_466' title='bbox 2799 1676 2915 1727; x_wconf 87' lang='lat' dir='ltr'>fieri</span> <span class='ocrx_word' id='word_1_467' title='bbox 2938 1677 3115 1741; x_wconf 87' lang='lat' dir='ltr'>nequit</span> <span class='ocrx_word' id='word_1_468' title='bbox 3139 1676 3251 1727; x_wconf 86' lang='lat' dir='ltr'>sine</span> <span class='ocrx_word' id='word_1_469' title='bbox 3275 1689 3454 1741; x_wconf 83' lang='lat' dir='ltr'>magna</span> <span class='ocrx_word' id='word_1_470' title='bbox 3478 1690 3648 1728; x_wconf 88' lang='lat' dir='ltr'>rerum</span> <span class='ocrx_word' id='word_1_471' title='bbox 3672 1680 3955 1729; x_wconf 82' lang='lat' dir='ltr'>mutatione</span> <span class='ocrx_word' id='word_1_472' title='bbox 3981 1681 4059 1729; x_wconf 83' lang='lat' dir='ltr'>vel</span> 
     </span>
     <span class='ocr_line' id='line_1_66' title="bbox 2545 1746 4061 1813; baseline 0.002 -17"><span class='ocrx_word' id='word_1_473' title='bbox 2545 1746 2772 1797; x_wconf 80' lang='lat' dir='ltr'>scandali</span> <span class='ocrx_word' id='word_1_474' title='bbox 2796 1747 3182 1811; x_wconf 87' lang='lat' dir='ltr'>periculo,tunc</span> <span class='ocrx_word' id='word_1_475' title='bbox 3207 1760 3270 1798; x_wconf 85' lang='lat' dir='ltr'>ex</span> <span class='ocrx_word' id='word_1_476' title='bbox 3291 1747 3510 1811; x_wconf 83' lang='lat' dir='ltr'>benigna</span> <span class='ocrx_word' id='word_1_477' title='bbox 3533 1748 3954 1813; x_wconf 74' lang='lat' dir='ltr'>interpretatione</span> <span class='ocrx_word' id='word_1_478' title='bbox 3979 1759 4061 1799; x_wconf 73' lang='lat' dir='ltr'>vo-</span> 
     </span>
     <span class='ocr_line' id='line_1_67' title="bbox 2548 1816 4062 1883; baseline 0.002 -17"><span class='ocrx_word' id='word_1_479' title='bbox 2548 1817 2764 1869; x_wconf 85' lang='lat' dir='ltr'>luntatis</span> <span class='ocrx_word' id='word_1_480' title='bbox 2786 1816 3047 1869; x_wconf 81' lang='lat' dir='ltr'>Pontificis</span> <span class='ocrx_word' id='word_1_481' title='bbox 3070 1828 3172 1868; x_wconf 90' lang='lat' dir='ltr'>non</span> <span class='ocrx_word' id='word_1_482' title='bbox 3193 1824 3433 1869; x_wconf 86' lang='lat' dir='ltr'>censetur</span> <span class='ocrx_word' id='word_1_483' title='bbox 3455 1818 3824 1883; x_wconf 63' lang='lat' dir='ltr'>obligare—6.</span> <span class='ocrx_word' id='word_1_484' title='bbox 3849 1820 3958 1869; x_wconf 81' lang='lat' dir='ltr'>Lex</span> <span class='ocrx_word' id='word_1_485' title='bbox 3980 1831 4062 1869; x_wconf 87' lang='lat' dir='ltr'>ca-</span> 
     </span>
     <span class='ocr_line' id='line_1_68' title="bbox 2550 1887 4062 1954; baseline 0.003 -17"><span class='ocrx_word' id='word_1_486' title='bbox 2550 1888 2732 1939; x_wconf 87' lang='lat' dir='ltr'>nonica</span> <span class='ocrx_word' id='word_1_487' title='bbox 2745 1923 2762 1951; x_wconf 90' lang='lat'>,</span> <span class='ocrx_word' id='word_1_488' title='bbox 2788 1887 2990 1954; x_wconf 84' lang='lat' dir='ltr'>quando</span> <span class='ocrx_word' id='word_1_489' title='bbox 3015 1900 3106 1951; x_wconf 88' lang='lat' dir='ltr'>per</span> <span class='ocrx_word' id='word_1_490' title='bbox 3129 1888 3546 1940; x_wconf 86' lang='lat' dir='ltr'>consuetudinem</span> <span class='ocrx_word' id='word_1_491' title='bbox 3568 1890 3831 1941; x_wconf 77' lang='lat' dir='ltr'>toleratam</span> <span class='ocrx_word' id='word_1_492' title='bbox 3853 1902 3958 1940; x_wconf 88' lang='lat' dir='ltr'>non</span> <span class='ocrx_word' id='word_1_493' title='bbox 3981 1902 4062 1941; x_wconf 86' lang='lat' dir='ltr'>ac-</span> 
     </span>
     <span class='ocr_line' id='line_1_69' title="bbox 2545 1956 4063 2024; baseline 0.001 -16"><span class='ocrx_word' id='word_1_494' title='bbox 2545 1958 3148 2023; x_wconf 66' lang='lat' dir='ltr'>ceptaturmonobligat,</span> <span class='ocrx_word' id='word_1_495' title='bbox 3160 1958 3359 2009; x_wconf 85' lang='lat' dir='ltr'>etiamsi</span> <span class='ocrx_word' id='word_1_496' title='bbox 3384 1956 3594 2011; x_wconf 80' lang='lat' dir='ltr'>fortasse</span> <span class='ocrx_word' id='word_1_497' title='bbox 3611 1958 3664 2009; x_wconf 88' lang='lat' dir='ltr'>in</span> <span class='ocrx_word' id='word_1_498' title='bbox 3683 1959 3935 2024; x_wconf 89' lang='lat' dir='ltr'>principio</span> <span class='ocrx_word' id='word_1_499' title='bbox 3953 1960 4063 2010; x_wconf 88' lang='lat' dir='ltr'>cul-</span> 
     </span>
     <span class='ocr_line' id='line_1_70' title="bbox 2545 2027 4062 2094; baseline 0.002 -16"><span class='ocrx_word' id='word_1_500' title='bbox 2545 2028 2791 2093; x_wconf 83' lang='lat' dir='ltr'>pabiliter</span> <span class='ocrx_word' id='word_1_501' title='bbox 2827 2042 2928 2080; x_wconf 90' lang='lat' dir='ltr'>non</span> <span class='ocrx_word' id='word_1_502' title='bbox 2953 2027 3114 2079; x_wconf 88' lang='lat' dir='ltr'>fuerit</span> <span class='ocrx_word' id='word_1_503' title='bbox 3136 2028 3428 2080; x_wconf 84' lang='lat' dir='ltr'>observata.</span> <span class='ocrx_word' id='word_1_504' title='bbox 3449 2054 3517 2068; x_wconf 90' lang='lat'>——</span> <span class='ocrx_word' id='word_1_505' title='bbox 3535 2028 3588 2080; x_wconf 89' lang='lat' dir='ltr'>Si</span> <span class='ocrx_word' id='word_1_506' title='bbox 3609 2031 3766 2081; x_wconf 85' lang='lat' dir='ltr'>maior</span> <span class='ocrx_word' id='word_1_507' title='bbox 3789 2042 3908 2094; x_wconf 83' lang='lat' dir='ltr'>pars</span> <span class='ocrx_word' id='word_1_508' title='bbox 3935 2031 4062 2081; x_wconf 66' lang='lat' dir='ltr'>resi-</span> 
     </span>
     <span class='ocr_line' id='line_1_71' title="bbox 2546 2098 4056 2163; baseline 0 -14"><span class='ocrx_word' id='word_1_509' title='bbox 2546 2104 2672 2161; x_wconf 84' lang='lat' dir='ltr'>stat,</span> <span class='ocrx_word' id='word_1_510' title='bbox 2685 2098 2962 2151; x_wconf 82' lang='lat' dir='ltr'>inducetur</span> <span class='ocrx_word' id='word_1_511' title='bbox 2987 2098 3303 2151; x_wconf 87' lang='lat' dir='ltr'>consnetudo</span> <span class='ocrx_word' id='word_1_512' title='bbox 3323 2104 3502 2151; x_wconf 83' lang='lat' dir='ltr'>contra</span> <span class='ocrx_word' id='word_1_513' title='bbox 3531 2100 3884 2163; x_wconf 85' lang='lat' dir='ltr'>obligationem</span> <span class='ocrx_word' id='word_1_514' title='bbox 3905 2100 4056 2163; x_wconf 83' lang='lat' dir='ltr'>legis.</span> 
     </span>
     <span class='ocr_line' id='line_1_72' title="bbox 2545 2168 4061 2235; baseline 0.001 -16"><span class='ocrx_word' id='word_1_515' title='bbox 2545 2195 2616 2205; x_wconf 96' lang='lat'>—</span> <span class='ocrx_word' id='word_1_516' title='bbox 2635 2170 2686 2219; x_wconf 88' lang='grc'>7.</span> <span class='ocrx_word' id='word_1_517' title='bbox 2713 2169 2932 2220; x_wconf 88' lang='lat' dir='ltr'>Dubium</span> <span class='ocrx_word' id='word_1_518' title='bbox 2967 2169 3034 2220; x_wconf 89' lang='lat' dir='ltr'>de</span> <span class='ocrx_word' id='word_1_519' title='bbox 3055 2169 3272 2221; x_wconf 85' lang='lat' dir='ltr'>seientia</span> <span class='ocrx_word' id='word_1_520' title='bbox 3295 2170 3556 2235; x_wconf 86' lang='lat' dir='ltr'>principis.</span> <span class='ocrx_word' id='word_1_521' title='bbox 3585 2197 3653 2207; x_wconf 92' lang='lat'>—</span> <span class='ocrx_word' id='word_1_522' title='bbox 3677 2170 3728 2223; x_wconf 85' lang='grc'><strong>8.</strong></span> <span class='ocrx_word' id='word_1_523' title='bbox 3764 2168 4061 2221; x_wconf 80' lang='lat' dir='ltr'>Differentia</span> 
     </span>
     <span class='ocr_line' id='line_1_73' title="bbox 2543 2238 4060 2309; baseline 0.001 -20"><span class='ocrx_word' id='word_1_524' title='bbox 2543 2238 2829 2291; x_wconf 88' lang='lat' dir='ltr'>adhihenda</span> <span class='ocrx_word' id='word_1_525' title='bbox 2854 2240 2990 2291; x_wconf 89' lang='lat' dir='ltr'>inter</span> <span class='ocrx_word' id='word_1_526' title='bbox 3018 2250 3166 2291; x_wconf 85' lang='lat' dir='ltr'>casus</span> <span class='ocrx_word' id='word_1_527' title='bbox 3189 2240 3453 2309; x_wconf 84' lang='lat' dir='ltr'>scientiae.</span> <span class='ocrx_word' id='word_1_528' title='bbox 3475 2268 3544 2277; x_wconf 94' lang='lat'><strong>—</strong></span> <span class='ocrx_word' id='word_1_529' title='bbox 3567 2239 3620 2291; x_wconf 86' lang='lat'>9.</span> <span class='ocrx_word' id='word_1_530' title='bbox 3647 2240 3698 2291; x_wconf 91' lang='lat' dir='ltr'>Si</span> <span class='ocrx_word' id='word_1_531' title='bbox 3722 2252 3751 2290; x_wconf 91' lang='lat' dir='ltr'>a</span> <span class='ocrx_word' id='word_1_532' title='bbox 3773 2240 4060 2291; x_wconf 85' lang='lat' dir='ltr'>scientibus</span> 
     </span>
     <span class='ocr_line' id='line_1_74' title="bbox 2541 2308 4060 2375; baseline 0.001 -15"><span class='ocrx_word' id='word_1_533' title='bbox 2541 2322 2638 2374; x_wconf 86' lang='lat' dir='ltr'>pro</span> <span class='ocrx_word' id='word_1_534' title='bbox 2667 2309 2848 2361; x_wconf 85' lang='lat' dir='ltr'>maiori</span> <span class='ocrx_word' id='word_1_535' title='bbox 2881 2316 3029 2375; x_wconf 85' lang='lat' dir='ltr'>parte</span> <span class='ocrx_word' id='word_1_536' title='bbox 3052 2310 3357 2361; x_wconf 85' lang='lat' dir='ltr'>observetur</span> <span class='ocrx_word' id='word_1_537' title='bbox 3383 2310 3492 2373; x_wconf 86' lang='lat' dir='ltr'>lex,</span> <span class='ocrx_word' id='word_1_538' title='bbox 3527 2310 3622 2363; x_wconf 85' lang='lat' dir='ltr'>hoc</span> <span class='ocrx_word' id='word_1_539' title='bbox 3647 2308 3858 2372; x_wconf 80' lang='lat' dir='ltr'>sufficit,</span> <span class='ocrx_word' id='word_1_540' title='bbox 3881 2316 3944 2361; x_wconf 90' lang='lat' dir='ltr'>ut</span> <span class='ocrx_word' id='word_1_541' title='bbox 3969 2324 4060 2375; x_wconf 84' lang='lat' dir='ltr'>pro</span> 
     </span>
     <span class='ocr_line' id='line_1_75' title="bbox 2543 2380 3667 2445; baseline 0.002 -16"><span class='ocrx_word' id='word_1_542' title='bbox 2543 2380 2900 2443; x_wconf 85' lang='lat' dir='ltr'>ignorantibus</span> <span class='ocrx_word' id='word_1_543' title='bbox 2917 2393 3062 2433; x_wconf 85' lang='lat' dir='ltr'>suam</span> <span class='ocrx_word' id='word_1_544' title='bbox 3081 2380 3443 2445; x_wconf 88' lang='lat' dir='ltr'>obligationem</span> <span class='ocrx_word' id='word_1_545' title='bbox 3465 2380 3667 2433; x_wconf 80' lang='lat' dir='ltr'>habeat.</span> 
     </span>
    </p>
   </div>
   <div class='ocr_carea' id='block_1_10' title="bbox 2458 2536 4057 5323">
    <p class='ocr_par' dir='ltr' id='par_1_12' title="bbox 2460 2536 4057 5050">
     <span class='ocr_line' id='line_1_76' title="bbox 2555 2536 4052 2616; baseline -0.002 -17"><span class='ocrx_word' id='word_1_546' title='bbox 2555 2543 2605 2599; x_wconf 87' lang='lat'>1.</span> <span class='ocrx_word' id='word_1_547' title='bbox 2635 2541 2789 2599; x_wconf 85' lang='lat' dir='ltr'>Hanc</span> <span class='ocrx_word' id='word_1_548' title='bbox 2828 2542 3204 2616; x_wconf 85' lang='lat' dir='ltr'>quaestionem</span> <span class='ocrx_word' id='word_1_549' title='bbox 3241 2539 3398 2599; x_wconf 88' lang='lat' dir='ltr'>facile</span> <span class='ocrx_word' id='word_1_550' title='bbox 3435 2540 3486 2599; x_wconf 91' lang='lat' dir='ltr'>in</span> <span class='ocrx_word' id='word_1_551' title='bbox 3514 2538 3778 2613; x_wconf 86' lang='lat' dir='ltr'>praesenti</span> <span class='ocrx_word' id='word_1_552' title='bbox 3801 2536 4052 2613; x_wconf 86' lang='lat' dir='ltr'>expedie-</span> 
     </span>
     <span class='ocr_line' id='line_1_77' title="bbox 2475 2627 4057 2707; baseline -0.002 -19"><span class='ocrx_word' id='word_1_553' title='bbox 2475 2645 2601 2689; x_wconf 87' lang='lat' dir='ltr'>mus</span> <span class='ocrx_word' id='word_1_554' title='bbox 2639 2646 2707 2689; x_wconf 88' lang='lat' dir='ltr'>ex</span> <span class='ocrx_word' id='word_1_555' title='bbox 2747 2631 2853 2705; x_wconf 87' lang='lat' dir='ltr'>bis,</span> <span class='ocrx_word' id='word_1_556' title='bbox 2897 2647 3041 2707; x_wconf 85' lang='lat' dir='ltr'>quae</span> <span class='ocrx_word' id='word_1_557' title='bbox 3068 2631 3138 2690; x_wconf 90' lang='lat' dir='ltr'>de</span> <span class='ocrx_word' id='word_1_558' title='bbox 3166 2632 3286 2705; x_wconf 87' lang='lat' dir='ltr'>lege</span> <span class='ocrx_word' id='word_1_559' title='bbox 3307 2630 3452 2688; x_wconf 88' lang='lat' dir='ltr'>civili</span> <span class='ocrx_word' id='word_1_560' title='bbox 3475 2627 3728 2703; x_wconf 77' lang='lat' dir='ltr'>diximus,</span> <span class='ocrx_word' id='word_1_561' title='bbox 3755 2636 3816 2687; x_wconf 90' lang='lat' dir='ltr'>et</span> <span class='ocrx_word' id='word_1_562' title='bbox 3839 2628 3936 2685; x_wconf 86' lang='lat' dir='ltr'>bic</span> <span class='ocrx_word' id='word_1_563' title='bbox 3961 2627 4057 2686; x_wconf 88' lang='lat' dir='ltr'>ad-</span> 
     </span>
     <span class='ocr_line' id='line_1_78' title="bbox 2471 2718 4053 2795; baseline -0.001 -16"><span class='ocrx_word' id='word_1_564' title='bbox 2471 2720 2668 2779; x_wconf 89' lang='lat' dir='ltr'>demus</span> <span class='ocrx_word' id='word_1_565' title='bbox 2691 2736 2780 2793; x_wconf 90' lang='lat' dir='ltr'>ea,</span> <span class='ocrx_word' id='word_1_566' title='bbox 2808 2737 2949 2795; x_wconf 85' lang='lat' dir='ltr'>quae</span> <span class='ocrx_word' id='word_1_567' title='bbox 2975 2723 3046 2780; x_wconf 90' lang='lat' dir='ltr'>ibi</span> <span class='ocrx_word' id='word_1_568' title='bbox 3077 2724 3128 2781; x_wconf 91' lang='lat' dir='ltr'>in</span> <span class='ocrx_word' id='word_1_569' title='bbox 3155 2721 3306 2781; x_wconf 88' lang='lat' dir='ltr'>huuc</span> <span class='ocrx_word' id='word_1_570' title='bbox 3334 2722 3518 2779; x_wconf 88' lang='lat' dir='ltr'>locum</span> <span class='ocrx_word' id='word_1_571' title='bbox 3543 2720 3866 2779; x_wconf 86' lang='lat' dir='ltr'>remisimus.</span> <span class='ocrx_word' id='word_1_572' title='bbox 3900 2718 4053 2778; x_wconf 74' lang='lat' dir='ltr'>uuiti</span> 
     </span>
     <span class='ocr_line' id='line_1_79' title="bbox 2469 2809 4047 2887; baseline -0.001 -19"><span class='ocrx_word' id='word_1_573' title='bbox 2469 2826 2601 2885; x_wconf 91' lang='lat' dir='ltr'>ergo</span> <span class='ocrx_word' id='word_1_574' title='bbox 2639 2818 2894 2871; x_wconf 89' lang='lat' dir='ltr'>auctores</span> <span class='ocrx_word' id='word_1_575' title='bbox 2913 2855 2928 2885; x_wconf 94' lang='lat'>,</span> <span class='ocrx_word' id='word_1_576' title='bbox 2971 2815 3068 2887; x_wconf 87' lang='lat' dir='ltr'>qui</span> <span class='ocrx_word' id='word_1_577' title='bbox 3105 2812 3158 2870; x_wconf 90' lang='lat' dir='ltr'>in</span> <span class='ocrx_word' id='word_1_578' title='bbox 3193 2812 3313 2887; x_wconf 88' lang='lat' dir='ltr'>lege</span> <span class='ocrx_word' id='word_1_579' title='bbox 3335 2811 3481 2869; x_wconf 77' lang='lat' dir='ltr'>civili</span> <span class='ocrx_word' id='word_1_580' title='bbox 3508 2818 3716 2885; x_wconf 88' lang='lat' dir='ltr'>ponunt</span> <span class='ocrx_word' id='word_1_581' title='bbox 3739 2809 4047 2884; x_wconf 83' lang='lat' dir='ltr'>dependen-</span> 
     </span>
     <span class='ocr_line' id='line_1_80' title="bbox 2471 2901 4050 2977; baseline -0.001 -18"><span class='ocrx_word' id='word_1_582' title='bbox 2471 2903 2601 2959; x_wconf 89' lang='lat' dir='ltr'>tiam</span> <span class='ocrx_word' id='word_1_583' title='bbox 2629 2902 2697 2959; x_wconf 91' lang='lat' dir='ltr'>ab</span> <span class='ocrx_word' id='word_1_584' title='bbox 2723 2905 3101 2977; x_wconf 89' lang='lat' dir='ltr'>acceptatione</span> <span class='ocrx_word' id='word_1_585' title='bbox 3149 2902 3522 2976; x_wconf 85' lang='lat' dir='ltr'>subditorum,</span> <span class='ocrx_word' id='word_1_586' title='bbox 3567 2901 3805 2960; x_wconf 89' lang='lat' dir='ltr'>eamdem</span> <span class='ocrx_word' id='word_1_587' title='bbox 3833 2906 4050 2974; x_wconf 87' lang='lat' dir='ltr'>ponunt</span> 
     </span>
     <span class='ocr_line' id='line_1_81' title="bbox 2471 2990 4054 3067; baseline 0 -20"><span class='ocrx_word' id='word_1_588' title='bbox 2471 2992 2528 3047; x_wconf 89' lang='lat' dir='ltr'>in</span> <span class='ocrx_word' id='word_1_589' title='bbox 2558 2992 2675 3067; x_wconf 91' lang='lat' dir='ltr'>lege</span> <span class='ocrx_word' id='word_1_590' title='bbox 2702 2994 2990 3064; x_wconf 88' lang='lat' dir='ltr'>canonica,</span> <span class='ocrx_word' id='word_1_591' title='bbox 3005 3000 3065 3051; x_wconf 94' lang='lat' dir='ltr'>et</span> <span class='ocrx_word' id='word_1_592' title='bbox 3091 2990 3454 3051; x_wconf 80' lang='lat' dir='ltr'>indifferenter</span> <span class='ocrx_word' id='word_1_593' title='bbox 3471 2991 3540 3051; x_wconf 92' lang='lat' dir='ltr'>de</span> <span class='ocrx_word' id='word_1_594' title='bbox 3559 2998 3790 3065; x_wconf 85' lang='lat' dir='ltr'>utraque</span> <span class='ocrx_word' id='word_1_595' title='bbox 3815 2990 4054 3065; x_wconf 87' lang='lat' dir='ltr'>loquun-</span> 
     </span>
     <span class='ocr_line' id='line_1_82' title="bbox 2471 3081 4055 3158; baseline -0.001 -19"><span class='ocrx_word' id='word_1_596' title='bbox 2471 3086 2586 3140; x_wconf 90' lang='lat' dir='ltr'>tur.</span> <span class='ocrx_word' id='word_1_597' title='bbox 2616 3084 2696 3139; x_wconf 88' lang='lat' dir='ltr'>lta</span> <span class='ocrx_word' id='word_1_598' title='bbox 2732 3082 2930 3156; x_wconf 69' lang='lat' dir='ltr'>Maior,</span> <span class='ocrx_word' id='word_1_599' title='bbox 2971 3081 3200 3156; x_wconf 85' lang='lat' dir='ltr'>Driedo,</span> <span class='ocrx_word' id='word_1_600' title='bbox 3236 3083 3432 3158; x_wconf 79' lang='lat' dir='ltr'>Angel.</span> <span class='ocrx_word' id='word_1_601' title='bbox 3461 3081 3664 3141; x_wconf 81' lang='lat' dir='ltr'>Armill.</span> <span class='ocrx_word' id='word_1_602' title='bbox 3694 3082 3918 3139; x_wconf 80' lang='lat' dir='ltr'>Navarr.</span> <span class='ocrx_word' id='word_1_603' title='bbox 3951 3082 4055 3138; x_wconf 88' lang='lat' dir='ltr'>Co-</span> 
     </span>
     <span class='ocr_line' id='line_1_83' title="bbox 2467 3169 4056 3245; baseline 0.001 -19"><span class='ocrx_word' id='word_1_604' title='bbox 2467 3186 2693 3231; x_wconf 84' lang='lat' dir='ltr'>varruv.</span> <span class='ocrx_word' id='word_1_605' title='bbox 2719 3172 2887 3231; x_wconf 83' lang='lat' dir='ltr'>Felin.</span> <span class='ocrx_word' id='word_1_606' title='bbox 2910 3180 2970 3232; x_wconf 91' lang='lat' dir='ltr'>et</span> <span class='ocrx_word' id='word_1_607' title='bbox 2986 3173 3080 3232; x_wconf 87' lang='lat' dir='ltr'>alii</span> <span class='ocrx_word' id='word_1_608' title='bbox 3119 3172 3408 3245; x_wconf 89' lang='lat' dir='ltr'>iurisperiti</span> <span class='ocrx_word' id='word_1_609' title='bbox 3449 3187 3550 3245; x_wconf 89' lang='lat' dir='ltr'>pro</span> <span class='ocrx_word' id='word_1_610' title='bbox 3587 3170 3672 3228; x_wconf 90' lang='lat' dir='ltr'>illa</span> <span class='ocrx_word' id='word_1_611' title='bbox 3697 3170 3948 3243; x_wconf 89' lang='lat' dir='ltr'>opinione</span> <span class='ocrx_word' id='word_1_612' title='bbox 3975 3169 4056 3227; x_wconf 89' lang='lat' dir='ltr'>al·</span> 
     </span>
     <span class='ocr_line' id='line_1_84' title="bbox 2469 3260 4056 3338; baseline -0.001 -19"><span class='ocrx_word' id='word_1_613' title='bbox 2469 3260 2667 3338; x_wconf 82' lang='lat' dir='ltr'>legati,</span> <span class='ocrx_word' id='word_1_614' title='bbox 2695 3264 3018 3337; x_wconf 83' lang='lat' dir='ltr'>praesertim</span> <span class='ocrx_word' id='word_1_615' title='bbox 3053 3265 3109 3320; x_wconf 89' lang='lat' dir='ltr'>in</span> <span class='ocrx_word' id='word_1_616' title='bbox 3145 3262 3321 3336; x_wconf 90' lang='lat' dir='ltr'>capite</span> <span class='ocrx_word' id='word_1_617' title='bbox 3351 3266 3400 3322; x_wconf 81' lang='lat' dir='ltr'>t.</span> <span class='ocrx_word' id='word_1_618' title='bbox 3433 3262 3500 3320; x_wconf 92' lang='lat' dir='ltr'>de</span> <span class='ocrx_word' id='word_1_619' title='bbox 3525 3267 3703 3335; x_wconf 87' lang='lat' dir='ltr'>tregu.</span> <span class='ocrx_word' id='word_1_620' title='bbox 3733 3266 3790 3317; x_wconf 89' lang='lat' dir='ltr'>et</span> <span class='ocrx_word' id='word_1_621' title='bbox 3813 3275 3941 3333; x_wconf 88' lang='lat' dir='ltr'>pac.</span> <span class='ocrx_word' id='word_1_622' title='bbox 3962 3260 4056 3317; x_wconf 88' lang='lat' dir='ltr'>ubi</span> 
     </span>
     <span class='ocr_line' id='line_1_85' title="bbox 2467 3351 4051 3427; baseline -0.001 -18"><span class='ocrx_word' id='word_1_623' title='bbox 2467 3352 2661 3411; x_wconf 84' lang='lat' dir='ltr'>Glossa</span> <span class='ocrx_word' id='word_1_624' title='bbox 2695 3353 2866 3412; x_wconf 86' lang='lat' dir='ltr'>verbo</span> <span class='ocrx_word' id='word_1_625' title='bbox 2887 3351 3203 3427; x_wconf 60' lang='lat' dir='ltr'>frances-e.</span> <span class='ocrx_word' id='word_1_626' title='bbox 3233 3352 3304 3411; x_wconf 89' lang='lat' dir='ltr'>Et</span> <span class='ocrx_word' id='word_1_627' title='bbox 3341 3354 3589 3427; x_wconf 86' lang='lat' dir='ltr'>sequitur</span> <span class='ocrx_word' id='word_1_628' title='bbox 3610 3352 3872 3409; x_wconf 84' lang='lat' dir='ltr'>Henricus</span> <span class='ocrx_word' id='word_1_629' title='bbox 3890 3392 3908 3423; x_wconf 90' lang='lat'>,</span> <span class='ocrx_word' id='word_1_630' title='bbox 3939 3356 4051 3407; x_wconf 87' lang='lat' dir='ltr'>tra·</span> 
     </span>
     <span class='ocr_line' id='line_1_86' title="bbox 2466 3439 4056 3520; baseline -0.003 -18"><span class='ocrx_word' id='word_1_631' title='bbox 2466 3450 2623 3503; x_wconf 89' lang='lat' dir='ltr'>ctatu</span> <span class='ocrx_word' id='word_1_632' title='bbox 2657 3441 2730 3501; x_wconf 81' lang='lat' dir='ltr'>de</span> <span class='ocrx_word' id='word_1_633' title='bbox 2765 3440 2992 3520; x_wconf 71' lang='lat' dir='ltr'>synod.</span> <span class='ocrx_word' id='word_1_634' title='bbox 3027 3448 3183 3519; x_wconf 79' lang='lat' dir='ltr'>post.</span> <span class='ocrx_word' id='word_1_635' title='bbox 3223 3446 3256 3501; x_wconf 80' lang='lat'><strong>3</strong></span> <span class='ocrx_word' id='word_1_636' title='bbox 3284 3448 3428 3515; x_wconf 86' lang='lat' dir='ltr'>part.</span> <span class='ocrx_word' id='word_1_637' title='bbox 3459 3448 3562 3501; x_wconf 87' lang='lat' dir='ltr'>art.</span> <span class='ocrx_word' id='word_1_638' title='bbox 3594 3448 3654 3515; x_wconf 85' lang='lat'>2,</span> <span class='ocrx_word' id='word_1_639' title='bbox 3680 3456 3713 3498; x_wconf 89' lang='lat' dir='ltr'>a</span> <span class='ocrx_word' id='word_1_640' title='bbox 3738 3457 3797 3499; x_wconf 90' lang='lat' dir='ltr'>n.</span> <span class='ocrx_word' id='word_1_641' title='bbox 3829 3445 3926 3513; x_wconf 81' lang='lat'>50,</span> <span class='ocrx_word' id='word_1_642' title='bbox 3957 3439 4056 3498; x_wconf 78' lang='lat' dir='ltr'>sed</span> 
     </span>
     <span class='ocr_line' id='line_1_87' title="bbox 2467 3530 4056 3609; baseline -0.004 -16"><span class='ocrx_word' id='word_1_643' title='bbox 2467 3535 2786 3609; x_wconf 86' lang='lat' dir='ltr'>praesertim</span> <span class='ocrx_word' id='word_1_644' title='bbox 2813 3548 2872 3591; x_wconf 90' lang='lat' dir='ltr'>n.</span> <span class='ocrx_word' id='word_1_645' title='bbox 2898 3537 2990 3593; x_wconf 78' lang='grc'><strong>62.</strong></span> <span class='ocrx_word' id='word_1_646' title='bbox 3015 3532 3170 3606; x_wconf 88' lang='lat' dir='ltr'>dicit,</span> <span class='ocrx_word' id='word_1_647' title='bbox 3202 3530 3272 3591; x_wconf 85' lang='lat' dir='ltr'>ad</span> <span class='ocrx_word' id='word_1_648' title='bbox 3296 3532 3656 3607; x_wconf 82' lang='lat' dir='ltr'>integritatem</span> <span class='ocrx_word' id='word_1_649' title='bbox 3683 3530 3813 3604; x_wconf 86' lang='lat' dir='ltr'>legis</span> <span class='ocrx_word' id='word_1_650' title='bbox 3835 3537 3894 3588; x_wconf 90' lang='lat' dir='ltr'>et</span> <span class='ocrx_word' id='word_1_651' title='bbox 3919 3544 4056 3587; x_wconf 91' lang='lat' dir='ltr'>con-</span> 
     </span>
     <span class='ocr_line' id='line_1_88' title="bbox 2470 3620 4055 3697; baseline -0.004 -13"><span class='ocrx_word' id='word_1_652' title='bbox 2470 3625 2768 3684; x_wconf 85' lang='lat' dir='ltr'>stitutionis</span> <span class='ocrx_word' id='word_1_653' title='bbox 2803 3624 2909 3682; x_wconf 88' lang='lat' dir='ltr'>tria</span> <span class='ocrx_word' id='word_1_654' title='bbox 2949 3624 3172 3697; x_wconf 85' lang='lat' dir='ltr'>requiri.</span> <span class='ocrx_word' id='word_1_655' title='bbox 3202 3624 3383 3681; x_wconf 91' lang='lat' dir='ltr'>Primo</span> <span class='ocrx_word' id='word_1_656' title='bbox 3399 3664 3416 3695; x_wconf 92' lang='lat'>,</span> <span class='ocrx_word' id='word_1_657' title='bbox 3447 3628 3510 3679; x_wconf 89' lang='lat' dir='ltr'>ut</span> <span class='ocrx_word' id='word_1_658' title='bbox 3543 3620 3926 3680; x_wconf 86' lang='lat' dir='ltr'>constituatur.</span> <span class='ocrx_word' id='word_1_659' title='bbox 3958 3621 4055 3678; x_wconf 89' lang='lat' dir='ltr'>Se-</span> 
     </span>
     <span class='ocr_line' id='line_1_89' title="bbox 2470 3712 4054 3789; baseline -0.003 -14"><span class='ocrx_word' id='word_1_660' title='bbox 2470 3714 2676 3789; x_wconf 89' lang='lat' dir='ltr'>cundo,</span> <span class='ocrx_word' id='word_1_661' title='bbox 2699 3721 2766 3774; x_wconf 90' lang='lat' dir='ltr'>ut</span> <span class='ocrx_word' id='word_1_662' title='bbox 2791 3714 3191 3788; x_wconf 86' lang='lat' dir='ltr'>promulgetur.</span> <span class='ocrx_word' id='word_1_663' title='bbox 3210 3714 3494 3787; x_wconf 81' lang='lat' dir='ltr'>Tertio,ut</span> <span class='ocrx_word' id='word_1_664' title='bbox 3517 3712 3758 3770; x_wconf 90' lang='lat' dir='ltr'>moribus</span> <span class='ocrx_word' id='word_1_665' title='bbox 3777 3713 4054 3771; x_wconf 87' lang='lat' dir='ltr'>utentium</span> 
     </span>
     <span class='ocr_line' id='line_1_90' title="bbox 2470 3800 4056 3880; baseline -0.004 -16"><span class='ocrx_word' id='word_1_666' title='bbox 2470 3805 2843 3880; x_wconf 82' lang='lat' dir='ltr'>approbetur3</span> <span class='ocrx_word' id='word_1_667' title='bbox 2871 3810 2930 3861; x_wconf 90' lang='lat' dir='ltr'>et</span> <span class='ocrx_word' id='word_1_668' title='bbox 2955 3801 3137 3879; x_wconf 88' lang='lat' dir='ltr'>siquid</span> <span class='ocrx_word' id='word_1_669' title='bbox 3165 3801 3385 3876; x_wconf 86' lang='lat' dir='ltr'>borum,</span> <span class='ocrx_word' id='word_1_670' title='bbox 3412 3800 3606 3876; x_wconf 88' lang='lat' dir='ltr'>inquit,</span> <span class='ocrx_word' id='word_1_671' title='bbox 3633 3800 3789 3871; x_wconf 85' lang='lat' dir='ltr'>desit,</span> <span class='ocrx_word' id='word_1_672' title='bbox 3817 3815 3930 3858; x_wconf 88' lang='lat' dir='ltr'>non</span> <span class='ocrx_word' id='word_1_673' title='bbox 3957 3802 4056 3858; x_wconf 91' lang='lat' dir='ltr'>de-</span> 
     </span>
     <span class='ocr_line' id='line_1_91' title="bbox 2469 3888 4054 3965; baseline -0.004 -12"><span class='ocrx_word' id='word_1_674' title='bbox 2469 3895 2564 3953; x_wconf 88' lang='lat' dir='ltr'>bet</span> <span class='ocrx_word' id='word_1_675' title='bbox 2587 3894 2698 3953; x_wconf 87' lang='lat' dir='ltr'>dici</span> <span class='ocrx_word' id='word_1_676' title='bbox 2725 3894 2809 3952; x_wconf 79' lang='lat' dir='ltr'>lex</span> <span class='ocrx_word' id='word_1_677' title='bbox 2836 3891 2921 3950; x_wconf 90' lang='lat' dir='ltr'>vel</span> <span class='ocrx_word' id='word_1_678' title='bbox 2949 3892 3288 3952; x_wconf 87' lang='lat' dir='ltr'>constitutio:</span> <span class='ocrx_word' id='word_1_679' title='bbox 3317 3898 3379 3950; x_wconf 89' lang='lat' dir='ltr'>et</span> <span class='ocrx_word' id='word_1_680' title='bbox 3403 3888 3694 3965; x_wconf 86' lang='lat' dir='ltr'>subiungit,</span> <span class='ocrx_word' id='word_1_681' title='bbox 3711 3904 3839 3947; x_wconf 91' lang='lat' dir='ltr'>cum</span> <span class='ocrx_word' id='word_1_682' title='bbox 3865 3890 4054 3963; x_wconf 89' lang='lat' dir='ltr'>agitur</span> 
     </span>
     <span class='ocr_line' id='line_1_92' title="bbox 2469 3980 4054 4058; baseline -0.003 -15"><span class='ocrx_word' id='word_1_683' title='bbox 2469 3984 2540 4043; x_wconf 89' lang='lat' dir='ltr'>de</span> <span class='ocrx_word' id='word_1_684' title='bbox 2566 3982 2908 4058; x_wconf 87' lang='lat' dir='ltr'>impediendo</span> <span class='ocrx_word' id='word_1_685' title='bbox 2934 3982 3154 4041; x_wconf 87' lang='lat' dir='ltr'>vinculo</span> <span class='ocrx_word' id='word_1_686' title='bbox 3179 3984 3372 4041; x_wconf 87' lang='lat' dir='ltr'>statuti</span> <span class='ocrx_word' id='word_1_687' title='bbox 3395 3984 3554 4055; x_wconf 80' lang='lat' dir='ltr'>novi,</span> <span class='ocrx_word' id='word_1_688' title='bbox 3587 3988 3643 4039; x_wconf 91' lang='lat' dir='ltr'>et</span> <span class='ocrx_word' id='word_1_689' title='bbox 3663 3996 3772 4040; x_wconf 89' lang='lat' dir='ltr'>non</span> <span class='ocrx_word' id='word_1_690' title='bbox 3797 3980 3866 4039; x_wconf 91' lang='lat' dir='ltr'>de</span> <span class='ocrx_word' id='word_1_691' title='bbox 3892 3996 4054 4056; x_wconf 78' lang='lat' dir='ltr'>prae-</span> 
     </span>
     <span class='ocr_line' id='line_1_93' title="bbox 2469 4074 4051 4147; baseline -0.003 -14"><span class='ocrx_word' id='word_1_692' title='bbox 2469 4074 2760 4133; x_wconf 84' lang='lat' dir='ltr'>scribendo</span> <span class='ocrx_word' id='word_1_693' title='bbox 2799 4080 2997 4133; x_wconf 91' lang='lat' dir='ltr'>contra</span> <span class='ocrx_word' id='word_1_694' title='bbox 3033 4078 3300 4132; x_wconf 87' lang='lat' dir='ltr'>statutum</span> <span class='ocrx_word' id='word_1_695' title='bbox 3317 4114 3334 4147; x_wconf 90' lang='lat'>,</span> <span class='ocrx_word' id='word_1_696' title='bbox 3379 4088 3486 4131; x_wconf 88' lang='lat' dir='ltr'>non</span> <span class='ocrx_word' id='word_1_697' title='bbox 3512 4086 3738 4145; x_wconf 87' lang='lat' dir='ltr'>peccare</span> <span class='ocrx_word' id='word_1_698' title='bbox 3761 4077 4051 4129; x_wconf 86' lang='lat' dir='ltr'>contrave·</span> 
     </span>
     <span class='ocr_line' id='line_1_94' title="bbox 2465 4158 4046 4224; baseline -0.004 0"><span class='ocrx_word' id='word_1_699' title='bbox 2465 4166 2674 4224; x_wconf 88' lang='lat' dir='ltr'>nientes</span> <span class='ocrx_word' id='word_1_700' title='bbox 2699 4170 2928 4223; x_wconf 88' lang='lat' dir='ltr'>statuto.</span> <span class='ocrx_word' id='word_1_701' title='bbox 2957 4162 3030 4223; x_wconf 77' lang='lat' dir='ltr'>Et</span> <span class='ocrx_word' id='word_1_702' title='bbox 3071 4163 3243 4223; x_wconf 84' lang='lat' dir='ltr'>refert</span> <span class='ocrx_word' id='word_1_703' title='bbox 3274 4164 3711 4221; x_wconf 87' lang='lat' dir='ltr'>Panormitanum</span> <span class='ocrx_word' id='word_1_704' title='bbox 3731 4161 3784 4218; x_wconf 83' lang='lat' dir='ltr'>in</span> <span class='ocrx_word' id='word_1_705' title='bbox 3809 4158 3868 4218; x_wconf 90' lang='lat' dir='ltr'>d.</span> <span class='ocrx_word' id='word_1_706' title='bbox 3899 4177 3956 4218; x_wconf 93' lang='lat' dir='ltr'>c.</span> <span class='ocrx_word' id='word_1_707' title='bbox 3995 4166 4046 4220; x_wconf 82' lang='lat' dir='ltr'>l.</span> 
     </span>
     <span class='ocr_line' id='line_1_95' title="bbox 2465 4249 4046 4328; baseline -0.005 -14"><span class='ocrx_word' id='word_1_708' title='bbox 2465 4261 2526 4315; x_wconf 90' lang='lat' dir='ltr'>et</span> <span class='ocrx_word' id='word_1_709' title='bbox 2549 4254 2774 4314; x_wconf 85' lang='lat' dir='ltr'>Decium</span> <span class='ocrx_word' id='word_1_710' title='bbox 2797 4254 2853 4311; x_wconf 88' lang='lat' dir='ltr'>in</span> <span class='ocrx_word' id='word_1_711' title='bbox 2881 4269 2935 4313; x_wconf 91' lang='lat' dir='ltr'>c.</span> <span class='ocrx_word' id='word_1_712' title='bbox 2966 4257 3132 4312; x_wconf 74' lang='lat' dir='ltr'>Nam</span> <span class='ocrx_word' id='word_1_713' title='bbox 3153 4254 3706 4328; x_wconf 66' lang='lat' dir='ltr'>concupiscentiam,</span> <span class='ocrx_word' id='word_1_714' title='bbox 3733 4249 3802 4308; x_wconf 89' lang='lat' dir='ltr'>de</span> <span class='ocrx_word' id='word_1_715' title='bbox 3818 4250 4046 4307; x_wconf 87' lang='lat' dir='ltr'>constit.</span> 
     </span>
     <span class='ocr_line' id='line_1_96' title="bbox 2463 4340 4047 4406; baseline -0.004 -3"><span class='ocrx_word' id='word_1_716' title='bbox 2463 4345 2594 4404; x_wconf 91' lang='lat' dir='ltr'>lect.</span> <span class='ocrx_word' id='word_1_717' title='bbox 2645 4351 2694 4406; x_wconf 90' lang='lat'>1.</span> <span class='ocrx_word' id='word_1_718' title='bbox 2736 4344 3173 4403; x_wconf 87' lang='lat' dir='ltr'>Fundamentum</span> <span class='ocrx_word' id='word_1_719' title='bbox 3214 4340 3380 4401; x_wconf 85' lang='lat' dir='ltr'>buius</span> <span class='ocrx_word' id='word_1_720' title='bbox 3419 4342 3710 4401; x_wconf 86' lang='lat' dir='ltr'>sententiae</span> <span class='ocrx_word' id='word_1_721' title='bbox 3747 4346 3926 4399; x_wconf 81' lang='lat' dir='ltr'>totum</span> <span class='ocrx_word' id='word_1_722' title='bbox 3965 4340 4047 4398; x_wconf 81' lang='lat' dir='ltr'>vi·</span> 
     </span>
     <span class='ocr_line' id='line_1_97' title="bbox 2465 4428 4048 4509; baseline -0.004 -16"><span class='ocrx_word' id='word_1_723' title='bbox 2465 4433 2629 4493; x_wconf 89' lang='lat' dir='ltr'>detur</span> <span class='ocrx_word' id='word_1_724' title='bbox 2676 4435 2809 4509; x_wconf 91' lang='lat' dir='ltr'>poni</span> <span class='ocrx_word' id='word_1_725' title='bbox 2853 4434 2906 4491; x_wconf 90' lang='lat' dir='ltr'>in</span> <span class='ocrx_word' id='word_1_726' title='bbox 2953 4439 3304 4507; x_wconf 85' lang='lat' dir='ltr'>praesumpta</span> <span class='ocrx_word' id='word_1_727' title='bbox 3357 4432 3634 4491; x_wconf 83' lang='lat' dir='ltr'>voluntate</span> <span class='ocrx_word' id='word_1_728' title='bbox 3677 4428 4048 4504; x_wconf 82' lang='lat' dir='ltr'>praelatorum</span> 
     </span>
     <span class='ocr_line' id='line_1_98' title="bbox 2463 4517 4040 4599; baseline -0.005 -14"><span class='ocrx_word' id='word_1_729' title='bbox 2463 4526 2748 4585; x_wconf 84' lang='lat' dir='ltr'>Ecclesiae</span> <span class='ocrx_word' id='word_1_730' title='bbox 2785 4521 3016 4598; x_wconf 88' lang='lat' dir='ltr'>ponendi</span> <span class='ocrx_word' id='word_1_731' title='bbox 3043 4522 3194 4599; x_wconf 83' lang='lat' dir='ltr'>leges</span> <span class='ocrx_word' id='word_1_732' title='bbox 3219 4538 3350 4581; x_wconf 84' lang='lat' dir='ltr'>suas</span> <span class='ocrx_word' id='word_1_733' title='bbox 3372 4520 3751 4580; x_wconf 82' lang='lat' dir='ltr'>subintellecta</span> <span class='ocrx_word' id='word_1_734' title='bbox 3775 4517 4040 4577; x_wconf 87' lang='lat' dir='ltr'>conditio-</span> 
     </span>
     <span class='ocr_line' id='line_1_99' title="bbox 2463 4608 4040 4691; baseline -0.004 -17"><span class='ocrx_word' id='word_1_735' title='bbox 2463 4630 2532 4674; x_wconf 91' lang='lat' dir='ltr'>ne</span> <span class='ocrx_word' id='word_1_736' title='bbox 2550 4658 2566 4691; x_wconf 88' lang='lat'>,</span> <span class='ocrx_word' id='word_1_737' title='bbox 2607 4621 2673 4674; x_wconf 91' lang='lat' dir='ltr'>ut</span> <span class='ocrx_word' id='word_1_738' title='bbox 2697 4614 2939 4673; x_wconf 88' lang='lat' dir='ltr'>moribus</span> <span class='ocrx_word' id='word_1_739' title='bbox 2966 4612 3310 4672; x_wconf 87' lang='lat' dir='ltr'>subditorum</span> <span class='ocrx_word' id='word_1_740' title='bbox 3335 4612 3652 4687; x_wconf 86' lang='lat' dir='ltr'>probentur.</span> <span class='ocrx_word' id='word_1_741' title='bbox 3681 4609 3836 4669; x_wconf 86' lang='lat' dir='ltr'>Solus</span> <span class='ocrx_word' id='word_1_742' title='bbox 3873 4608 4040 4667; x_wconf 71' lang='lat' dir='ltr'>Maior</span> 
     </span>
     <span class='ocr_line' id='line_1_100' title="bbox 2465 4698 4041 4776; baseline -0.006 -11"><span class='ocrx_word' id='word_1_743' title='bbox 2465 4704 2668 4765; x_wconf 88' lang='lat' dir='ltr'>indicat</span> <span class='ocrx_word' id='word_1_744' title='bbox 2701 4705 2869 4768; x_wconf 87' lang='lat' dir='ltr'>etiam</span> <span class='ocrx_word' id='word_1_745' title='bbox 2896 4704 2952 4762; x_wconf 91' lang='lat' dir='ltr'>id</span> <span class='ocrx_word' id='word_1_746' title='bbox 2975 4720 3100 4765; x_wconf 87' lang='lat' dir='ltr'>esse</span> <span class='ocrx_word' id='word_1_747' title='bbox 3135 4718 3200 4761; x_wconf 83' lang='lat' dir='ltr'>ex</span> <span class='ocrx_word' id='word_1_748' title='bbox 3229 4702 3447 4762; x_wconf 87' lang='lat' dir='ltr'>defectu</span> <span class='ocrx_word' id='word_1_749' title='bbox 3471 4702 3767 4776; x_wconf 86' lang='lat' dir='ltr'>potestatis,</span> <span class='ocrx_word' id='word_1_750' title='bbox 3791 4698 3918 4773; x_wconf 88' lang='lat' dir='ltr'>quia</span> <span class='ocrx_word' id='word_1_751' title='bbox 3945 4714 4041 4756; x_wconf 85' lang='lat' dir='ltr'>ne·</span> 
     </span>
     <span class='ocr_line' id='line_1_101' title="bbox 2461 4789 4038 4872; baseline -0.004 -17"><span class='ocrx_word' id='word_1_752' title='bbox 2461 4803 2678 4872; x_wconf 87' lang='lat' dir='ltr'>queunt</span> <span class='ocrx_word' id='word_1_753' title='bbox 2702 4795 2860 4855; x_wconf 86' lang='lat' dir='ltr'>aliter</span> <span class='ocrx_word' id='word_1_754' title='bbox 2897 4810 2992 4854; x_wconf 90' lang='lat' dir='ltr'>eas</span> <span class='ocrx_word' id='word_1_755' title='bbox 3038 4795 3197 4854; x_wconf 87' lang='lat' dir='ltr'>ferre.</span> <span class='ocrx_word' id='word_1_756' title='bbox 3229 4795 3300 4853; x_wconf 87' lang='lat' dir='ltr'>Et</span> <span class='ocrx_word' id='word_1_757' title='bbox 3323 4793 3394 4852; x_wconf 87' lang='lat' dir='ltr'>ad</span> <span class='ocrx_word' id='word_1_758' title='bbox 3431 4791 3535 4852; x_wconf 86' lang='lat' dir='ltr'>boc</span> <span class='ocrx_word' id='word_1_759' title='bbox 3573 4789 3903 4850; x_wconf 85' lang='lat' dir='ltr'>suadendum</span> <span class='ocrx_word' id='word_1_760' title='bbox 3940 4792 4038 4864; x_wconf 83' lang='lat' dir='ltr'>ait,</span> 
     </span>
     <span class='ocr_line' id='line_1_102' title="bbox 2460 4881 4030 4961; baseline -0.005 -16"><span class='ocrx_word' id='word_1_761' title='bbox 2460 4886 2768 4945; x_wconf 86' lang='lat' dir='ltr'>Ecclesiam</span> <span class='ocrx_word' id='word_1_762' title='bbox 2787 4900 2909 4944; x_wconf 89' lang='lat' dir='ltr'>esse</span> <span class='ocrx_word' id='word_1_763' title='bbox 2929 4884 3097 4961; x_wconf 79' lang='lat' dir='ltr'>supra</span> <span class='ocrx_word' id='word_1_764' title='bbox 3123 4888 3343 4959; x_wconf 88' lang='lat' dir='ltr'>Papam,</span> <span class='ocrx_word' id='word_1_765' title='bbox 3373 4890 3431 4942; x_wconf 86' lang='lat' dir='ltr'>et</span> <span class='ocrx_word' id='word_1_766' title='bbox 3449 4884 3574 4942; x_wconf 88' lang='lat' dir='ltr'>ideo</span> <span class='ocrx_word' id='word_1_767' title='bbox 3595 4882 3640 4941; x_wconf 89' lang='lat' dir='ltr'>si</span> <span class='ocrx_word' id='word_1_768' title='bbox 3660 4881 3898 4940; x_wconf 88' lang='lat' dir='ltr'>Ecclesia</span> <span class='ocrx_word' id='word_1_769' title='bbox 3921 4896 4030 4938; x_wconf 90' lang='lat' dir='ltr'>non</span> 
     </span>
     <span class='ocr_line' id='line_1_103' title="bbox 2461 4970 3984 5050; baseline -0.005 -16"><span class='ocrx_word' id='word_1_770' title='bbox 2461 4983 2717 5050; x_wconf 88' lang='lat' dir='ltr'>acceptat</span> <span class='ocrx_word' id='word_1_771' title='bbox 2733 4976 2912 5050; x_wconf 90' lang='lat' dir='ltr'>legem</span> <span class='ocrx_word' id='word_1_772' title='bbox 2933 4978 3130 5048; x_wconf 88' lang='lat' dir='ltr'>Papae,</span> <span class='ocrx_word' id='word_1_773' title='bbox 3146 4988 3253 5033; x_wconf 90' lang='lat' dir='ltr'>non</span> <span class='ocrx_word' id='word_1_774' title='bbox 3275 4989 3437 5047; x_wconf 87' lang='lat' dir='ltr'>posse</span> <span class='ocrx_word' id='word_1_775' title='bbox 3458 4972 3718 5048; x_wconf 87' lang='lat' dir='ltr'>perillam</span> <span class='ocrx_word' id='word_1_776' title='bbox 3741 4970 3984 5045; x_wconf 88' lang='lat' dir='ltr'>obligari.</span> 
     </span>
    </p>

    <p class='ocr_par' dir='ltr' id='par_1_13' title="bbox 2458 5061 4034 5323">
     <span class='ocr_line' id='line_1_104' title="bbox 2535 5061 4032 5139; baseline -0.006 -13"><span class='ocrx_word' id='word_1_777' title='bbox 2535 5072 2594 5126; x_wconf 88' lang='grc'><strong>2.</strong></span> <span class='ocrx_word' id='word_1_778' title='bbox 2626 5068 2760 5125; x_wconf 88' lang='lat' dir='ltr'>Dico</span> <span class='ocrx_word' id='word_1_779' title='bbox 2796 5081 2927 5124; x_wconf 85' lang='lat' dir='ltr'>vero</span> <span class='ocrx_word' id='word_1_780' title='bbox 2963 5067 3167 5139; x_wconf 84' lang='lat' dir='ltr'>primo:</span> <span class='ocrx_word' id='word_1_781' title='bbox 3197 5064 3440 5124; x_wconf 75' lang='lat' dir='ltr'>Pontifex</span> <span class='ocrx_word' id='word_1_782' title='bbox 3466 5070 3647 5137; x_wconf 87' lang='lat' dir='ltr'>potest</span> <span class='ocrx_word' id='word_1_783' title='bbox 3670 5061 3898 5135; x_wconf 86' lang='lat' dir='ltr'>obligare</span> <span class='ocrx_word' id='word_1_784' title='bbox 3923 5061 4032 5118; x_wconf 87' lang='lat' dir='ltr'>Ec-</span> 
     </span>
     <span class='ocr_line' id='line_1_105' title="bbox 2458 5151 4034 5231; baseline -0.004 -17"><span class='ocrx_word' id='word_1_785' title='bbox 2458 5155 2680 5215; x_wconf 83' lang='lat' dir='ltr'>clesiam</span> <span class='ocrx_word' id='word_1_786' title='bbox 2709 5155 2774 5213; x_wconf 87' lang='lat' dir='ltr'>ad</span> <span class='ocrx_word' id='word_1_787' title='bbox 2804 5154 3166 5231; x_wconf 78' lang='lat' dir='ltr'>acceptandus</span> <span class='ocrx_word' id='word_1_788' title='bbox 3194 5154 3340 5231; x_wconf 86' lang='lat' dir='ltr'>leges</span> <span class='ocrx_word' id='word_1_789' title='bbox 3359 5155 3648 5212; x_wconf 83' lang='lat' dir='ltr'>canonicas</span> <span class='ocrx_word' id='word_1_790' title='bbox 3670 5167 3703 5210; x_wconf 93' lang='lat' dir='ltr'>a</span> <span class='ocrx_word' id='word_1_791' title='bbox 3719 5167 3776 5209; x_wconf 86' lang='lat' dir='ltr'>se</span> <span class='ocrx_word' id='word_1_792' title='bbox 3799 5151 3950 5222; x_wconf 84' lang='lat' dir='ltr'>latas,</span> <span class='ocrx_word' id='word_1_793' title='bbox 3973 5156 4034 5208; x_wconf 89' lang='lat' dir='ltr'>et</span> 
     </span>
     <span class='ocr_line' id='line_1_106' title="bbox 2459 5243 4031 5323; baseline -0.001 -19"><span class='ocrx_word' id='word_1_794' title='bbox 2459 5244 2798 5307; x_wconf 83' lang='lat' dir='ltr'>sufficienter</span> <span class='ocrx_word' id='word_1_795' title='bbox 2837 5245 3230 5323; x_wconf 85' lang='lat' dir='ltr'>promulgatas.</span> <span class='ocrx_word' id='word_1_796' title='bbox 3261 5243 3518 5319; x_wconf 86' lang='lat' dir='ltr'>Idemque</span> <span class='ocrx_word' id='word_1_797' title='bbox 3545 5249 3630 5303; x_wconf 85' lang='lat' dir='ltr'>est</span> <span class='ocrx_word' id='word_1_798' title='bbox 3655 5257 3780 5301; x_wconf 88' lang='lat' dir='ltr'>cum</span> <span class='ocrx_word' id='word_1_799' title='bbox 3807 5256 4031 5317; x_wconf 84' lang='lat' dir='ltr'>propor-</span> 
     </span>
    </p>
   </div>
  </div>
 </body>
</html>
