4325 6267
1722 278 1936 331 cAPu'r
1961 279 2134 328 xxx.
2228 333 2239 343 ,

287 411 475 482 potest
499 405 762 479 exemplis
789 403 978 478 positis
1007 402 1074 461 de
1099 401 1242 461 bello
1261 443 1276 473 ,
1307 403 1374 462 de
1401 403 1710 476 periculosa
1735 405 1884 460 navi-

285 501 525 571 gatione,
549 496 618 554 de
647 497 932 553 curatione
953 494 1330 566 proximorum
1351 500 1598 566 tempore
1621 495 1810 566 pestis,
1829 499 1888 550 et

286 586 573 644 similibus,
604 585 760 642 Ratio
787 589 972 640 autem
998 589 1108 657 est,
1134 585 1264 656 quia
1287 588 1421 640 tunc
1443 582 1755 655 periculum
1777 597 1884 637 non

289 679 584 748 reputatur
624 672 1052 738 accidentarium
1068 712 1084 744 ,
1127 672 1227 729 sed
1265 671 1432 729 veluti
1473 671 1540 728 de
1581 671 1886 728 substantia

288 772 450 823 actus
481 764 768 822 moraliter
796 761 1150 819 considerari.
1175 764 1312 819 Item
1339 777 1446 818 non
1469 767 1653 832 potest
1671 761 1889 817 censeri

287 862 504 928 praeter
527 851 934 924 scientiam,vel
953 852 1304 908 intentionem
1327 850 1732 923 praecipientis,
1757 863 1887 906 cum

287 943 358 1000 sit
383 958 482 1015 per
502 958 564 998 se
585 942 948 999 coniunctum
974 943 1142 1013 actui,
1170 956 1300 1012 ergo
1321 955 1388 996 eo
1409 937 1712 1012 ipso,quod
1735 953 1889 1009 prae-

287 1033 490 1104 cipitur
517 1031 641 1089 talis
669 1037 866 1102 actuS,
909 1036 1168 1088 censetur
1205 1029 1442 1101 praecipi
1483 1045 1591 1085 non
1635 1029 1889 1085 obstante

289 1124 382 1178 tali
405 1123 678 1194 periculo,
706 1126 764 1178 et
789 1126 1033 1192 potestas
1061 1135 1168 1176 non
1191 1117 1369 1190 deest,
1395 1125 1456 1174 ut
1477 1124 1760 1174 ostensum
1781 1122 1886 1187 est3

291 1228 425 1285 ergo
446 1211 692 1268 nascitur
711 1209 982 1282 obligatio.
998 1207 1188 1265 Addidi
1204 1223 1334 1264 vero
1351 1198 1716 1263 conditionem
1739 1205 1893 1262 iusti-

289 1301 396 1358 tiae
422 1300 579 1373 legis,
610 1300 743 1373 quia
768 1297 904 1354 haec
933 1296 1256 1371 generaliter
1284 1291 1592 1352 necessaria
1617 1301 1735 1366 est,
1759 1299 1818 1350 et
1839 1281 1906 1348 in'

290 1387 604 1445 huiusmodi
646 1393 940 1459 praecepta
980 1379 1154 1442 m'ulta
1179 1387 1575 1458 requiruntur,
1607 1389 1672 1439 ut
1710 1397 1892 1438 serve-

291 1485 408 1548 tur,
443 1477 572 1550 quia
598 1492 704 1532 non
733 1480 916 1547 potest
937 1490 1026 1531 res
1049 1473 1184 1531 adeo
1207 1473 1441 1530 difficilis
1465 1473 1608 1542 iuste
1631 1470 1889 1544 praecipi,

291 1567 396 1623 nisi
425 1582 490 1624 ex
519 1567 818 1625 iustissima
846 1580 1018 1622 causa
1045 1563 1348 1636 pertinente
1377 1562 1444 1620 ad
1472 1576 1765 1619 commune
1792 1561 1891 1618 bo-

292 1672 464 1727 num,
491 1654 576 1711 vel
619 1652 696 1711 ad·
727 1654 959 1726 aliquam
999 1668 1287 1723 personam
1331 1651 1488 1708 valde
1525 1651 1893 1707 necessariam

293 1744 574 1802 communi
595 1743 914 1810 bono.Quia
937 1740 1372 1812 respublica,vel
1395 1741 1756 1813 magistratus
1776 1737 1894 1793 eius

295 1849 408 1890 non
437 1831 602 1897 habet
631 1830 931 1901 dominium
956 1830 1096 1885 vitae
1118 1829 1342 1908 civium,
1366 1828 1463 1884 sed
1483 1826 1894 1897 convenientem

305 1937 506 1993 usum,
535 1926 593 1978 et
617 1919 735 1977 ideo
772 1935 882 1975 non
909 1924 1093 1991 potest
1131 1933 1198 1973 ex
1242 1917 1448 1974 levibus
1495 1917 1578 1972 vel
1614 1915 1896 1972 ordinariis

263 2023 280 2036 ·
301 2014 488 2070 causis
511 2025 712 2084 cogere
733 2009 880 2065 cives
901 2007 970 2064 ad
991 2005 1325 2080 perdendam
1349 2008 1536 2062 vitam.
1553 2003 1708 2073 Quod
1729 2007 1896 2060 etiam

296 2106 451 2172 patet
475 2114 539 2156 ex
567 2097 674 2170 his,
705 2111 847 2170 quae
889 2111 1060 2168 supra
1097 2094 1334 2152 diximus
1373 2094 1440 2151 de
1480 2093 1596 2166 lege
1623 2093 1894 2164 humana,

299 2188 544 2258 scilicet,
578 2186 778 2244 debere
807 2199 928 2242 esse
950 2183 1222 2242 moraliter
1246 2183 1558 2255 possibilem
1581 2187 1638 2239 et
1656 2182 1893 2239 facilem.

298 2277 542 2349 Denique
573 2275 678 2332 hcc
710 2275 1037 2331 confirmant
1062 2272 1416 2329 fundamenta
1444 2273 1644 2345 prioris
1685 2280 1900 2329 senten-

302 2367 428 2422 tiae.
459 2363 819 2421 Nihilominus
849 2369 1030 2420 tamen
1061 2362 1150 2419 hic
1178 2361 1340 2418 etiam
1367 2367 1452 2418 est
1481 2376 1608 2418 vera
1628 2359 1899 2433 generalis

300 2454 496 2528 regula
525 2455 578 2510 in
607 2453 980 2524 superioribus
1011 2453 1206 2524 posita,
1239 2448 1459 2522 quando
1489 2464 1596 2506 non
1619 2448 1900 2507 manifeste

302 2551 534 2617 apparet
575 2545 858 2600 temeritas
885 2542 940 2597 in
967 2540 1108 2614 lege,
1139 2539 1598 2613 praesumendum
1640 2554 1762 2595 esse
1801 2555 1901 2611 pro

301 2635 504 2691 iustitia
527 2635 668 2705 eius,
701 2631 830 2705 quia
867 2645 1084 2703 semper
1124 2630 1208 2685 ius
1235 2629 1534 2702 superioris
1570 2628 1898 2700 praefertur,

301 2731 354 2781 et
385 2725 513 2780 licet
541 2723 703 2778 homo
732 2722 818 2776 ius
847 2721 1013 2778 etiam
1046 2718 1242 2775 habeat
1265 2718 1316 2774 in
1340 2717 1500 2776 vitam
1525 2732 1704 2789 suam,
1727 2722 1905 2773 tamen

301 2817 358 2870 in
395 2810 644 2868 eamdem
675 2811 851 2868 maius
877 2811 964 2865 ius
995 2808 1158 2864 habet
1183 2806 1527 2879 respublica,
1558 2807 1690 2878 quia
1721 2806 1811 2880 (ut
1851 2806 1904 2861 in

307 2909 364 2960 5.
393 2899 635 2958 Potitio.
670 2898 801 2955 dixit
827 2897 1219 2970 Philosophus)
1252 2897 1386 2952 civis
1415 2897 1593 2968 magis
1615 2900 1700 2950 est
1721 2896 1904 2966 reipu-

303 2992 504 3062 blicae,
535 3005 699 3062 quam
742 2988 827 3043 sui
855 2987 1046 3059 ipsius.
1079 2988 1270 3060 ltaque
1299 2986 1350 3040 in
1373 2985 1538 3042 dubio
1559 2983 1771 3056 aequali
1794 2998 1906 3040 ser-

305 3081 484 3140 vanda
510 3085 596 3134 est
626 3077 729 3147 lex,
761 3076 896 3133 licet
923 3081 1147 3147 propter
1175 3073 1723 3146 periculum-proprii
1746 3071 1908 3128 detri-

305 3169 474 3229 menti
505 3163 818 3224 curandum
849 3165 944 3238 sit,
972 3171 1038 3221 ut
1063 3162 1340 3220 certitudo
1381 3161 1562 3236 aliqua
1598 3161 1665 3219 de
1700 3161 1908 3217 iustitia

304 3259 444 3332 legis
472 3255 755 3313 habeatur.

389 3354 442 3406 5.
473 3349 606 3403 Dico
639 3345 821 3401 tertio:
855 3343 910 3401 si
941 3341 1130 3398 mortis
1157 3341 1462 3414 periculum
1491 3355 1602 3395 non
1623 3343 1710 3396 est
1733 3353 1829 3410 per
1851 3353 1910 3395 se

309 3436 676 3495 coniunctum
696 3433 845 3489 actui
868 3436 1186 3504 praecepto,
1202 3428 1295 3486 sed
1315 3429 1693 3501 contingenter
1717 3426 1908 3484 adiun-

308 3518 480 3599 gitur,
513 3525 604 3582 lex
630 3522 869 3580 humana
895 3537 994 3594 per
1023 3535 1080 3576 se
1109 3535 1216 3576 non
1247 3519 1454 3592 obligat
1491 3518 1558 3574 ad
1599 3518 1700 3592 sui,
1723 3517 1909 3575 obser-

309 3619 582 3673 vationem
611 3629 739 3671 cum
770 3618 918 3668 tanto
948 3609 1196 3683 periculo
1225 3609 1386 3680 vitae,
1418 3609 1526 3664 imo
1555 3623 1656 3664 nec
1685 3608 1911 3665 alterius

308 3703 617 3780 gravissimi
644 3700 994 3771 nocumenti,
1025 3697 1185 3772 quale
1213 3701 1297 3754 est
1323 3698 1500 3769 gravis
1528 3697 1774 3770 infamia,
1816 3702 1912 3753 aut

308 3809 512 3867 magna
539 3793 754 3849 iactura
780 3788 1078 3861 bonorum;
1107 3803 1174 3844 ex
1202 3785 1470 3844 accidenti
1511 3801 1674 3860 ver0,
1719 3801 1818 3843 seu
1859 3786 1910 3842 in

309 3882 496 3956 aliquo
523 3895 658 3937 casu
688 3877 916 3951 obligari
945 3882 1143 3948 potest.
1175 3877 1418 3932 Priorem
1441 3880 1645 3946 partem
1671 3891 1914 3948 sequun-

313 3981 408 4028 tur
437 3987 468 4026 a
494 3969 704 4026 fortiori
735 3972 992 4022 auctores
1021 3962 1240 4038 allegati
1267 3965 1318 4020 in
1349 3963 1525 4035 prima
1551 3963 1830 4036 opinione,
1860 3969 1916 4022 et

310 4077 426 4117 non
450 4063 763 4130 repugnant
790 4053 1003 4126 allegati
1032 4053 1084 4109 in
1112 4053 1414 4110 assertione
1451 4053 1658 4122 prima,
1703 4051 1797 4108 sed
1838 4051 1916 4108 sa-

309 4156 442 4206 vent
473 4149 706 4205 maxime
733 4154 790 4202 et
815 4144 980 4200 Gabr.
1009 4144 1064 4198 in
1094 4147 1150 4215 4,
1183 4142 1237 4199 d.
1275 4147 1365 4212 18,
1395 4157 1450 4213 q.
1479 4146 1533 4213 3,
1555 4148 1613 4198 et
1631 4141 1836 4198 Ocham
1861 4142 1912 4196 in

313 4256 420 4297 suo
447 4237 654 4309 Dialog.
694 4239 742 4294 1.
775 4251 830 4307 p.
865 4233 954 4290 lib.
993 4236 1046 4304 7,
1077 4248 1132 4288 c.
1167 4237 1261 4299 58,
1285 4237 1558 4304 quatenus
1578 4229 1788 4302 dicunt,
1809 4231 1917 4287 Ec-

313 4330 537 4398 clesiam
565 4343 672 4392 non
704 4339 868 4398 posse
898 4323 1012 4380 suis
1050 4322 1259 4394 legibus
1285 4319 1614 4392 regulariter
1642 4321 1916 4392 imponere

313 4428 427 4478 tam
455 4421 758 4492 rigorosam
795 4413 1210 4485 obligationem,
1253 4425 1379 4466 nam
1408 4407 1548 4465 idem
1574 4415 1661 4466 est
1683 4407 1919 4482 requia-

313 4513 484 4576 riter,
509 4505 655 4582 quod
674 4519 787 4580 per
809 4503 974 4560 se.Et
995 4500 1136 4558 idem
1158 4499 1502 4556 sentitMaior
1522 4498 1574 4554 in
1596 4502 1652 4569 ⁴,
1675 4496 1799 4555 dist.
1827 4503 1917 4569 18,

315 4614 372 4673 q.
406 4602 462 4664 4,
493 4597 731 4652 insinuat
755 4594 919 4648 etiam
945 4592 1145 4646 Navar.
1173 4589 1226 4644 in
1250 4589 1406 4644 Sum.
1424 4602 1478 4644 c.
1495 4591 1591 4658 25,
1615 4602 1671 4641 n.
1700 4591 1792 4646 84.
1817 4587 1920 4644 Su·-

317 4691 490 4746 mitur
517 4685 750 4758 denique
787 4697 856 4739 ex
894 4679 1116 4750 multis,
1142 4693 1284 4751 quae
1325 4678 1603 4751 congerit,
1645 4682 1702 4732 et
1727 4675 1923 4748 allegat

317 4776 536 4836 Felinus
574 4776 630 4830 in
659 4789 712 4829 c.
751 4774 799 4830 1.
833 4771 900 4829 de
942 4770 1165 4828 constit.
1197 4783 1255 4823 n.
1287 4771 1378 4826 49.
1422 4767 1694 4824 Probatur
1739 4773 1922 4823 autem

316 4869 502 4940 primo
534 4864 683 4936 prior
713 4876 840 4935 pars
867 4858 1179 4916 inductione
1199 4897 1215 4928 ,
1245 4857 1375 4930 quia
1417 4854 1502 4913 lex
1538 4854 1750 4927 divina,
1781 4870 1921 4928 quae

316 4957 540 5031 gravior
569 4960 688 5025 est,
718 4966 828 5008 non
859 4947 998 5006 solet
1026 4947 1268 5020 obligare
1295 4946 1348 5001 in
1377 4942 1534 5000 simili
1562 4950 1782 5000 eventu.
1816 4944 1922 5000 Ex·

319 5045 566 5116 emplum
594 5055 892 5104 commune
919 5044 1006 5096 est
1033 5035 1099 5094 de
1122 5035 1342 5105 Davide,
1370 5035 1464 5106 qui
1486 5041 1710 5107 propter
1730 5049 1923 5090 neces·

320 5137 541 5196 sitatem
571 5130 932 5190 manducavit
955 5141 1124 5200 panes
1150 5123 1550 5196 propositionis,
1583 5127 1632 5182 1.
1657 5123 1794 5198 Reg.
1821 5125 1917 5196 21,

3342 259 3468 323 269

1957 418 2098 475 quos
2127 401 2277 460 laicis
2308 401 2645 461 manducare
2680 417 2791 459 non
2819 399 3022 460 licebat
3057 402 3209 459 iuxta
3246 399 3453 473 legem,
3498 405 3555 456 et

1956 499 2137 549 tamen
2168 493 2377 550 sactum
2404 492 2642 551 defendit
2661 492 2913 550 Christus
2933 485 3095 550 Ma'th.
3132 495 3214 549 12.
3240 490 3341 548 Ubi
3360 489 3552 548 eodem

1956 581 2120 639 modo
2145 589 2380 640 excusat
2406 582 2703 654 discipulos
2721 622 2739 652 ,
2770 583 2863 654 qui
2892 583 2977 639 die
3004 581 3211 639 sabbati
3235 580 3417 653 spicas
3439 573 3555 638 col-

1956 669 2215 745 ligebant.
2248 673 2319 730 Et
2345 673 2419 729 ita
2448 673 2709 744 exposuit
2732 673 2892 728 etiam
2920 671 2977 728 d.
3007 671 3196 728 Thom.
3232 675 3286 729 3.
3311 688 3436 744 p.q.
3456 675 3552 744 40,

1957 768 2066 819 art.
2100 766 2155 820 4.
2180 761 2248 818 ad
2273 765 2330 835 3,
2353 771 2412 818 et
2435 761 2626 818 eodem
2656 761 2820 820 modo
2843 761 3093 818 declarat
3114 762 3319 818 sactum
3338 760 3557 818 Macha-

1955 849 2221 906 baeorum
2250 850 2613 924 pugnantium
2640 848 2727 908 die
2748 852 2979 922 sabbati,
2996 855 3053 909 2.
3073 855 3200 925 2,q.
3226 853 3351 920 too,
3368 856 3470 906 art.
3497 855 3554 907 8.

1957 938 2106 995 Idem
2134 946 2357 996 constat
2384 942 2438 996 in
2468 947 2761 1012 praecepto
2790 940 2970 997 divino
3000 939 3067 996 de
3091 940 3399 1014 integritate
3423 954 3558 997 con-

1957 1028 2231 1099 sessionis3
2263 1044 2391 1085 nam
2420 1045 2584 1101 grave
2611 1029 2921 1101 periculum
2942 1028 3217 1086 interdum
3236 1036 3469 1086 excusat
3488 1028 3556 1084 ab

1957 1113 2100 1172 illius
2127 1119 2454 1174 executione
2482 1118 2641 1190 quasi
2683 1117 2983 1189 materiali,
3028 1123 3092 1173 ut
3130 1119 3208 1174 sic
3251 1117 3449 1173 dicam.
3494 1117 3557 1174 In

1960 1207 2267 1278 praeceptis
2294 1209 2459 1263 etiam
2487 1207 2875 1264 ecclesiasticis
2908 1213 3090 1279 potest
3117 1207 3231 1263 fieri
3259 1206 3447 1264 similis
3475 1207 3559 1261 in-

1961 1295 2175 1366 ducti03
2206 1310 2332 1352 nam
2360 1301 2721 1367 praeceptum
2749 1295 2928 1352 ieiunii
2960 1312 3069 1352 non
3093 1295 3296 1368 obligat
3314 1311 3445 1351 cum
3467 1293 3559 1350 de-

1960 1385 2217 1440 trimento
2245 1385 2469 1456 salutis,
2501 1384 2647 1456 quod
2684 1384 3013 1455 explicatum
3041 1385 3207 1441 estin
3248 1399 3371 1455 cap.
3407 1385 3559 1441 Con-

1961 1470 2182 1540 silium,
2222 1472 2288 1530 de
2317 1473 2695 1530 observatione
2735 1473 2916 1530 ieiunii
2937 1511 2961 1543 ,-
2982 1480 3038 1529 et
3078 1472 3219 1528 idem
3246 1477 3467 1530 constat
3493 1470 3561 1527 de

1961 1568 2255 1634 praecepto
2285 1560 2535 1618 audiendi
2563 1563 2805 1633 missam,
2841 1561 3111 1618 recitandi
3140 1562 3327 1633 horas,
3350 1561 3561 1617 etc.Si-

1961 1651 2074 1708 mili
2101 1651 2264 1708 modo
2292 1658 2523 1723 propter
2550 1652 2929 1708 necessitatem
2971 1652 3125 1709 famis
3155 1652 3281 1707 licet
3309 1665 3561 1706 commu·

1963 1740 2147 1798 nicare
2178 1757 2307 1798 cum
2336 1743 2815 1799 excommunicato
2842 1739 3191 1814 procurando
3233 1738 3558 1809 subsidium,

1963 1845 2089 1902 cap.
2130 1833 2427 1905 Quoniam
2454 1828 2691 1897 multos,
2733 1832 2821 1901 11,
2854 1846 2909 1903 q.
2932 1833 3322 1902 3,cap.Inter,
3352 1827 3419 1884 de
3440 1843 3565 1884 sen-

1965 1925 2100 1976 tent.
2133 1934 2403 1976 excomm.
2448 1918 2638 1977 eadem
2678 1926 2866 1976 autem
2906 1921 3045 1976 ratio
3085 1925 3174 1975 est
3212 1919 3266 1973 in
3314 1915 3561 1988 reliquis.

1965 2007 2237 2065 Generalis
2263 2016 2449 2078 aute-m
2478 2009 2618 2066 ratio
2648 2008 3017 2065 conclusionis
3045 2016 3150 2079 est,
3177 2009 3306 2080 quia
3325 2005 3449 2064 talis
3470 2021 3566 2063 ne-

1967 2099 2202 2154 cessitas
2230 2096 2488 2170 ostendit,
2518 2112 2625 2152 non
2655 2096 2825 2153 luisse
2864 2098 2920 2153 in
2964 2096 3273 2169 legislatore
3314 2093 3566 2151 volunta-

1969 2193 2081 2243 tem
2109 2185 2381 2258 obligandi
2407 2187 2463 2242 in
2488 2186 2587 2242 tali
2614 2191 2837 2256 eventu,
2863 2184 2949 2242 vel
2972 2186 3130 2242 etiam
3152 2201 3259 2242 non
3283 2178 3448 2241 luisse
3468 2199 3565 2255 po-

1969 2281 2249 2348 testatem3
2281 2291 2637 2349 quacumque
2666 2280 2850 2333 autem
2879 2275 3095 2332 illarum
3119 2269 3424 2347 deficiente,
3446 2287 3567 2330 ces·

1970 2371 2056 2420 sat
2083 2363 2345 2436 obligatio
2375 2362 2530 2437 legis,
2563 2379 2724 2437 ergo.
2752 2365 2997 2436 Utraque
3020 2363 3316 2435 praemissa
3344 2367 3567 2419 constat

1969 2469 2036 2511 ex
2059 2469 2227 2525 supra
2248 2453 2435 2526 dictis,
2463 2453 2783 2525 praesertim
2804 2451 3089 2510 tractando
3111 2452 3177 2509 de
3198 2451 3417 2525 epiikia,
3442 2451 3569 2524 quia

1971 2549 2216 2615 potestas
2238 2541 2479 2599 humana
2498 2559 2611 2599 non
2644 2557 2701 2598 se
2726 2540 2965 2599 extendit
2986 2540 3055 2597 ad
3084 2543 3262 2598 omnia
3284 2541 3399 2600 sine
3422 2554 3569 2596 men-

1971 2647 2124 2706 sura,
2141 2631 2396 2690 voluntas
2416 2632 2582 2689 etiam
2606 2629 2845 2703 prudens
2866 2629 3115 2687 nonvult
3135 2628 3372 2702 obligare
3396 2643 3569 2701 quan-

1973 2730 2092 2779 tum
2117 2727 2321 2794 potest,
2337 2722 2433 2779 sed
2455 2737 2587 2777 cum
2616 2719 2985 2778 moderatione
3013 2725 3069 2777 et
3091 2718 3434 2791 benignitate.
3460 2716 3570 2774 Ob·

1975 2811 2140 2883 ligare
2172 2817 2356 2866 autem
2380 2809 2446 2866 ad
2476 2824 2883 2882 quemcumque
2914 2815 3099 2865 actum
3130 2807 3427 2880 praecepti,
3458 2820 3567 2862 non

1975 2901 2229 2957 obstante
2271 2915 2623 2972 quacumque
2661 2896 2989 2954 accidentali
3032 2897 3355 2953 necessitate
3394 2895 3571 2950 insur-

1975 2996 2156 3062 gente,
2194 2997 2341 3046 esset
2382 3005 2551 3060 supra
2591 2994 2917 3059 potestatem
2960 2985 3281 3060 legislatoris
3322 2986 3571 3058 humani,

1978 3078 2106 3152 quia
2137 3077 2255 3132 talis
2295 3077 2552 3148 obligatio
2592 3077 2959 3133 communiter
2998 3091 3108 3131 non
3146 3081 3229 3132 est
3263 3076 3575 3130 necessaria

1978 3167 2047 3224 ad
2077 3181 2373 3223 commune
2400 3167 2604 3222 bonum
2634 3165 2989 3236 reipublicae,
3014 3166 3153 3220 utin
3175 3164 3453 3220 communi
3476 3164 3573 3220 ob-

1979 3257 2287 3312 servatione
2315 3255 2507 3312 talium
2538 3255 2723 3328 legum
2752 3254 3049 3328 contingit3
3095 3259 3152 3310 et
3191 3253 3439 3325 quamvis
3480 3251 3576 3308 ali-

1979 3344 2202 3419 quando
2234 3360 2339 3400 non
2363 3344 2433 3400 sit
2452 3349 2636 3415 aperte
2658 3345 2859 3400 iniusta
2879 3341 3156 3414 obligatio,
3180 3341 3263 3398 vel
3286 3356 3455 3412 supra
3476 3357 3573 3414 po·-

1982 3438 2253 3503 testatem,
2285 3435 2328 3488 si
2359 3433 2432 3490 sit
2456 3434 2615 3488 nimis
2643 3431 2825 3504 gravis
2852 3439 2911 3495 et
2936 3432 3109 3496 dura,
3154 3436 3415 3487 censetur
3453 3445 3575 3486 esse

1979 3529 2200 3594 praeter
2229 3522 2565 3579 voluntatem
2594 3520 2943 3602 legislatoris,
2975 3519 3124 3592 quod
3153 3520 3383 3576 maxime
3408 3520 3465 3574 in
3493 3517 3575 3575 di-

1981 3611 2118 3667 vinis
2161 3610 2371 3683 legibus
2411 3609 2651 3682 positivis
2703 3611 3063 3680 observatur,
3111 3616 3172 3666 ut
3212 3609 3577 3666 communiter

1983 3699 2237 3756 doctores
2266 3699 2713 3769 interpretantur3
2744 3713 2898 3770 ergo.

2061 3791 2113 3845 6.
2146 3787 2331 3844 Altera
2360 3800 2490 3842 vero
2518 3801 2667 3858 pars,
2694 3785 2903 3842 scilicet
2923 3801 3020 3857 per
3043 3784 3299 3842 accidens
3320 3785 3433 3842 fieri
3456 3801 3581 3857 pos-

1983 3893 2064 3947 se,
2078 3882 2144 3932 ut
2170 3879 2334 3935 etiam
2364 3876 2415 3931 in
2443 3891 2507 3932 ec
2536 3890 2673 3932 casu
2694 3875 2965 3948 obligatur
2983 3875 3147 3932 homo
3168 3876 3238 3932 ad
3259 3874 3581 3932 servandam

1984 3965 2181 4038 legem,
2214 3965 2525 4022 communis
2553 3963 2717 4020 etiam
2744 3969 2849 4035 est3
2883 3964 3110 4038 talisque
3140 3967 3441 4022 necessitas
3460 3979 3584 4021 esse

1985 4061 2266 4122 censetur,
2292 4052 2513 4125 quando
2542 4051 2765 4109 violatio
2786 4053 2920 4126 legis
2941 4059 3162 4125 propter
3190 4053 3353 4111 talem
3376 4059 3581 4111 metum

1985 4140 2207 4199 cederet
2234 4143 2288 4197 in
2317 4147 2719 4215 contemptum,
2752 4141 2838 4198 vel
2865 4143 3112 4198 iniuriam
3143 4143 3442 4215 religionis,
3486 4149 3586 4200 aut

1985 4246 2150 4304 grave
2182 4230 2507 4288 scandalum
2524 4231 2869 4303 pusillorum:
2896 4236 3031 4288 tunc
3053 4235 3195 4288 enim
3208 4233 3411 4288 bonum
3433 4248 3587 4290 com-

1987 4335 2152 4376 mune
2189 4325 2243 4375 et
2282 4319 2555 4392 religionis
2597 4318 3013 4390 praeferendum
3041 4327 3127 4376 est
3152 4321 3392 4392 privato,
3422 4320 3586 4378 etiam

1987 4409 2237 4480 propriae
2260 4409 2422 4464 vitae.
2438 4409 2573 4464 ltem
2594 4409 2720 4480 quia
2745 4415 2877 4464 tunc
2900 4408 3203 4483 transgredi
3230 4415 3586 4482 praeceptum

1988 4495 2294 4554 humanum
2322 4503 2469 4553 esset
2498 4496 2582 4552 vel
2611 4495 2844 4553 deiicere
2873 4497 2925 4552 in
2950 4497 3288 4554 consessione
3310 4498 3429 4556 fidei
3450 4505 3589 4557 tem-

1989 4602 2122 4659 pore
2151 4585 2367 4659 debito,
2399 4584 2481 4641 vel
2511 4585 2795 4657 cooperari
2824 4586 2893 4643 ad
2920 4585 3123 4659 aliquid
3150 4589 3447 4646 intrinsece
3474 4605 3587 4646 ma-

1990 4675 2124 4732 lum.
2158 4673 2481 4747 Exemplum
2512 4675 2610 4745 sit,
2642 4674 2686 4729 si
2715 4680 2981 4750 tyrannus
3010 4680 3176 4748 cogat
3203 4675 3272 4732 ad
3300 4677 3591 4736 comeden-

1990 4765 2135 4836 dam·
2156 4780 2378 4821 carnem
2418 4763 2502 4820 die
2531 4763 2796 4835 prohibito
2822 4766 2877 4821 in
2916 4770 3293 4837 contemptum
3320 4767 3461 4823 illius
3492 4768 3591 4824 ob-

1992 4856 2298 4911 servantiae
2338 4851 2775 4926 ecclesiasticae,
2807 4857 2943 4908 tunc
2983 4853 3127 4910 enim
3168 4856 3475 4912 consentire
3518 4855 3590 4912 illi

1991 4948 2141 5000 esset
2169 4942 2495 5014 significare,
2518 4956 2577 4996 se
2604 4939 2747 4997 idem
2768 4942 2986 5013 sentire,
3010 4949 3069 4998 et
3088 4949 3460 5014 contemnere,
3478 4945 3589 5001 imo

1990 5035 2152 5092 etiam
2181 5033 2421 5090 exterius
2442 5031 2805 5101 dissimulare,
2830 5037 2888 5087 et
2906 5047 3014 5087 non
3038 5031 3198 5104 plane
3220 5034 3497 5103 resistere,
3520 5033 3590 5091 ad

1994 5124 2281 5182 minimum
2308 5125 2457 5178 esset
2484 5119 2597 5177 aliis
2623 5118 2946 5178 scandalum
2984 5119 3152 5194 dare;
3193 5127 3253 5182 et
3289 5120 3413 5181 ideo
3452 5137 3591 5180 nun-
