4325 6267
757 343 841 406 48

673 485 946 540 tissimae
973 478 1230 554 intelliqt
1249 478 1325 537 ah
1349 477 1620 536 omnibus
1640 475 1863 548 debent,
1894 483 1962 536 ut
1981 481 2261 546 universi,

669 575 1042 650 praescripto
1067 586 1280 628 earum
1305 567 1690 640 manifestius
1717 567 2036 634 intellecto,
2067 570 2268 642 prohi-

672 664 800 720 bita
834 659 1150 725 declinent,
1195 656 1527 729 etfaciam
1548 661 1894 732 praecepta.
1926 656 2077 715 Unde
2105 659 2265 715 etiam

673 752 909 808 sumitur
951 748 1318 815 confirmatio,
1358 749 1488 819 quia
1515 747 1598 804 lex
1628 747 1871 818 postulat
1900 745 2267 804 obedientiam

671 857 701 896 a
731 839 984 908 subditis,
1015 853 1157 910 quae
1183 836 1448 910 praestari
1471 852 1576 892 non
1598 841 1799 908 potest,
1827 836 1928 891 nisi
1952 835 2032 892 lex
2057 838 2130 892 sit
2152 835 2265 892 sut*-

669 930 913 987 ficienter
939 930 1244 1001 proposita,
1275 933 1332 982 et
1357 925 1484 998 quia
1512 941 1618 981 non
1649 925 1849 998 obligat
1873 924 2141 997 singulos,
2168 925 2265 982 nisi

669 1024 944 1091 quatenus
967 1023 1096 1072 sunt
1119 1020 1299 1088 partes
1327 1014 1758 1082 communitatis3
1783 1013 1923 1083 ideo,
1951 1020 2013 1069 ut
2035 1013 2262 1086 obliget,

669 1105 837 1164 debet
879 1104 1252 1162 communitati
1295 1103 1554 1175 proponi,
1600 1101 1750 1174 quod
1789 1107 1877 1158 est
1901 1101 2261 1175 promulgari.

669 1195 910 1268 Denique
951 1193 1034 1249 lex
1075 1199 1161 1248 est
1198 1196 1556 1263 praeceptum
1598 1189 1886 1261 principis,
1920 1195 1982 1246 ut
2011 1189 2264 1261 princeps

667 1289 781 1354 est3
827 1297 958 1354 ergo
998 1286 1239 1353 oportet,
1273 1286 1337 1336 ut
1366 1293 1464 1349 per
1489 1293 1608 1334 eam
1637 1277 1897 1349 loquatur
1923 1279 2178 1350 princeps
2205 1284 2269 1335 ut

666 1387 903 1444 persona
931 1368 1172 1440 publica,
1197 1366 1346 1441 quod
1370 1374 1503 1424 tunc
1529 1367 1680 1438 facit,
1707 1365 1923 1438 quando
1947 1367 2115 1438 legem
2140 1382 2265 1437 pro-

667 1460 908 1533 mulgat3
941 1457 1073 1514 alias
1101 1459 1146 1512 si
1174 1456 1424 1529 privatim
1447 1455 1728 1527 loquatur,
1755 1453 1998 1512 nondum
2022 1454 2267 1527 loquitur

668 1557 734 1606 ut
761 1562 994 1620 persona
1030 1544 1281 1618 publica,
1323 1550 1379 1600 et
1406 1542 1524 1600 ideo
1551 1559 1660 1600 non
1691 1543 1896 1600 sufficit
1923 1543 1990 1600 ad
2019 1543 2265 1616 obligan-

667 1635 826 1706 dum,
859 1651 962 1692 nec
990 1633 1058 1692 ad
1086 1633 1528 1691 constituendam
1557 1632 1751 1704 legem.

2170 356 2375 406 mum
2402 359 2453 406 1.

2338 480 2572 552 ipsomet
2592 479 2902 554 legislatore
2924 495 3117 552 praesc
3126 479 3387 538 ribendus
3406 487 3527 548 est,
3552 481 3681 553 quia
3704 496 3809 538 non
3832 497 3937 554 po-

2338 574 2443 626 test
2472 568 2688 626 aliunde
2714 567 3083 627 determinari.
3110 569 3183 626 Et
3210 569 3279 626 ita
3312 567 3667 626 observatum
3694 568 3940 627 videmus

2338 659 2525 714 tamin
2557 657 2768 729 legibus
2795 656 3020 727 divinis,
3046 673 3211 730 quam
3240 658 3295 712 in
3328 658 3598 714 humanis.
3626 658 3785 725 Quod
3812 660 3938 732 qui-

2336 745 2459 802 dem
2500 746 2565 802 de
2605 746 2721 818 lege
2758 746 2937 802 divina
2968 748 3135 802 veteri
3164 753 3386 803 constat
3411 747 3583 804 Exodi
3623 749 3721 816 to,
3750 755 3809 804 et
3834 753 3934 820 20,

2338 834 2430 889 ubi
2458 835 2668 906 magnis
2697 837 2863 908 signis
2892 841 2948 892 et
2978 834 3235 907 prodigiis
3266 833 3617 908 promulgata
3644 842 3731 893 est
3756 837 3936 907 publi-

2335 937 2419 978 ce.
2453 926 2527 979 De
2558 921 2675 995 lege
2702 931 2889 981 autem
2918 939 3059 980 nova
3078 940 3145 980 ex
3166 923 3393 980 Actibus
3415 925 3817 995 apostolorum,
3842 927 3937 983 ubi

2336 1018 2461 1083 post
2508 1011 2878 1068 admirabilem
2928 1019 2985 1069 et
3031 1013 3314 1082 publicum
3364 1013 3658 1070 adventum
3698 1015 3939 1086 Spiritus

2338 1101 2515 1156 sancti
2542 1103 2730 1173 coepit
2764 1101 2831 1156 ab
2860 1099 3119 1174 apostolis
3148 1101 3369 1172 publice
3400 1101 3734 1173 praedicari,
3762 1102 3939 1160 donec

2333 1190 2400 1244 in
2422 1204 2655 1245 omnem
2676 1194 2903 1246 terram
2924 1192 3113 1256 exivit
3132 1205 3311 1245 sonus
3332 1205 3555 1246 eornm.
3580 1191 3655 1245 De
3678 1205 3787 1262 qua
3812 1205 3942 1262 pro·

2336 1275 2668 1348 mulgatione
2691 1318 2705 1346 ,
2728 1276 2950 1349 quando
2974 1284 3359 1334 consummata
3390 1277 3555 1334 suerit
3572 1318 3589 1350 ,
3610 1277 3861 1334 dicemus
3884 1279 3936 1335 in

2336 1366 2527 1423 ultimo
2566 1367 2722 1422 libro.
2757 1369 2830 1423 De
2873 1366 3089 1440 legibus
3124 1373 3305 1424 autem
3350 1366 3603 1422 humanis
3632 1366 3773 1424 idem
3801 1382 3938 1423 con·

2336 1459 2445 1510 stat
2484 1471 2551 1512 ex
2596 1471 2732 1524 usu,
2762 1463 2820 1512 et
2861 1454 3043 1527 quoad
3088 1455 3235 1528 leges
3276 1457 3573 1512 canonicas
3604 1459 3845 1513 sumitur
3872 1472 3942 1514 ex

2334 1557 2461 1613 cap.
2500 1549 2548 1600 1.
2578 1541 2647 1599 de
2679 1544 2881 1614 postul.
2915 1544 3144 1616 praelat.
3176 1550 3329 1601 etex
3355 1561 3481 1616 cap.
3516 1544 3675 1602 2.·de
3708 1547 3934 1602 constit.

2332 1631 2525 1698 Quoad
2546 1631 2738 1689 civiles
2762 1647 2891 1689 vero
2914 1633 3253 1691 declaratum
3276 1633 3379 1690 hoc
3404 1636 3563 1690 estin
3588 1635 3845 1691 Anthent.
3870 1639 3941 1692 ut

743 1731 798 1783 3.
831 1727 930 1782 Est
968 1729 1250 1796 praeterea
1286 1721 1722 1792 observandum,
1763 1720 1904 1777 hanc
1943 1722 2263 1793 promulga-
2315 1718 2535 1791 factae
2562 1735 2755 1778 novae
2781 1724 3260 1788 constitutiones,
3304 1722 3499 1780 Collat.
3534 1727 3587 1780 5.
3622 1723 3777 1781 Unde
3802 1725 3939 1780 Gra·

665 1816 866 1872 tionem
893 1813 1050 1870 aliter
1078 1812 1130 1869 in
1160 1811 1396 1868 naturali
1421 1813 1574 1884 lege,
1607 1811 1763 1868 aliter
1791 1827 1921 1868 vero
1949 1811 2000 1867 in
2030 1813 2265 1884 positiva

667 1903 909 1976 requiri3
941 1915 1064 1958 nam
1093 1901 1144 1956 in
1176 1901 1342 1972 priori
1377 1902 1653 1956 invenitur
1681 1907 1872 1957 certus
1907 1901 2108 1957 modus
2135 1916 2268 1973 pro-

667 1992 1017 2064 mulgationis
1045 2006 1076 2046 a
1107 1997 1306 2069 natura
1327 1988 1580 2047 definitus
1597 2032 1611 2060 ,
1635 1991 1766 2061 quia
1789 1991 1937 2046 sicut
1955 1989 2042 2046 illa
2062 1989 2148 2047 lex
2172 2005 2267 2046 na-

670 2081 862 2137 turalis
905 2085 1024 2150 est,
1069 2079 1142 2134 ita
1181 2094 1246 2134 ex
1289 2093 1346 2134 se
1385 2076 1708 2136 determinat
1735 2078 2076 2136 conditiones
2109 2080 2260 2153 legis.

661 2168 1060 2241 Promulgatur
1085 2182 1218 2239 ergo
1247 2183 1314 2224 eo
1343 2169 1487 2239 ipso,
1512 2167 1661 2239 quod
1689 2182 1756 2224 ex
1788 2175 1984 2224 natura
2005 2171 2126 2239 ipsa
2151 2184 2264 2224 ma-

667 2265 778 2315 nat.
811 2259 1004 2315 Oritur
1038 2255 1181 2312 enim
1221 2271 1289 2312 ex
1330 2257 1584 2326 specifica
1621 2255 1831 2313 ratione
1859 2257 1979 2314 talis
2011 2265 2260 2330 naturae,

665 2352 722 2402 et
758 2345 880 2402 ideo
921 2344 1053 2401 licet
1090 2344 1454 2417 promulgatio
1495 2344 1586 2400 fiat
1613 2345 1666 2398 in
1695 2345 1927 2418 singulis
1948 2387 1962 2414 ,
1995 2361 2101 2402 non
2131 2362 2264 2403 cen-

665 2440 820 2491 setur
835 2449 956 2490 esse
978 2434 1282 2505 propositio
1306 2432 1686 2503 particularis,
1701 2433 1798 2490 sed
1821 2435 2132 2490 communis
2157 2451 2262 2490 vox

667 2525 838 2579 totius
875 2528 1135 2592 naturae,
1176 2519 1258 2576 vel
1302 2522 1486 2592 potius
1515 2521 1766 2576 auctoris
1793 2521 1944 2592 eius,
1976 2522 2104 2594 quia
2133 2521 2267 2578 licet

667 2611 924 2683 loquatur
963 2608 1031 2665 ad
1075 2608 1352 2681 singuloS,
1383 2608 1629 2680 loquitur
1660 2614 1720 2664 ut
1747 2624 1983 2680 persona
2011 2609 2257 2681 publica,

667 2701 792 2773 quia
831 2699 1078 2772 loquitur
1107 2704 1170 2756 ut
1203 2703 1399 2754 auctor
1431 2698 1602 2768 ipsius
1631 2703 1891 2769 naturae,
1921 2699 2071 2755 iuxta
2097 2697 2255 2754 illud:

667 2789 986 2862 Siqnatum
1027 2791 1116 2844 est
1154 2801 1334 2860 snper
1371 2800 1477 2842 nos
1506 2784 1709 2842 lumen
1745 2784 1942 2842 vultus
1971 2789 2094 2847 tui:
2121 2803 2261 2860 quoq

667 2876 832 2933 modo
859 2878 1020 2934 etiam
1053 2875 1361 2947 intelligunt
1387 2873 1551 2946 aliqui
1587 2872 1721 2930 illud
1749 2875 1992 2931 loannis:
2026 2873 2265 2932 Illumi·

661 2969 774 3022 nat
818 2980 1049 3022 omnem
1087 2964 1382 3020 hominem
1423 2964 1750 3020 venientem
1790 2965 1855 3019 in
1891 2964 2046 3020 hunc
2084 2980 2257 3019 mun-

663 3051 826 3108 dum.
859 3052 1242 3109 Verumtamen
1275 3051 1382 3106 hoc
1409 3048 1478 3106 de
1508 3049 1710 3107 lumine
1740 3053 1946 3122 gratiae
1977 3052 2152 3124 magis
2181 3052 2259 3107 in-

665 3140 954 3212 telligitur:
993 3147 1178 3211 potest
1206 3146 1389 3197 autem
1420 3139 1471 3195 in
1495 3141 1768 3210 praesenti
1783 3139 2009 3197 attribui
2034 3141 2136 3214 legi
2168 3156 2262 3197 na-

662 3228 859 3300 turali,
890 3235 1164 3300 quatenus
1205 3226 1442 3284 diximus
1485 3228 1952 3298 comprehendere
1993 3244 2260 3301 superna-

663 3315 861 3375 turalia
889 3324 1186 3389 praecepta
1213 3314 1591 3372 connaturalia
1618 3317 1857 3390 gratiae3
1883 3317 1975 3373 illa
2001 3318 2146 3374 enim
2179 3316 2261 3374 lex

659 3421 768 3462 non
809 3404 1192 3478 promulgatur
1233 3421 1264 3461 a
1305 3407 1416 3462 Deo
1459 3411 1520 3461 ut
1545 3413 1776 3462 auctore
1806 3421 1978 3476 purae
2005 3415 2257 3478 naturae,

661 3493 756 3550 sed
786 3501 852 3550 ut
877 3501 1106 3552 auctore
1133 3495 1371 3565 gratia03
1397 3493 1782 3578 promulgatur
1807 3502 1990 3552 autem
2015 3510 2081 3551 eo
2112 3499 2260 3567 ipso,

661 3581 808 3656 quod
846 3585 1073 3654 gratiam
1102 3581 1352 3638 infundit.
1386 3583 1455 3638 Et
1496 3585 1622 3655 quia
1650 3582 1716 3639 de
1745 3599 1802 3638 se
1831 3590 2054 3654 paratus
2081 3591 2168 3642 est
2195 3585 2263 3642 ad

659 3669 1060 3727 infundendum
1100 3675 1156 3725 et
1195 3668 1662 3742 promulgandum
1705 3671 1958 3726 omnibus
1989 3671 2175 3728 lumen
2204 3673 2262 3728 fi·

660 3759 780 3830 dei,
825 3773 924 3830 per
961 3755 1112 3830 quod
1152 3756 1238 3814 lex
1282 3756 1371 3813 illa
1417 3758 1820 3830 manifestatur,
1864 3759 1988 3817 ideo
2026 3760 2258 3834 dicitur,

659 3852 929 3921 quantum
957 3853 1128 3904 estex
1157 3861 1239 3917 se,
1265 3861 1454 3902 omnes
1483 3846 1814 3919 illuminare,
1840 3855 1905 3906 ut
1934 3850 1988 3905 in
2019 3855 2259 3907 tractatu

659 3933 734 3992 de
763 3937 978 3995 Gratia
1015 3935 1119 3991 late
1161 3935 1429 3991 dicemus.
1456 3935 1527 3991 Et
1565 3936 1639 3990 ita
1667 3935 1810 3992 sicut
1845 3951 2125 4009 nunquam
2166 3937 2262 3995 de·

660 4026 764 4083 suit
791 4028 846 4082 in
875 4026 1131 4082 universo
1160 4023 1439 4081 sufficiens
1467 4023 1606 4080 fidei·
1626 4025 1956 4096 propositio,
1987 4032 2259 4099 qnantum

662 4115 766 4173 suit
791 4131 856 4172 ex
884 4122 1040 4188 parte
1071 4114 1183 4185 Dei,
1206 4115 1278 4169 ita
1305 4127 1586 4186 nunquam
1615 4111 1786 4169 defuit
1805 4113 2087 4170 sufficiens
2113 4114 2259 4172 illius

663 4204 796 4276 legis
831 4203 1217 4276 promulgatio.
1253 4201 1440 4258 Modus
1478 4209 1662 4258 autem
1691 4204 1852 4275 quasi
1882 4190 2260 4261 connaturalis

662 4293 803 4349 illius
845 4293 978 4365 legis
1024 4293 1158 4363 fuit,
1205 4298 1266 4348 ut
1305 4292 1572 4363 inciperet
1609 4306 1641 4347 a
1687 4290 1867 4348 divina
1906 4293 2256 4365 revelatione,

662 4388 852 4454 postea
873 4397 1001 4437 vero
1027 4395 1122 4451 per
1147 4379 1485 4437 traditionem
1507 4378 1868 4437 descenderet
1889 4397 1920 4437 a
1945 4381 2261 4452 parentibus

663 4469 731 4526 ad
761 4469 928 4541 filios,
961 4468 1340 4540 praeveniente
1367 4467 1529 4523 simul
1555 4473 1614 4524 et
1640 4477 1970 4538 cooperante
1997 4472 2106 4526 Deo
2127 4486 2259 4526 cum

663 4556 891 4630 singulis
922 4555 986 4612 ad
1017 4555 1464 4612 illuminationem
1493 4555 1640 4612 illius
1666 4557 1798 4629 legis
1825 4559 2253 4631 percipiendam

662 4645 756 4702 sed
786 4645 852 4702 de
883 4645 987 4701 hoc
1016 4644 1176 4716 plura
1202 4646 1258 4699 in
1283 4642 1432 4700 dicto
1461 4651 1707 4702 tractatu
1735 4643 1806 4703 de
1835 4651 2070 4706 Gratia.

737 4733 854 4791 Alia
893 4748 1024 4789 vero
1069 4734 1205 4789 ratio
1245 4738 1331 4789 est
1368 4732 1436 4789 de
1466 4732 1584 4805 lege
1613 4734 1876 4806 positiva,
1910 4736 2021 4793 sive
2047 4736 2255 4803 divina,

663 4825 780 4880 sive
806 4822 1078 4901 humana3
1109 4821 1244 4878 baec
1272 4822 1416 4878 enim
1445 4837 1662 4893 semper
1683 4823 1859 4879 fertur
1881 4839 1977 4896 per
1999 4839 2057 4880 se
2081 4827 2257 4896 primo

663 4928 763 4986 pro
793 4911 974 4984 aliqua
1000 4913 1429 4982 communitate,
1453 4917 1510 4969 et
1531 4910 1653 4968 ideo
1675 4927 1891 4984 semper
1913 4914 2142 4986 requirit
2166 4931 2258 4970 ro-

662 5017 785 5058 cem
807 4999 1078 5072 publicam
1105 4998 1430 5070 legislatoris
1451 5015 1547 5071 per
1569 5015 1628 5056 se
1646 5041 1661 5072 ,
1685 5001 1768 5058 vel
1794 5017 1890 5072 per
1910 5000 2076 5058 alium
2097 5017 2252 5059 com-

665 5089 914 5146 munitati
945 5087 1247 5160 loquentis3
1273 5103 1382 5145 non
1411 5095 1589 5146 tamen
1611 5105 1676 5146 ex
1699 5105 1758 5145 se
1783 5089 2107 5148 determinat
2133 5105 2256 5147 cer·

663 5183 781 5234 tum
821 5176 1046 5235 modum
1083 5175 1227 5233 illius
1266 5177 1516 5247 publicae
1558 5177 2028 5250 manifestationis,
2061 5179 2156 5236 sed
2185 5179 2255 5236 ab

2334 1810 2517 1865 tianus
2544 1809 2596 1866 in
2638 1811 2663 1878 ἕ
2692 1810 2815 1868 sub.
2848 1826 2972 1882 cap.
3002 1815 3079 1868 In
3104 1815 3263 1874 istis,
3294 1811 3351 1868 d.
3389 1815 3455 1870 4:
3490 1815 3698 1886 Leqes,
3732 1813 3935 1886 inquit,

2333 1902 2471 1954 tunc
2506 1900 2929 1966 instituuntur,
2976 1915 3115 1956 cum
3145 1899 3632 1974 promulqantur.
3672 1903 3732 1958 In
3774 1903 3937 1974 parti-

2332 1986 2509 2044 culari
2550 1995 2738 2044 autem
2767 1987 2835 2045 de
2864 1988 3302 2061 promulgatione
3330 1991 3594 2061 requisita
3623 1990 3675 2046 in
3706 1990 3937 2062 singulis

2331 2077 2627 2150 generibus
2656 2078 2872 2152 legum,
2905 2077 3225 2149 praesertim
3252 2077 3617 2136 humanarum
3641 2121 3656 2150 ,
3688 2078 3939 2137 dicemus

2334 2165 2556 2221 inferius
2586 2181 2691 2222 suo
2719 2165 2863 2222 loco.

2413 2259 2469 2313 4.
2495 2255 2654 2311 Nunc
2678 2270 2809 2328 ergo
2832 2255 2881 2310 in
2911 2268 3108 2327 genere
3136 2254 3399 2327 sufficiat,
3432 2256 3790 2312 necessariam
3814 2269 3937 2311 esse

2332 2343 2573 2416 aliquam
2596 2345 3022 2416 propositionem
3041 2349 3323 2400 externam
3344 2344 3715 2401 etsensibilem
3730 2345 3932 2400 tactam

2334 2432 2407 2488 ita
2435 2432 2657 2503 publice
2684 2440 2740 2489 et
2768 2448 2899 2489 cum
2930 2438 3079 2490 tanta
3102 2433 3359 2505 temporis
3390 2433 3702 2503 latitudine,
3732 2440 3794 2490 ut
3818 2448 3940 2489 mo·

2332 2518 2519 2576 raliter
2556 2520 2730 2590 possit
2765 2519 2830 2576 ad
2861 2520 3109 2577 notitiam
3138 2521 3307 2578 totius
3334 2523 3744 2578 communitatis
3772 2520 3937 2577 deve-

2332 2608 2478 2679 nire,
2520 2609 2648 2681 quia
2688 2607 2793 2664 hoc
2821 2609 3017 2666 saltem
3047 2610 3421 2666 necessarium
3448 2617 3563 2680 est,
3594 2617 3658 2666 ut
3692 2609 3938 2682 obligare

2331 2697 2539 2768 possit,
2578 2695 2727 2769 qnod
2766 2711 2863 2768 per
2904 2711 2961 2754 se
3000 2694 3067 2753 ad
3110 2696 3285 2770 legem
3325 2704 3560 2770 spectat.
3591 2700 3671 2754 An
3707 2713 3837 2753 vero
3865 2697 3935 2753 ad

2332 2775 2567 2857 a'liquem
2604 2783 2863 2840 effectum
2908 2784 3045 2858 legis
3074 2785 3249 2842 minor
3276 2785 3641 2857 promulgatio
3668 2784 3929 2855 sufficiat,

2332 2872 2496 2929 babet
2534 2872 2823 2946 specialem
2864 2873 3243 2945 quaestionem
3285 2879 3399 2930 tam
3440 2873 3590 2931 circa
3629 2872 3803 2946 legem
3836 2872 3939 2929 bu-

2336 2975 2555 3018 manam
2579 3003 2593 3031 ,
2624 2975 2789 3034 quam
2819 2963 2971 3018 circa
2992 2961 3229 3018 divinam
3247 3002 3263 3034 ,
3287 2976 3429 3035 quae
3449 2977 3515 3018 ex
3537 2961 3765 3018 diversis
3789 2963 3939 3034 prin-

2330 3050 2485 3122 cipiis
2514 3050 2719 3122 oritur,
2750 3056 2807 3106 et
2827 3049 2956 3107 ideo
2988 3049 3281 3109 tractando
3310 3050 3376 3108 de
3403 3050 3507 3106 illis
3537 3049 3735 3107 melius
3763 3049 3937 3122 expli-

2332 3139 2567 3196 cabitur.
2594 3139 2781 3197 Potest
2802 3145 2985 3195 autem
3017 3138 3103 3195 bic
3124 3141 3339 3212 quaeri,
3362 3155 3430 3196 an
3460 3139 3595 3195 haec
3618 3140 3936 3212 promulga-

2332 3227 2405 3284 tio
2438 3229 2759 3301 requiratur
2788 3227 2965 3283 solum
2994 3234 3059 3282 ut
3086 3213 3323 3284 conditio
3356 3229 3662 3285 necessaria
3684 3243 3748 3284 ex
3780 3235 3935 3300 parte

2333 3315 2602 3383 hominis,
2646 3317 2775 3390 quia
2817 3332 2922 3372 non
2964 3305 3147 3387 potest
3186 3316 3450 3389 obligari,
3495 3318 3597 3372 nisi
3626 3323 3933 3390 cognoscat

2329 3404 2535 3477 legem3
2584 3405 2665 3462 vel
2704 3406 2869 3461 etiam
2912 3405 3229 3478 requiratur
3269 3420 3337 3463 ex
3378 3411 3529 3476 parte
3570 3406 3739 3476 ipsius
3777 3405 3933 3478 legis,

2330 3494 2461 3564 quia
2494 3509 2599 3548 non
2632 3498 2815 3564 potest
2842 3493 3083 3564 obligare
3104 3534 3119 3565 ,
3150 3493 3247 3549 nisi
3282 3495 3354 3549 sit
3389 3493 3755 3566 promulgata.
3786 3494 3935 3551 uuiti

2330 3582 2473 3636 enim
2504 3580 2629 3636 nihil
2662 3583 2804 3637 inter
2830 3579 2966 3636 baec
2996 3580 3109 3637 duo
3136 3580 3477 3654 distinguere
3508 3581 3783 3638 videntur.
3820 3582 3932 3639 Un-

2330 3666 2399 3724 de
2425 3669 2619 3725 Castro
2646 3668 2741 3725 lib.
2785 3674 2833 3726 1.
2864 3668 2938 3725 de
2966 3667 3091 3742 leqe
3108 3667 3347 3744 poenal.
3380 3685 3505 3741 cap.
3541 3674 3588 3726 1.
3620 3676 3827 3727 tantam
3854 3669 3933 3726 di-

2329 3758 2409 3813 cit
2438 3773 2561 3814 esse
2604 3756 2765 3814 huius
2796 3758 3247 3830 promulgationis
3278 3760 3658 3817 necessitatem
3684 3802 3699 3831 ,
3734 3767 3795 3817 nt
3830 3775 3931 3816 nec

2330 3848 2475 3904 Deus
2514 3846 2629 3917 ipse
2671 3851 2845 3918 possit
2883 3847 3000 3920 lege
3042 3849 3275 3919 positiva
3315 3848 3383 3904 ab
3422 3863 3489 3904 eo
3528 3847 3657 3905 data
3692 3848 3931 3922 aliquem

2332 3934 2571 4008 obligare
2610 3932 2725 3991 sine
2764 3933 2897 4007 legis
2942 3935 3329 4007 publicatione.
3372 3937 3489 3992 Hoc
3520 3944 3700 3993 autem
3728 3945 3813 3994 est
3842 3954 3933 3994 ve·

2334 4039 2457 4079 rum
2488 4023 2554 4080 de
2584 4022 2983 4095 publicatione,
3016 4031 3080 4079 ut
3106 4023 3239 4081 dicit
3266 4026 3509 4082 notitiam
3542 4026 3674 4100 legis
3702 4043 3929 4099 propor-

2296 4103 2587 4168 ‘tionatam
2630 4111 2973 4185 obligationi3
3018 4111 3153 4169 baec
3195 4115 3341 4169 enim
3378 4120 3467 4171 est
3506 4116 3815 4172 necessaria
3860 4131 3932 4172 ex

2332 4205 2487 4270 parte
2515 4201 2689 4272 ipsius
2719 4199 2979 4272 bominis,
3021 4203 3153 4273 quia
3180 4201 3280 4258 nisi
3318 4205 3369 4258 ei
3410 4210 3756 4274 proponatur
3786 4203 3934 4259 obie-

2330 4296 2519 4360 ctum,
2558 4305 2665 4344 non
2707 4296 2893 4361 potest
2930 4289 3167 4362 moveri,
3208 4306 3309 4346 nec
3339 4305 3607 4363 peccare,
3636 4297 3693 4348 et
3720 4291 3793 4348 ita
3820 4308 3929 4348 non

2330 4383 2513 4449 potest
2538 4391 2669 4434 cum
2698 4376 2899 4434 effectu
2939 4377 3188 4449 obligari.
3220 4378 3593 4451 promulgatio
3618 4387 3801 4437 autem
3829 4396 3931 4452 pu-

2329 4467 2495 4539 blica,
2511 4473 2568 4523 et
2586 4473 2810 4523 externa
2831 4481 2896 4522 ac
2922 4466 3212 4537 sensibilis,
3228 4466 3294 4523 de
3310 4483 3421 4541 qua
3438 4483 3587 4524 nunc
3604 4474 3927 4540 tractamus,

2331 4573 2440 4613 non
2468 4562 2555 4613 est
2580 4556 2659 4613 ita
2687 4555 2999 4612 necessaria
3024 4556 3078 4610 in
3112 4555 3320 4627 tegibus
3352 4558 3445 4613 Dei
3474 4556 3541 4612 de
3568 4557 3809 4628 potentia
3837 4558 3931 4614 ab·

2330 4644 2530 4716 soluta,
2555 4646 2686 4717 quin
2711 4645 2889 4716 possit
2916 4644 3030 4714 ipse
3060 4651 3321 4716 tanquam
3348 4659 3643 4715 supremus
3667 4644 3929 4702 Dominus

2327 4734 2566 4807 obligare
2605 4747 2792 4789 omnes
2834 4747 2930 4802 per
2970 4730 3242 4802 privatam
3284 4732 3531 4788 notitiam
3572 4734 3735 4789 etiam
3784 4747 3929 4790 mere

2326 4822 2662 4879 interiorem.
2707 4820 2801 4877 ille
2841 4826 3023 4877 autem
3066 4818 3262 4874 modus
3302 4835 3411 4876 non
3440 4826 3589 4876 esset
3617 4821 3933 4878 hominibus

2326 4909 2780 4968 accommodatus
2805 4948 2820 4979 ,
2853 4916 2910 4965 et
2937 4909 3257 4980 praesertim
3288 4923 3385 4979 pro
3414 4907 3759 4966 multitudine
3784 4951 3799 4982 ,
3834 4925 3937 4966 seu

2325 4999 2715 5057 communitate
2746 4997 3003 5053 bumana.
3039 4999 3107 5052 At
3134 5011 3263 5051 vero
3290 4996 3640 5067 simpliciter,
3664 5005 3718 5054 et
3738 5013 3807 5055 ea
3830 5012 3936 5053 na-

2328 5097 2454 5146 tura
2494 5089 2573 5144 rei
2612 5085 2889 5160 loquendo
2908 5125 2924 5158 ,
2958 5084 3076 5141 talis
3107 5084 3474 5157 promulgatio
3500 5093 3587 5141 est
3619 5088 3937 5143 necessaria

2325 5194 2394 5235 ex
2422 5184 2575 5249 parte
2601 5177 2773 5248 ipsius
2800 5176 2973 5249 legis,
3003 5175 3131 5246 quia
3162 5173 3268 5230 boc
3298 5173 3543 5245 postulat
3576 5175 3823 5233 conditio
3852 5176 3927 5232 le-
