4325 6267
809 325 933 388 308

734 466 821 535 liis
844 508 859 537 ,
889 466 983 523 sed
1024 464 1381 523 conciliorum
1422 466 1490 522 ab
1528 466 1666 537 ipso.
1698 468 1765 524 Et
1808 467 2111 523 insinuatur
2153 466 2325 539 ratio,

731 558 861 629 quia
896 561 1139 628 potestas
1176 555 1317 611 illius
1354 555 1495 613 sedis
1534 555 1721 613 eadem
1761 564 1848 613 est
1887 573 2015 613 cum
2054 560 2324 628 potestate

732 647 899 714 Petri,
930 651 985 701 et
1012 660 1135 717 cap.
1170 648 1358 709 Novit,
1395 643 1461 701 de
1490 644 1806 716 iudiciis‚de
1834 645 2026 702 eadem
2055 645 2330 703 Pontificis

733 741 1001 807 potestate
1027 734 1259 791 dicitur:
1298 738 1457 792 Cum
1482 751 1601 791 non
1634 736 1937 793 humanae
1963 738 2330 793 constitutio-

732 828 827 889 ni,
863 824 965 881 sed
1004 822 1242 881 divinae
1276 827 1607 891 innitatur,
1644 826 1793 893 quia
1822 828 2083 899 potestas
2124 828 2332 882 nostra

730 932 851 971 non
888 930 964 971 ea·
1002 914 1274 982 homine,
1325 912 1427 971 sed
1464 930 1539 971 eoe
1584 920 1703 973 Deo
1746 918 1849 971 est.
1897 914 2041 971 ldem
2091 914 2142 969 in
2203 929 2328 985 cap.

740 1007 1009 1079 Quanto,
1063 1010 1119 1061 et
1168 1004 1279 1061 fere
1317 1010 1434 1061 toto
1478 1003 1637 1062 titulo
1684 1004 1750 1061 de
1801 1004 2044 1060 translat.
2084 1004 2328 1076 episcop.

733 1094 869 1149 Hinc
905 1094 1068 1150 etiam
1096 1094 1148 1150 in
1190 1093 1380 1151 eodem
1418 1100 1573 1151 textu
1604 1094 1849 1152 Pontifex
1880 1092 2087 1149 dicitur
2128 1092 2331 1149 Christi

730 1182 1014 1254 vicarius,
1053 1199 1162 1241 non
1205 1192 1389 1239 autem
1432 1184 1605 1255 Petri,
1646 1183 1742 1240 sed
1781 1197 2093 1239 successor.
2123 1183 2332 1239 Dicitur

732 1273 895 1329 etiam
924 1272 1076 1329 solus
1103 1271 1303 1329 habere
1330 1272 1715 1345 plenitudinem
1745 1273 2049 1344 potestatis,
2082 1288 2206 1344 cap.
2235 1270 2334 1329 Ad

731 1362 1029 1429 honorem,
1058 1361 1126 1420 de
1153 1364 1410 1420 auctorit.
1436 1370 1491 1419 et
1521 1380 1624 1419 usu
1657 1362 1823 1433 pallii,
1845 1368 1902 1418 et
1927 1376 2049 1433 cap.
2079 1364 2330 1418 Decreto

734 1456 791 1520 2,
814 1466 872 1523 q.
904 1454 961 1521 6,
990 1466 1218 1523 eamque
1238 1458 1570 1524 potestatem
1602 1452 1796 1509 habere
1822 1450 2023 1509 dicitur
2052 1466 2149 1522 per
2180 1450 2330 1522 prin·

732 1538 965 1612 cipalem
994 1547 1321 1613 potestatem
1349 1541 1633 1598 beatorum
1666 1541 1807 1599 Petri
1835 1548 1893 1599 et
1929 1542 2082 1599 Pauli
2116 1543 2170 1597 in
2199 1556 2326 1613 cap.

734 1629 907 1687 ultim.
950 1633 1018 1699 9,
1046 1648 1101 1703 q.
1149 1636 1200 1688 3.
1244 1631 1321 1687 Ac
1364 1632 1595 1703 denique
1636 1632 1706 1690 ob
1747 1631 1885 1689 banc
1927 1647 2150 1688 causam
2196 1631 2333 1687 dixit

732 1720 947 1794 Agatho
977 1736 1113 1792 papa
1140 1722 1189 1777 in
1228 1736 1351 1793 cap.
1386 1724 1489 1779 Sic
1518 1738 1744 1791 omnes,
1779 1721 1907 1779 dist.
1949 1724 2043 1778 19:
2075 1723 2174 1777 Sic
2209 1738 2332 1776 om-

731 1825 832 1867 nes
844 1814 1175 1867 sanctiones
1191 1810 1731 1887 apostolicaesedis
1754 1810 2141 1887 accipiendae
2162 1814 2320 1878 sunt,

734 1904 1027 1973 tanquam
1062 1904 1252 1977 ipsius
1289 1900 1481 1959 divini
1507 1905 1671 1959 Petri
1704 1917 1841 1959 voce
1853 1901 2148 1973 firmatae
2185 1904 2326 1957 sint.

735 1989 849 2045 Alia
870 2005 939 2046 ex
968 1990 1217 2062 patribus
1238 2000 1293 2049 et
1320 1992 1561 2049 conciliis
1589 1992 1753 2049 videri
1784 1998 2020 2064 possunt
2048 1991 2097 2046 in
2130 1988 2358 2046 Bellar-·

734 2082 879 2136 mino
906 2097 1092 2153 supra.

821 2174 905 2227 11.
940 2172 1179 2244 Denique
1228 2173 1427 2229 veritas
1476 2172 1609 2229 baec
1660 2174 1868 2230 ratione
1920 2172 2230 2231 declaratur
2274 2171 2325 2227 in

736 2259 883 2315 hunc
916 2260 1160 2332 modum,
1191 2264 1319 2335 quia
1348 2261 1483 2319 haec
1514 2270 1754 2335 potestas
1782 2262 2219 2336 supernaturalis
2245 2264 2331 2319 est

734 2356 788 2404 et
828 2352 1052 2421 propria
1093 2350 1375 2407 Ecclesiae
1414 2350 1649 2422 Christi3
1688 2368 1821 2427 ergo
1862 2354 1995 2410 nulli
2034 2353 2327 2409 convenire

734 2446 945 2511 potest,
978 2442 1079 2497 nisi
1106 2442 1195 2497 cui
1233 2441 1481 2499 Christus
1509 2444 1652 2499 illam
1685 2443 1948 2514 contulit,
1978 2444 2062 2499 vel
2092 2441 2324 2509 confert,

734 2529 826 2586 sed
861 2547 967 2587 non
993 2532 1232 2588 contulit
1260 2541 1321 2589 ut
1349 2540 1613 2605 perpetuo
1646 2533 1985 2603 duraturam,
2018 2532 2117 2588 nisi
2143 2533 2323 2602 Petr03

732 2636 866 2693 ergo
892 2620 1030 2677 idem
1058 2620 1307 2678 Christus
1335 2629 1449 2692 est,
1482 2624 1575 2697 qui
1600 2639 1719 2679 eam
1748 2623 1966 2681 confert
1990 2621 2332 2679 successori-

732 2712 839 2767 bus
866 2712 1003 2767 eius.
1032 2712 1349 2768 sicutenim
1376 2730 1403 2769 a
1434 2714 1697 2787 principio
1723 2712 2031 2786 dependens
2052 2712 2155 2769 fuit
2175 2726 2206 2767 a
2231 2708 2330 2766 do·

740 2804 957 2860 natione
986 2801 1208 2875 Christi,
1239 2810 1303 2859 ut
1329 2818 1451 2859 esse
1475 2804 1771 2877 inciperet3
1804 2805 1875 2860 ita
1902 2807 2170 2876 perpetuo
2201 2815 2328 2872 pen·

740 2894 923 2951 detes
956 2892 1111 2948 simili
1146 2892 1351 2949 influxu
1389 2909 1487 2950 seu
1513 2894 1800 2952 donatione
1824 2895 1969 2963 eius,
2008 2900 2079 2957 ,ut
2105 2906 2329 2949 conser-

744 2989 921 3039 vetur.
951 2982 1144 3054 Dices,
1174 2982 1361 3040 donari
1402 2982 1621 3057 quidem
1652 2999 1684 3040 a
1719 2984 1936 3040 Christo
1958 3024 1972 3051 ,
2004 2998 2109 3039 non
2150 2988 2328 3038 tamen

742 3070 1085 3145 immediate,
1119 3070 1213 3129 sed
1257 3071 1449 3130 mediis
1486 3072 1817 3131 hominibus.
1851 3071 2205 3144 Respondeo,
2237 3086 2329 3127 ne-

742 3164 1047 3219 cessarium
1085 3162 1304 3236 quidem
1342 3177 1461 3219 esse
1502 3162 1736 3236 aliquem
1768 3162 2047 3220 hominum
2088 3176 2331 3217 concur·

738 3270 861 3311 sum
884 3298 898 3325 ,
929 3260 993 3311 ut
1028 3269 1407 3310 successorem
1444 3253 1672 3327 eligant,
1702 3254 1832 3327 quia
1872 3252 2007 3309 haec
2045 3254 2328 3309 successio

739 3359 845 3401 non
875 3350 963 3401 est
997 3346 1120 3400 iure
1149 3344 1423 3417 sanguinis
1455 3350 1554 3401 aut
1580 3342 1956 3411 haereditario,
1982 3340 2077 3399 sed
2104 3349 2192 3398 est
2217 3358 2330 3399 mo-

738 3435 839 3492 rali
874 3434 1041 3491 modo
1080 3450 1179 3506 per
1214 3433 1556 3491 electionem.
1598 3432 1953 3489 Nihilominus
1990 3440 2170 3489 tamen
2213 3432 2329 3504 ipsa

738 3533 980 3599 potestas
1022 3541 1129 3581 non
1172 3525 1458 3581 confertur
1496 3539 1595 3596 per
1634 3522 1878 3579 homines
1917 3526 2176 3595 tanquam
2229 3537 2326 3595 per

738 3630 963 3673 causam
994 3631 1089 3687 per
1124 3631 1221 3687 se,
1252 3620 1312 3670 ut
1339 3614 1410 3670 ita
1436 3612 1647 3681 dicam,
1675 3614 1805 3684 quia
1834 3628 1991 3670 nemo
2020 3612 2145 3685 dat,
2175 3611 2326 3686 quod

742 3721 847 3761 non
876 3704 1057 3776 habet,
1080 3710 1138 3760 et
1163 3704 1413 3760 Christus
1440 3718 1720 3775 nunquam
1750 3702 1980 3759 contulit
2008 3702 2147 3758 hanc
2176 3709 2332 3775 pote-

740 3803 935 3853 statem
962 3793 1273 3863 Ecclesiae,
1304 3792 1385 3848 vel
1416 3790 1533 3848 aliis
1562 3790 1864 3847 hominibus
1884 3834 1898 3863 ,
1934 3798 1995 3847 ut
2024 3790 2170 3849 illam
2201 3808 2328 3866 pos-

740 3892 863 3942 sent
900 3887 951 3941 in
994 3883 1157 3940 alium
1190 3882 1516 3951 transferre3
1548 3896 1681 3955 ergo
1706 3880 1957 3939 Christus
1986 3882 2099 3953 ipse
2139 3883 2327 3938 imme-

739 3977 883 4034 diate
920 3972 1152 4032 confert.
1180 3971 1331 4030 Unde
1371 3971 1643 4029 Adrianus
1685 3986 1821 4044 papa
1850 3973 1902 4026 in
1931 3972 2097 4043 epist.
2130 3969 2197 4028 ad
2229 3974 2328 4029 im·

739 4075 1079 4139 peratorem,
1108 4077 1249 4136 quae
1294 4062 1525 4120 refertur
1551 4062 1604 4118 in
1632 4065 1858 4135 septima
1882 4059 2093 4138 synodo
2123 4068 2232 4119 act.
2265 4066 2320 4119 2.

738 4161 792 4214 in
833 4155 1131 4226 additione,
1172 4170 1312 4227 quae
1350 4154 1569 4225 incipitz
1599 4155 1663 4211 Si
1703 4169 1859 4220 vero,
1894 4159 2005 4211 etc.
2038 4154 2199 4227 dicit,
2230 4170 2328 4226 per

738 4247 1054 4305 continuam
1082 4242 1491 4300 successionem
1529 4244 1579 4299 in
1618 4242 1742 4299 sede
1770 4244 1913 4301 Petri
1960 4246 2166 4317 impleri
2205 4260 2326 4301 ver-

738 4339 871 4394 bum
908 4336 1126 4391 Christi:
1164 4336 1250 4391 Ta
1296 4349 1356 4389 es
1381 4335 1610 4399 Petrus,
1645 4341 1758 4390 etc.
1802 4342 1859 4391 et
1897 4333 2031 4391 infra
2072 4336 2186 4391 ait:
2233 4334 2326 4392 Ab

737 4430 867 4501 ipso
920 4422 1301 4497 Redemptore
1348 4420 1556 4479 viandi
1617 4421 1785 4479 beato
1839 4425 2012 4480 Petro
2061 4422 2325 4498 apostolo

730 4518 1109 4590 principatus
1130 4529 1205 4571 ac
1222 4516 1487 4587 potestas
1512 4510 1665 4569 data
1690 4518 1803 4582 est,
1838 4518 1893 4570 et
1912 4528 2025 4587 per
2052 4514 2322 4571 eumdem

737 4603 1073 4677 apostolum
1108 4602 1405 4659 catholica
1457 4607 1512 4659 et
1546 4602 1873 4678 apostolica
1924 4602 2200 4663 Ecclesia
2227 4621 2321 4660 ro-

738 4709 929 4751 mana
960 4710 1147 4766 usque
1170 4694 1461 4749 hactenus
1476 4699 1636 4765 ,tenet
1652 4696 2065 4769 principatum
2086 4700 2141 4751 et
2159 4698 2324 4770 pote-

740 4786 912 4840 statis
953 4785 1391 4841 auctoritatem.
1840 4826 1851 4835 .

822 4878 907 4931 12.
938 4876 1115 4947 Atque
1146 4873 1271 4929 binc
1296 4871 1449 4929 facile
1476 4871 1760 4946 expeditur
1785 4872 2033 4946 dubium,
2058 4873 2206 4948 quod
2236 4891 2322 4931 so-

738 4966 811 5021 let
837 4980 869 5020 a
896 4963 1190 5020 canonistis
1223 4964 1469 5034 tractari,
1500 4979 1567 5019 an
1596 4965 1741 5035 Papa
1768 4964 1921 5020 solus
1952 4964 2065 5019 sine
2091 4964 2321 5020 consilio

658 5104 663 5111 .
740 5053 1119 5125 cardinalium,
1146 5051 1313 5125 leges,
1337 5053 1653 5124 praesertim
1675 5068 1869 5125 graves
1888 5059 1944 5109 et
1966 5054 2319 5123 universales,

739 5144 973 5201 condere
1003 5140 1358 5209 valeat.Quod
1388 5142 1525 5197 enim
1549 5158 1653 5197 non
1680 5143 2055 5214 possit,tenuit
2084 5144 2325 5200 Lauren·

744 5236 851 5291 tius
880 5237 931 5291 in
972 5250 1093 5305 cap.
1128 5234 1277 5291 Sunt
1303 5228 1565 5303 quidam,
1603 5236 1697 5304 25,
1730 5238 1945 5305 quaest.
1987 5238 2043 5306 1,
2075 5240 2131 5291 et
2167 5236 2315 5291 ioan.

2197 340 2397 390 mmm
2425 340 2522 389 IV·

2400 466 2697 523 nonachus
2735 468 2788 523 in
2831 483 2953 538 cap.
2987 471 3180 544 Super
3218 484 3301 537 eo,
3347 466 3414 527 de
3457 472 3666 530 haeret.
3705 472 3756 528 in
3799 475 3856 544 6,
3903 472 4004 531 ubi

2399 555 2542 612 idem
2567 558 2734 613 sentit
2755 558 2990 615 Anchar.
3013 574 3142 616 cum
3166 560 3328 617 Baldo
3350 562 3402 618 in
3425 561 3532 635 leg.
3552 579 3690 621 cum
3709 563 3986 633 multum,

2399 647 2462 702 C.
2494 646 2561 701 de
2589 644 2744 701 bonis
2763 689 2780 717 ,
2808 663 2949 720 quae
2988 647 3142 705 liber.
3173 648 3386 709 dicente
3405 694 3420 721 ,
3451 667 3558 709 non
3596 668 3758 725 posse
3785 656 3992 725 Papam

2401 734 2678 794 infeudare
2731 745 2912 794 castra
2955 740 3188 810 pretiosa
3227 740 3506 798 Ecclesiae
3553 744 3670 799 sine
3717 759 3998 801 consensu

2399 824 2782 883 cardinalium.
2803 829 2874 883 Et
2903 826 3004 885 late
3033 828 3174 887 hanc
3205 832 3521 888 sententiam
3551 830 3788 889 defendit
3811 831 3986 889 Andr.

2401 915 2572 972 Sicut.
2606 924 2846 975 tractatu
2881 916 2953 974 de
2993 922 3378 993 praestantia
3417 920 3718 979 cardinal.
3749 929 3891 993 part.
3937 925 3991 991 1,

2401 1012 2617 1077 quaest.
2658 1010 2705 1064 1.
2739 1005 3173 1066 Fundamentum
3213 1024 3335 1066 esse
3362 1017 3570 1083 potest,
3601 1010 3684 1067 vel
3723 1011 3852 1083 quia
3879 1011 4000 1067 iure

2401 1095 2852 1168 consuetudinis,
2888 1097 2972 1154 vel
3015 1100 3173 1170 quasi
3211 1100 3650 1173 praescriptionis
3689 1100 4000 1156 cardinales

2402 1184 2602 1243 habent
2623 1186 2950 1260 acquisitum
2975 1187 3208 1257 hocius,
3238 1196 3298 1247 ut
3319 1190 3556 1247 Pontifex
3579 1206 3777 1248 causas
3795 1205 3997 1263 graves

2403 1289 2508 1331 non
2533 1274 2861 1333 determinet
2883 1280 2998 1335 sine
3027 1294 3222 1335 eorum
3251 1280 3510 1353 consili03
3534 1281 3676 1337 inter
3697 1296 3836 1354 quas
3865 1296 4002 1337 cau·

2401 1379 2492 1420 sas
2516 1365 2711 1421 merito
2738 1376 3093 1439 computatur
3123 1368 3454 1441 legumlatio.
3478 1369 3576 1427 Vel
3603 1370 3732 1443 quia
3760 1370 3880 1426 iure
3905 1369 3994 1427 di-

2402 1453 2528 1508 vino
2557 1460 2686 1511 sunt
2707 1454 2773 1512 ad
2801 1455 2851 1511 id
2881 1472 3084 1513 munus
3115 1458 3370 1531 instituti,
3395 1467 3451 1516 et
3477 1460 3596 1518 ideo
3623 1476 3730 1517 non
3760 1465 3996 1531 possunt

2401 1540 2491 1597 illo
2520 1544 2746 1613 privari,
2775 1550 2832 1601 et
2857 1544 2924 1601 ad
2954 1545 3059 1602 boc
3089 1548 3354 1621 allegatur
3391 1564 3516 1620 cap.
3549 1552 3669 1607 Per
3693 1548 4000 1606 venerabi-

2399 1629 2535 1699 lem,
2564 1634 2660 1706 qui
2679 1633 2765 1689 tilii
2795 1635 2904 1692 sint
2932 1635 3172 1708 legitimi,
3197 1637 3350 1694 eirca
3379 1639 3560 1709 tinem,
3587 1637 3680 1694 ibi:
3707 1642 3864 1695 Sunt
3889 1654 4000 1697 au-

2398 1724 2513 1778 tem
2542 1720 2877 1779 sacerdotes
2913 1721 3126 1782 levitici
3151 1730 3378 1797 yemis
3391 1725 3625 1799 fratres
3653 1730 3867 1788 nostri.
3898 1730 4003 1800 qui

2398 1808 2559 1865 nobis
2607 1812 2740 1867 iure
2774 1812 3004 1869 levitico
3055 1816 3118 1871 iu
3157 1820 3559 1874 executionem
3597 1816 3994 1874 sacerdotalis

2397 1896 2580 1971 officii
2619 1899 2988 1959 coadiutores
3031 1906 3314 1961 emistunt.
3345 1905 3640 1964 Confirmat
3668 1906 3772 1963 hoc
3809 1905 3986 1963 Andr.

2396 1987 2566 2044 Sicul.
2599 2004 2665 2045 ex
2705 1992 2882 2061 capite
2912 1994 3297 2059 Anastasius,
3332 1994 3572 2052 distinct.
3609 1999 3696 2065 19,
3731 1995 3822 2051 ubi
3853 1997 3997 2051 Ana-

2399 2079 2598 2134 stasius
2640 2080 2891 2153 arguitur
2918 2080 2986 2138 de
3026 2086 3128 2157 002,
3169 2082 3322 2157 quod
3350 2086 3466 2141 sine
3493 2084 3721 2143 consilio
3763 2083 3998 2140 clerico-

2397 2181 2521 2225 rum
2553 2168 2842 2227 haereticis
2869 2173 3374 2231 communicaverit.

2481 2261 2566 2315 13.
2597 2259 2953 2319 Nihilominus
2981 2269 3196 2320 certum
3224 2270 3329 2336 est,
3354 2266 3407 2320 in
3439 2264 3555 2321 solo
3587 2265 3842 2322 Pontifice
3869 2278 4004 2320 esse

2399 2353 2720 2419 potestatem
2759 2348 3064 2407 absolutam
3105 2351 3312 2409 ferendi
3348 2352 3495 2425 leges
3518 2395 3533 2424 ,
3565 2353 3796 2428 ideoque
3834 2368 4000 2425 posse

2396 2435 2574 2493 valide
2613 2437 2730 2495 illas
2761 2438 2900 2496 ferre
2927 2441 3043 2499 sine
3083 2457 3356 2501 consensu
3383 2452 3439 2501 et
3479 2445 3592 2501 sine
3618 2444 3846 2501 consilio
3871 2459 4003 2501 car·

2397 2524 2657 2583 dinalium
2675 2570 2690 2600 ,
2723 2527 2854 2587 licet
2879 2544 2944 2587 ex
2974 2532 3252 2590 honestate
3281 2548 3346 2590 ac
3375 2532 3629 2601 decentia
3657 2532 3708 2591 id
3737 2533 4002 2608 regulari-

2398 2622 2482 2673 ter
2508 2632 2616 2677 non
2645 2617 2829 2676 faciat.
2856 2621 3002 2677 Haec
3039 2627 3125 2678 est
3151 2624 3461 2681 communis
3482 2626 3753 2682 sententia
3779 2624 4001 2683 iurista-

2399 2721 2544 2776 rum,
2569 2716 2632 2765 ut
2661 2708 2900 2767 affirmat
2921 2719 2976 2768 et
3003 2714 3256 2785 sequitur
3275 2714 3690 2771 Turrecremata
3709 2714 3764 2770 in
3791 2728 3920 2785 cap.
3937 2719 3996 2785 2,

2397 2802 2430 2863 s
2450 2795 2600 2865 idco,
2626 2806 2731 2855 art.
2747 2804 2804 2867 2,
2825 2816 2976 2857 num.
2995 2805 3048 2859 ⁴.
3066 2802 3324 2861 Eamdem
3349 2811 3498 2861 tenet
3523 2802 3699 2860 Abbas
3722 2806 3776 2860 in
3797 2818 3924 2876 cap.
3939 2808 3996 2862 2.

2397 2885 2464 2943 de
2504 2888 2720 2945 clericis
2749 2903 2854 2945 non
2885 2889 3199 2950 residentib.
3232 2908 3380 2951 num.
3416 2897 3445 2951 ⁴
3468 2935 3484 2965 ,
3516 2892 3620 2951 late
3649 2892 3869 2950 Felinus
3889 2935 3905 2965 ,
3937 2902 3998 2953 et

2397 2978 2572 3036 multa
2607 2979 2845 3036 referens
2871 2982 2926 3037 in
2971 2981 3193 3039 rubrica
3219 2982 3288 3040 de
3328 2986 3704 3041 constitution.
3735 2999 3890 3039 num.
3939 2989 3998 3055 2',

2395 3076 2454 3126 et
2495 3068 2564 3125 ibi
2607 3070 2803 3125 Decius
2847 3069 3082 3129 lectione
3128 3077 3190 3145 t,
3229 3088 3285 3146 q.
3317 3078 3374 3132 3.
3415 3074 3692 3148 Pluraque
3733 3074 3788 3129 in
3831 3072 4000 3131 huius

2397 3159 2694 3217 sententiae
2723 3160 3193 3219 confirmationem
3218 3161 3442 3219 adducit
3474 3162 3641 3221 Andr.
3665 3162 3836 3221 Sicul.
3856 3160 3994 3229 dict.

2397 3264 2452 3322 q.
2498 3255 2542 3306 1.
2575 3250 2680 3306 Sed
2711 3266 2798 3305 res
2834 3250 3035 3307 clarior
3061 3259 3178 3321 est,
3209 3268 3372 3325 quam
3406 3260 3471 3311 ut
3505 3252 3694 3311 multis
3722 3254 4002 3325 probatio-

2397 3338 2556 3395 nibus
2593 3338 2855 3413 indigeat.
2888 3340 3042 3397 Unde
3086 3342 3235 3412 prior
3265 3358 3390 3413 pars
3429 3342 3647 3399 videtur
3683 3342 3814 3399 mihi
3856 3342 3996 3399 adeo

2397 3434 2580 3499 certa,
2614 3434 2672 3485 ut
2699 3428 2815 3485 sine
2841 3445 3030 3486 errore
3061 3431 3247 3503 negari
3277 3448 3383 3488 non
3412 3432 3603 3504 possit.
3635 3432 3840 3504 Primo,
3868 3435 4001 3506 quia

2398 3518 2518 3576 talis
2547 3527 2644 3593 est„
2661 3518 2795 3576 haec
2827 3527 3074 3591 potestas
3103 3521 3152 3576 in
3184 3523 3328 3593 Papa
3346 3566 3361 3589 ,
3391 3521 3572 3595 qualis
3601 3520 3696 3579 fuit
3723 3523 3776 3578 in
3803 3524 3991 3595 Petro,

2397 3609 2492 3666 sed
2520 3609 2572 3666 in
2616 3612 2774 3667 Petro
2807 3611 2910 3666 fuit
2937 3612 3009 3666 ita
3051 3610 3331 3685 absoluta,
3365 3617 3426 3667 ut
3463 3619 3653 3684 posset
3678 3611 3825 3684 leges
3865 3626 4002 3669 con-

2395 3700 2550 3771 dere,
2579 3702 2742 3757 etiam
2773 3702 2886 3757 sine
2913 3700 3146 3759 consilio
3179 3700 3580 3773 apostolorum,
3606 3718 3675 3759 ne
3699 3701 3832 3759 dum
3863 3701 3996 3759 alio-

2397 3806 2522 3847 rum
2549 3790 2902 3860 inferiorum;
2928 3806 3062 3864 ergo
3091 3790 3265 3861 multo
3296 3792 3468 3866 magis
3495 3789 3614 3848 talis
3645 3794 3752 3850 erit
3771 3794 3826 3849 in
3855 3794 4000 3851 Pon-

2397 3880 2568 3950 tifice,
2606 3887 2666 3938 ut
2693 3883 2806 3937 sine
2834 3881 3068 3938 consilio
3095 3881 3458 3939 cardinalium
3488 3882 3661 3955 possit
3686 3882 3834 3957 leges
3861 3897 3997 3940 con·

2395 3970 2544 4030 dere.
2575 3972 2742 4029 Maior
2783 3978 2936 4028 certa
2962 3976 3078 4042 est,
3110 3978 3168 4027 et
3205 3973 3312 4027 iam
3341 3971 3589 4043 probata.
3619 3972 3788 4029 Minor
3829 3973 3998 4029 etiam

2395 4069 2479 4118 est
2517 4069 2671 4118 certa
2695 4078 2763 4119 ex
2803 4060 2965 4118 dictis
2995 4062 3048 4117 in
3091 4062 3390 4119 assertione
3423 4062 3596 4133 prima
3623 4069 3681 4119 et
3719 4060 3990 4133 secunda,

2394 4160 2542 4211 etex
2585 4152 2762 4211 verbis
2788 4151 2983 4209 Christi
3002 4166 3190 4227 pasce
3215 4166 3346 4208 oves
3383 4166 3584 4219 υκαι,-
3611 4152 3684 4208 ibi
3709 4149 3852 4208 enim
3896 4150 3996 4206 de·

2395 4243 2474 4302 dit
2498 4244 2572 4302 illi
2600 4249 2926 4316 potestatem
2952 4242 3113 4299 etiam
3147 4256 3312 4313 supra
3341 4240 3472 4298 alios
3499 4241 3810 4313 apostolos3
3843 4238 3994 4297 dedit

2394 4350 2526 4410 ergo
2561 4350 2680 4391 eam
2715 4333 2787 4389 illi
2827 4330 2961 4405 soli,
3001 4338 3058 4389 et
3092 4330 3314 4389 liberam
3351 4346 3416 4389 ac
3446 4330 3896 4404 independentem
3925 4330 3994 4386 ab

2395 4423 2518 4482 illis.
2546 4427 2614 4481 At
2639 4424 2694 4480 in
2722 4421 2808 4478 illa
2835 4425 3102 4493 potestate
3131 4419 3437 4478 includitur
3464 4427 3709 4494 potestas
3737 4419 3885 4493 leges
3914 4420 3995 4477 fe-

2393 4513 2566 4581 rendi,
2597 4518 2660 4569 ut
2685 4513 2848 4568 etiam
2877 4509 3168 4582 probatum
3198 4516 3314 4583 est3
3343 4526 3476 4584 ergo
3505 4509 3647 4567 banc
3677 4510 3868 4567 habuit
3895 4512 3999 4567 Pe-

2395 4612 2517 4662 trus
2542 4602 2764 4659 liberam
2788 4607 2844 4657 et
2867 4599 3318 4671 independentem
3349 4600 3419 4655 ab
3447 4599 3680 4658 aliorum
3711 4615 3996 4659 consensu

2393 4694 2477 4753 vel
2498 4691 2752 4758 consilio,
2774 4691 2922 4747 sicut
2943 4688 3192 4747 absolute
3215 4688 3287 4745 illi
3310 4695 3610 4761 promissae
3632 4690 3860 4749 fuerunt
3877 4691 3999 4749 cla·

2393 4800 2520 4841 ves:
2557 4780 2686 4839 Tibi
2715 4778 2870 4837 dabo
2907 4778 3118 4845 claves,
3151 4784 3208 4835 et
3247 4778 3394 4836 sicut
3429 4776 3542 4852 ips'e
3569 4778 3724 4837 solus
3764 4780 3994 4839 futurus

2391 4879 2512 4929 erat
2540 4878 2711 4944 petra,
2743 4873 2800 4927 in
2828 4887 2937 4943 qua
2965 4869 3212 4927 Ecclesia
3243 4869 3583 4928 fundaretur.
3615 4872 3702 4927 Sic
3731 4886 3865 4944 ergo
3895 4871 3996 4927 ba-

2392 4962 2486 5019 bet
2511 4964 2651 5032 Papa
2674 4978 2702 5015 a
2725 4960 2940 5017 Christo
2965 4960 3106 5015 hanc
3130 4967 3478 5033 potestatem3
3501 4959 3650 5017 nullo
3669 4976 3802 5033 ergo
3827 4961 3996 5019 modo

2393 5057 2571 5124 potest
2593 5050 2806 5107 limitari
2829 5055 2926 5105 aut
2949 5049 3122 5105 minui
3151 5049 3218 5105 ab
3244 5048 3571 5107 hominibus·
3599 5048 3856 5107 Secundo
3879 5049 3996 5107 hoc

2390 5142 2724 5198 convincunt
2767 5143 2890 5197 iura
2941 5156 3100 5211 saepe
3157 5138 3414 5213 allegata,
3457 5141 3776 5211 praesertim
3807 5140 3993 5211 capite

2399 5236 2659 5297 Cic-ncta,
2698 5234 2762 5301 9,
2797 5246 2850 5302 q.
2885 5236 2939 5302 3,
2973 5229 3071 5287 ibi:
3105 5229 3443 5303 Apostolica
3480 5228 3659 5289 Sedes
3695 5232 3824 5289 sine
3859 5227 3996 5287 ulla
