4325 6267
863 373 946 437 16
2285 391 2485 440 unm
2516 393 2567 440 1.

777 514 1044 583 decernit,
1078 527 1193 569 rem
1231 511 1387 568 talem
1417 525 1538 568 esse
1568 511 1981 570 convenientem
2011 511 2373 584 reipublicae,

777 610 831 660 et
851 602 1127 676 expedire,
1152 606 1214 658 ut
1233 601 1299 658 ab
1323 601 1574 658 omnibus
1598 608 1869 660 servetur.
1889 603 2007 659 Hoc
2029 603 2375 660 manifestum

776 700 882 754 est.
915 693 1044 765 quia
1073 691 1186 748 sine
1215 691 1306 748 tali
1328 690 1535 748 iudicio
1561 707 1667 746 non
1693 697 1872 763 potest
1893 692 1974 748 lex
2000 691 2301 764 prudenter
2322 699 2377 749 et

779 780 1168 838 rationabiliter
1194 779 1343 848 serri3
1374 785 1459 835 est
1485 785 1670 836 autem
1697 779 1764 836 de
1793 781 2002 836 ratione
2031 780 2184 853 legis,
2218 787 2283 837 ut
2308 780 2377 838 sit

778 875 944 940 iusta,
977 876 1032 927 et
1059 875 1464 942 consequenter
1495 875 1554 926 ut
1582 870 1656 926 sit
1685 868 1947 942 pruden33
1981 885 2105 926 nam
2136 869 2374 941 pruden-

780 961 850 1015 tia
879 959 1228 1031 praeceptiva
1255 962 1359 1030 est,
1395 963 1456 1013 ut
1485 956 1647 1014 tradit
1677 957 1733 1013 d.
1759 957 1993 1014 Thomas
2020 963 2075 1016 2.
2107 963 2168 1029 2,
2193 975 2248 1032 q.
2276 961 2372 1031 47,

775 1058 878 1108 art·
917 1055 970 1108 8.
1003 1065 1066 1105 ex
1105 1050 1272 1106 Arist.
1313 1051 1365 1104 6.
1397 1047 1594 1104 Ethic.
1629 1063 1751 1118 cap.
1810 1052 1894 1106 10.
1925 1055 1980 1104 et
2023 1063 2179 1121 seqq.
2221 1046 2375 1106 Unde

776 1143 922 1197 sicut
947 1140 996 1196 in
1037 1151 1365 1211 unaquaque
1395 1137 1598 1208 privata
1641 1152 1874 1208 persona
1913 1137 2211 1209 requiritur
2241 1152 2375 1208 pru·

773 1229 958 1286 dentia
987 1228 1052 1285 ad
1077 1234 1228 1285 recte
1257 1226 1700 1298 praecipiendum
1733 1227 1978 1299 singulas
2017 1227 2261 1284 actiones
2288 1225 2373 1282 vel

773 1320 874 1375 sibi
915 1317 998 1375 vel
1036 1317 1224 1390 alteri3
1266 1320 1338 1374 ita
1377 1318 1427 1374 in
1468 1315 1708 1384 principe
1747 1315 2046 1387 requiritur
2085 1314 2373 1388 prudentia

775 1408 1012 1482 politica,
1042 1423 1140 1463 seu
1173 1406 1604 1464 architectonica
1635 1403 1703 1461 ad
1733 1404 1876 1475 leges
1908 1403 2156 1462 serendas
2180 1447 2193 1474 ‚
2226 1405 2374 1461 iuxta

774 1501 932 1570 illud,
961 1498 1112 1572 quod
1140 1497 1396 1555 Proverb.
1435 1502 1485 1554 8.
1523 1497 1597 1552 ait
1623 1493 1915 1564 Sapientia:
1947 1495 2066 1552 Per
2095 1509 2185 1550 me
2210 1509 2375 1566 reyes

772 1593 1055 1662 reqnant,
1090 1592 1145 1643 et
1171 1585 1360 1658 leynam
1390 1581 1714 1641 conditores
1743 1585 1904 1639 iusta
1930 1580 2283 1646 decernunt,
2320 1587 2373 1638 et

775 1676 940 1734 tradit
969 1678 1170 1748 optime
1200 1675 1254 1732 d.
1286 1675 1523 1731 Thomas
1551 1678 1608 1730 2.
1641 1677 1670 1730 2
1694 1714 1709 1745 ,
1739 1688 1796 1745 q.
1828 1677 1928 1740 50,
1959 1671 2118 1728 artic.
2161 1678 2209 1730 1.
2242 1687 2371 1728 cum

774 1768 946 1823 Arist.
979 1765 1069 1824 lib.
1105 1769 1158 1822 3.
1190 1763 1368 1823 Polie.
1401 1780 1525 1835 cap.
1562 1767 1616 1821 3.

851 1853 1104 1912 Secundo
1126 1861 1209 1910 est
1233 1861 1469 1924 certum,
1497 1850 1636 1908 ultra
1659 1850 1765 1908 boc
1789 1851 2048 1908 iudicium
2075 1851 2284 1924 requiri
2306 1865 2372 1907 ex

775 1953 928 2017 parte
953 1944 1238 2000 voluntatis
1260 1949 1471 2012 actum,
1487 1957 1598 2013 quo
1621 1942 1873 2013 princeps
1889 1947 2162 2012 acceptet,
2184 1940 2369 2014 eligat,

775 2051 839 2092 ac
873 2033 998 2090 velit
1025 2033 1302 2089 observari
1329 2047 1359 2086 a
1389 2028 1628 2089 subditis
1659 2033 1740 2100 id,
1771 2030 1920 2106 quod
1950 2028 2259 2088 intellectus
2286 2030 2371 2086 iu-

773 2120 1272 2195 dicabitexpedire.
1302 2123 1360 2176 ln
1391 2137 1501 2194 quo
1530 2123 1692 2179 etiam
1733 2137 1922 2179 omnes
1950 2118 2209 2177 doctores
2240 2133 2376 2174 con-

775 2215 1029 2283 veniunt,
1061 2211 1248 2267 saitem
1278 2226 1390 2283 quo
1420 2210 1490 2266 ad
1519 2211 1666 2283 leges
1705 2212 1993 2283 positivas,
2024 2214 2082 2265 et
2109 2208 2165 2264 id
2194 2213 2375 2264 osten·

741 2361 748 2368 ,
773 2301 970 2358 demus
1002 2301 1053 2356 in
1090 2300 1264 2372 capite
1295 2300 1565 2372 sequenti.
1595 2302 1748 2358 Ratio
1777 2306 1956 2357 autem
2001 2297 2240 2355 breviter
2266 2302 2371 2366 est,

773 2391 900 2462 quia
929 2389 1011 2446 lex
1040 2405 1147 2445 non
1189 2395 1401 2445 tantum
1430 2395 1516 2445 est
1544 2388 1928 2460 illuminativa,
1961 2386 2056 2444 sed
2087 2387 2294 2443 motiva
2320 2391 2378 2442 et

773 2479 1084 2550 impulsiva,
1116 2479 1292 2550 prima
1319 2485 1504 2535 autem
1533 2477 1768 2536 facultas
1797 2493 2020 2535 movens
2051 2477 2120 2533 ad
2151 2492 2293 2548 opus
2320 2477 2372 2532 in

775 2568 1234 2626 intellectualibus
1264 2567 1429 2624 rebus
1456 2574 1544 2624 est
1570 2567 1845 2624 voluntas.
1873 2568 2110 2634 Quaeret
2129 2581 2259 2622 vero
2278 2565 2373 2622 ali-

773 2658 930 2732 quis,
960 2659 1212 2730 quisnam
1242 2655 1329 2712 bic
1369 2663 1528 2713 actus
1566 2655 1863 2713 voluntatis
1895 2656 1981 2712 sit.
2021 2655 2090 2711 Et
2125 2661 2211 2712 est
2237 2655 2373 2711 ratio

776 2747 946 2817 dubii,
971 2747 1099 2819 quia
1136 2744 1388 2802 voluntas
1411 2744 1590 2816 aliqua
1611 2745 1838 2816 simplex
1868 2751 1960 2801 aut
1988 2743 2242 2801 inefficax
2266 2759 2370 2800 non

772 2843 858 2893 est
883 2835 1198 2907 sufficiens3
1230 2851 1352 2891 nam
1397 2834 1536 2890 banc
1574 2835 1736 2890 habet
1770 2836 1948 2898 Deus,
1981 2834 2148 2890 etiam
2182 2833 2234 2889 in
2262 2831 2369 2900 his,

774 2941 914 2999 quae
951 2925 1222 2996 consulit,
1262 2931 1317 2980 et
1353 2940 1458 2980 non
1497 2924 1764 2996 praecipit
1786 2964 1802 2989 ,
1831 2929 1888 2980 et
1921 2925 2064 2979 inter
2103 2921 2369 2992 homines,

771 3015 1024 3086 quamvis
1053 3015 1302 3085 superior
1333 3014 1435 3068 hoc
1465 3010 1625 3068 niodo
1653 3011 1854 3084 aliquid
1885 3011 2157 3069 desideret
2198 3011 2309 3066 lieri
2341 3027 2373 3066 a

771 3101 1010 3174 subdito,
1041 3108 1096 3158 et
1119 3101 1223 3158 hoc
1247 3100 1578 3157 desiderium
1611 3101 1682 3158 illi
1707 3102 1938 3172 intimet,
1973 3116 2080 3157 non
2112 3101 2241 3156 satis
2262 3106 2368 3171 est,

769 3197 834 3248 ut
874 3191 1189 3262 praecipiat.
1237 3188 1499 3247 Voluntas
1541 3197 1724 3247 autem
1764 3190 1960 3247 efficax
2004 3205 2108 3246 non
2157 3190 2372 3247 videtur

774 3281 1107 3351 necessaria,
1135 3295 1311 3353 neque
1341 3279 1483 3334 enim
1507 3281 1649 3335 Deus
1667 3278 1830 3335 habet
1851 3279 1998 3336 illam
2021 3279 2069 3334 in
2093 3278 2179 3334 bis
2202 3279 2371 3334 omni·

767 3371 903 3440 bus,
937 3385 1076 3441 quae
1107 3369 1392 3440 praecipit,
1415 3367 1547 3424 alias
1577 3370 1758 3424 omnia
1788 3369 1999 3440 tierent,
2023 3370 2152 3442 quia
2178 3367 2371 3424 volun-

770 3463 855 3514 tas
889 3458 1085 3514 efficax
1111 3457 1459 3515 infallibiliter
1485 3456 1830 3529 adimpletur.
2350 3445 2354 3451 ’

849 3549 899 3604 7.
932 3547 1338 3618 Respondetur,
1365 3549 1740 3603 necessarium
1763 3562 1884 3602 esse
1913 3547 2151 3620 aliquem
2181 3553 2368 3604 actum

766 3637 1012 3693 efficacis
1041 3635 1336 3692 voluntatis
1355 3675 1372 3704 ,
1404 3651 1547 3707 quae
1586 3637 1638 3691 in
1667 3637 1779 3694 Deo
1805 3643 1891 3693 est
1917 3637 2275 3708 beneplaciti,
2312 3643 2371 3693 ut

768 3732 920 3782 recte
949 3725 1144 3797 probat
1170 3725 1320 3798 prior
1341 3726 1480 3781 ratio
1512 3724 1688 3793 sacta,
1721 3724 1856 3782 baec
1898 3731 2080 3782 autem
2109 3725 2370 3782 voluntas

766 3831 872 3871 non
901 3820 1149 3886 oportet,
1186 3821 1246 3894 ut
1275 3817 1347 3871 sit
1381 3813 1450 3871 de
1487 3814 1601 3886 ipsa
1630 3814 2010 3872 observatione
2039 3830 2140 3872 seu
2167 3829 2371 3873 execu-

769 3903 913 3960 tione
941 3903 1094 3976 legis3
1122 3919 1245 3959 nam
1269 3903 1404 3961 haec
1428 3901 1559 3976 quid
1584 3906 1859 3976 posterius
1879 3911 1986 3974 est,
2005 3903 2179 3961 ethoc
2202 3907 2368 3962 etiam

767 3992 960 4064 probat
988 3993 1255 4064 posterior
1285 3992 1420 4049 ratio
1444 3991 1606 4049 lacta.
1641 3995 1741 4051 Per
1770 4009 1828 4050 se
1865 4009 1998 4065 ergo
2038 3993 2363 4066 requiritur,

770 4088 833 4160 ut
861 4083 930 4137 sit
951 4080 1017 4138 de
1038 4080 1363 4154 obligatione
1393 4079 1762 4149 subditorum,
1787 4080 1839 4138 id
1873 4088 1960 4138 est
1993 4089 2055 4138 ut
2085 4083 2156 4138 sit
2179 4081 2369 4138 volun·

767 4177 851 4227 tas
879 4169 1150 4244 obligandi
1180 4169 1429 4226 subditos
1452 4209 1468 4242 ,
1499 4171 1627 4242 quia
1667 4172 1780 4226 sine
1819 4171 1909 4227 tali
1943 4170 2223 4227 voluntate
2260 4185 2367 4227 non

767 4258 1028 4332 obligabit
1053 4258 1198 4331 illos,
1221 4265 1278 4315 et
1300 4257 1392 4315 illa
1419 4257 1622 4316 sufficit
1641 4273 1707 4314 ex
1730 4265 1880 4330 parte
1903 4258 2227 4316 voluntatis.
2255 4260 2371 4316 Pri·

767 4364 922 4406 mum
958 4354 1140 4420 patet,
1170 4349 1298 4420 quia
1337 4346 1590 4419 obligatio
1630 4353 1714 4403 est
1752 4347 1984 4404 effectus
2020 4348 2240 4404 moralis
2270 4391 2284 4417 ,
2314 4355 2371 4405 et

711 4473 718 4477 -
766 4437 1108 4494 voluntarius
1137 4437 1417 4510 principis.
1444 4438 1576 4493 ltem
1601 4438 1728 4509 quia
1757 4442 1921 4494 actus
1949 4439 2229 4510 agentium
2260 4453 2363 4494 non

766 4526 1167 4583 transcendunt
1197 4526 1551 4581 intentionem
1581 4539 1796 4581 eorum.
1829 4526 1962 4582 ltem
1993 4527 2120 4598 quia
2146 4526 2248 4582 hac
2282 4542 2370 4583 ra·

769 4619 915 4673 tione
946 4621 1136 4672 votum
1165 4630 1275 4670 non
1305 4621 1489 4685 potest
1528 4628 1648 4671 esse
1678 4615 1794 4670 sine
1831 4613 2116 4671 voluntate
2150 4631 2211 4671 se
2239 4615 2371 4672 obli·

766 4704 965 4777 gandi,
999 4704 1048 4760 in
1089 4718 1201 4776 quo
1238 4703 1629 4775 aequiparatur
1661 4702 1795 4778 legi,
1829 4710 1890 4761 ut
1927 4705 1980 4759 in
2021 4708 2078 4762 2.
2121 4711 2272 4761 tomo
2298 4703 2371 4761 de

767 4791 949 4866 Reliq.
981 4797 1215 4856 tractat.
1251 4796 1316 4862 6,
1350 4792 1445 4849 lib.
1479 4797 1536 4866 1,
1567 4808 1623 4849 c.
1667 4797 1732 4864 2,
1761 4791 2017 4849 diximus.
2051 4794 2369 4851 Secundum

768 4889 950 4939 autem
991 4887 1174 4954 patet,
1204 4883 1330 4954 quia
1372 4883 1734 4954 supponimus
1774 4882 1829 4938 in
1871 4882 2180 4954 legislatore
2218 4889 2371 4954 pote-

769 4978 968 5028 statem
995 4971 1063 5028 ad
1093 4969 1473 5045 obligandum,
1505 4985 1638 5044 ergo
1667 4970 1710 5027 si
1753 4970 1951 5028 babeat
1985 4972 2146 5027 etiam
2178 4971 2369 5027 volun·

769 5071 937 5120 tatem
967 5060 1274 5134 obligandi,
1304 5060 1434 5117 nibil
1476 5059 1618 5118 aliud
1657 5075 1723 5118 ex
1760 5067 1914 5132 parte
1953 5060 2247 5119 voluntatis
2284 5077 2368 5119 re·

769 5150 911 5225 quiri
941 5157 1142 5222 potest.
1176 5153 1362 5207 Dices:
1395 5151 1708 5208 necessaria
1733 5157 1820 5207 eat
1857 5150 2114 5208 voluntas
2155 5151 2369 5223 praeci-

769 5240 978 5314 piendi,
1010 5249 1064 5297 et
1095 5240 1180 5297 illa
1220 5239 1426 5297 sufficit
1466 5241 1583 5296 sine
1623 5238 1902 5297 voluntate
1943 5239 2231 5314 obligandi.
2265 5243 2370 5299 Re-

2450 514 2717 588 spondeo,
2742 513 2840 571 bas
2870 531 2975 571 non
3005 531 3126 572 esse
3154 515 3293 573 duas
3321 515 3655 586 voluntates,
3679 515 3776 573 sed
3802 516 4051 574 earndem

2442 602 2671 660 diversis
2702 603 2879 660 verbis
2906 604 3262 676 declaratam,
3300 612 3362 662 ut
3388 605 3525 661 infra
3552 603 3859 677 explicabo.

2524 697 2578 750 8.
2611 695 2796 751 Potest
2824 695 2985 751 etiam
3016 695 3175 752 aliter
3202 694 3335 751 baec
3366 695 3622 753 voluntas
3658 694 3961 767 declarari,
3994 703 4057 754 ut

2446 782 2518 839 sit
2547 783 2802 842 voluntas
2830 783 3201 841 constituendi
3232 785 3399 842 talem
3441 785 3709 842 actionem
3727 825 3742 855 ,
3776 791 3838 842 ut
3866 800 4057 842 neces·

2450 873 2649 928 sariam
2678 872 2744 929 ad
2774 872 3093 931 servandam
3124 874 3456 946 aequitatem
3480 889 3579 931 seu
3611 873 4051 932 mediocritatem

2445 959 2497 1016 in
2530 960 2621 1017 tali
2654 961 2880 1019 materia
2910 961 3146 1033 virtutis,
3174 960 3337 1017 babet
3359 961 3503 1018 enim
3525 961 3783 1018 voluntas
3810 963 4055 1034 superio·

2445 1048 2520 1104 ris
2560 1048 2701 1106 banc
2756 1049 3017 1107 moralem
3049 1050 3466 1118 efficacitatem,
3500 1058 3564 1108 ut
3600 1053 3776 1122 possit
3812 1050 4054 1124 obligare

2446 1137 2733 1206 subditos,
2764 1147 2819 1197 et
2848 1147 2909 1198 ut
2937 1141 3114 1212 possit
3144 1139 3324 1195 facere
3367 1141 3647 1196 materiam
3688 1141 4053 1198 necessariam

2446 1229 2669 1284 virtutis
2696 1244 2847 1298 eam,
2879 1245 3020 1302 quae
3050 1228 3117 1285 de
3144 1243 3201 1284 sc
3230 1245 3339 1285 non
3377 1235 3499 1285 erat
3538 1231 3879 1303 necessaria,
3906 1249 3958 1285 v.
3990 1246 4049 1304 g.

2445 1317 2829 1374 abstinentiam
2853 1319 2977 1375 talis
2997 1316 3101 1373 diei
3129 1333 3250 1374 esse
3278 1317 3647 1374 necessariam
3678 1317 3743 1374 ad
3766 1319 4054 1374 mediocri-

2449 1413 2613 1464 tatem
2644 1409 3045 1479 temperantiae.
3079 1407 3337 1475 Quamvis
3364 1407 3503 1463 enim
3536 1406 3643 1463 boc
3676 1423 3779 1463 non
3808 1410 3880 1465 sit
3907 1423 4049 1463 sem-

2444 1512 2542 1568 per
2567 1496 2939 1552 necessarium
2960 1495 3030 1552 ad
3052 1495 3248 1568 legem,
3274 1495 3623 1553 nihilominus
3646 1495 3865 1568 quando
3890 1512 4052 1568 opor-

2443 1583 2642 1656 tuerit,
2674 1601 2780 1641 non
2810 1585 3029 1641 excedit
3066 1591 3395 1657 potestatem
3421 1583 3776 1657 legislatoris.
3810 1586 3889 1640 lta
3919 1600 4052 1658 ergo

2442 1681 2592 1732 recte
2634 1674 2943 1746 explicatur
2985 1674 3267 1731 obiectum
3294 1714 3309 1743 ,
3341 1675 3488 1729 circa
3529 1672 3677 1747 quod
3724 1672 4047 1745 legislatoris

2442 1764 2697 1821 voluntas
2725 1762 2923 1820 efficax
2952 1771 3234 1833 versatur3
3268 1779 3391 1820 nam
3419 1762 3549 1820 licet
3576 1765 3649 1821 sit
3674 1763 3807 1836 quid
3838 1763 4045 1821 morale

2442 1853 2661 1924 potius,
2692 1869 2859 1925 quam
2899 1853 3224 1929 physicum.
3256 1855 3409 1909 circa
3448 1852 3578 1910 illud
3622 1859 3802 1925 potest
3848 1855 4051 1911 versari

2444 1941 2701 1998 voluntas
2729 1941 2957 2012 efficax,
2991 1958 3099 1998 non
3130 1942 3307 1999 solum
3340 1943 3608 2012 bumana,
3640 1941 3733 1998 sed
3770 1943 3933 1998 etiam
3964 1943 4049 2000 di-

2446 2031 2568 2087 vina
2590 2073 2606 2101 ,
2640 2039 2701 2088 ut
2728 2032 2851 2089 alibi
2882 2048 2947 2088 ex
2975 2031 3222 2103 professo
3250 2030 3390 2103 dixi,
3424 2039 3481 2088 et
3514 2031 3650 2088 int'ra
3686 2033 3739 2087 in
3780 2038 3941 2089 tract.
3975 2029 4048 2087 de

2447 2124 2665 2180 Gratia
2689 2121 2888 2178 dicam.
2920 2121 3019 2178 Hic
3058 2136 3191 2177 vero
3230 2120 3566 2178 occurrebat
3598 2120 3894 2178 difficultas
3923 2137 4043 2192 spe-

2442 2209 2594 2266 cialis
2615 2211 2769 2266 circa
2798 2209 2973 2283 legem
2996 2209 3323 2273 naturalem.
3354 2208 3449 2266 sed
3471 2208 3821 2266 commodius
3844 2217 4047 2268 tracta-

2442 2297 2591 2355 bitur
2623 2299 2673 2354 in
2703 2298 2841 2355 libro
2872 2299 3145 2371 sequenti.

2521 2388 2715 2444 Solum
2741 2403 2875 2460 ergo
2899 2395 3153 2458 superest
3178 2387 3585 2461 inquirendum,
3616 2403 3684 2443 an
3714 2394 3841 2460 post
3866 2387 4047 2445 dictos
4152 2409 4157 2415 ·

2444 2484 2607 2534 actus
2638 2476 2949 2534 intellectus
2979 2483 3035 2533 et
3057 2477 3358 2534 voluntatis
3380 2477 3572 2550 aliquis
3601 2476 3741 2533 alius
3762 2477 3833 2534 sit
3854 2477 3905 2534 in
3926 2479 4046 2548 ipso

2446 2565 2760 2639 legislatore
2792 2567 3135 2622 necessarius
3153 2565 3218 2623 ad
3234 2565 3407 2639 legem
3424 2564 3721 2624 serendam.
3740 2566 3887 2623 ntum
3902 2568 4048 2623 enim

2442 2656 2753 2712 existimant
2788 2657 2991 2727 requiri
3028 2654 3261 2711 ulterius
3293 2654 3585 2728 quemdam
3616 2663 3805 2712 actum
3837 2654 4045 2712 intelle-

2443 2751 2597 2811 ctus,
2630 2760 2797 2817 quem
2830 2751 3027 2800 vocant
3054 2743 3467 2814 intimationem,
3492 2744 3929 2816 explicationem,
3954 2742 4039 2800 vel

2444 2833 2865 2890 insinuationem
2892 2832 3187 2888 voluntatis
3216 2832 3515 2904 superioris
3546 2839 3803 2904 respectu
3826 2831 4041 2888 inferio-

2442 2921 2540 2994 ris3
2573 2938 2698 2978 nam
2727 2922 2874 2978 bunc
2904 2928 3093 2978 aetum
3122 2921 3319 2978 dicunt
3346 2920 3545 2978 babere
3576 2923 3850 2994 propriam
3878 2923 4045 2978 ratio·

2441 3025 2564 3068 nem
2594 3011 2831 3081 imperii,
2856 3017 2912 3066 et
2938 3009 3197 3081 explicari
3229 3009 3317 3067 illa
3343 3026 3475 3067 voce
3489 3008 3609 3083 sac
3635 3011 3761 3076 hoc,
3779 3017 3836 3066 et
3864 3007 3938 3066 ita
3962 3011 4045 3082 (ut

2440 3098 2583 3156 infra
2618 3095 2822 3169 dicam)
2854 3099 2901 3154 in
2942 3099 3033 3156 illo
3074 3099 3423 3155 constituunt
3457 3099 3733 3171 propriam
3771 3099 4039 3155 rationem

2441 3186 2598 3260 legis.
2630 3189 2701 3244 Et
2731 3187 3053 3256 fundantur,
3086 3187 3217 3260 quia
3244 3189 3300 3244 in
3328 3187 3471 3244 omni
3498 3188 3815 3259 operatione
3842 3186 4033 3243 morali

2440 3284 2631 3348 putant
2652 3276 2801 3334 bunc
2824 3285 3011 3333 actum
3036 3292 3155 3334 esse
3178 3277 3547 3333 necessarium
3574 3283 3697 3349 post
3714 3276 4040 3334 electionem

2440 3366 2509 3423 ad
2546 3353 2925 3423 executionem
2947 3406 2962 3434 ,
2995 3373 3049 3423 et
3083 3364 3151 3422 de
3190 3365 3283 3423 illo
3324 3366 3573 3423 locutum
3612 3381 3736 3422 esse
3778 3365 3941 3422 Arist.
3976 3371 4031 3422 6.

2440 3456 2631 3513 Etmc.
2666 3455 2885 3529 quando
2913 3455 3069 3526 dixit,
3094 3455 3557 3528 perfectissimum
3584 3462 3775 3512 actum
3806 3453 4042 3525 pruden-

2440 3549 2549 3601 tiae
2577 3559 2697 3601 esse
2720 3547 3016 3616 imperare,
3046 3550 3104 3601 et
3124 3545 3179 3601 d.
3204 3543 3465 3601 'rhomam
3502 3547 3550 3603 1.
3576 3549 3634 3613 2,
3663 3559 3719 3616 q.
3753 3545 3841 3616 17,
3862 3558 4039 3615 quan-

2437 3635 2509 3693 do
2536 3635 2724 3703 docet,
2750 3635 3037 3705 imperium
3068 3650 3191 3690 esse
3212 3641 3398 3691 actum
3421 3631 3754 3690 intellectus.

2514 3725 2631 3796 Ego
2663 3740 2791 3780 vero
2815 3764 2829 3792 ,
2864 3725 2917 3778 iu
2950 3723 3268 3780 universum
3298 3721 3571 3796 loquendo
3598 3721 3667 3779 de
3703 3721 3929 3792 imperio
3958 3736 4043 3777 re·

2439 3821 2639 3886 spectu
2668 3811 3013 3886 propriarum
3045 3811 3322 3868 actionum
3362 3827 3461 3867 seu
3499 3812 3868 3884 potentiarum
3892 3811 4040 3867 eius-

2437 3902 2989 3974 demmetoperantis,
3016 3903 3213 3971 sentio,
3238 3907 3358 3972 post
3378 3900 3701 3958 electionem
3726 3917 3826 3958 seu
3852 3908 4039 3958 actum

2439 3992 2736 4050 voluntatis
2761 4033 2775 4064 ,
2804 4006 2915 4064 quo
2943 3987 3305 4047 determinate
3340 3997 3398 4046 et
3439 3990 3740 4048 efficaciter
3769 3989 3893 4063 quis
3920 3988 4043 4047 vult

2440 4080 2645 4154 aliquid
2676 4079 2892 4152 operari
2920 4078 2987 4136 ad
3016 4087 3205 4148 extra,
3236 4095 3367 4136 cum
3405 4080 3659 4137 omnibus
3696 4079 4041 4152 particulari-

2436 4172 2543 4228 bus
2582 4168 2987 4227 conditionibus
3030 4169 3309 4241 requisitis
3349 4167 3417 4226 ad
3460 4168 3729 4241 agendum
3769 4185 3835 4226 ex
3886 4175 4039 4240 parte
4092 4243 4107 4252 ·

2436 4249 2986 4318 circltmstantiarum
3006 4299 3021 4330 ,
3054 4265 3110 4315 et
3137 4259 3405 4331 potentiae
3438 4261 3787 4329 executivae,
3818 4275 3925 4315 non
3954 4275 4039 4314 re-

2438 4353 2581 4424 quiri
2610 4357 2801 4407 actum
2832 4347 3071 4421 aliquem
3097 4347 3435 4415 intellectus,
3458 4349 3551 4420 qui
3574 4347 3883 4405 immediate
3907 4335 4039 4404 diri·

2436 4446 2602 4512 gatur
2624 4438 2691 4496 ad
2716 4437 3011 4510 potentiam
3026 4443 3410 4510 exequentem
3426 4437 3532 4493 imo
3552 4453 3655 4494 nec
3672 4437 3831 4494 talem
3847 4443 4035 4493 actum

2436 4543 2559 4586 esse
2589 4527 2923 4600 possibilem.
2956 4527 3091 4595 Quia
3122 4540 3298 4599 neque
3326 4524 3569 4597 potentia
3610 4540 3887 4598 exequens
3916 4540 4037 4598 per·

2440 4619 2575 4691 cipit
2615 4618 2721 4674 vim
2752 4617 2997 4689 imperii,
3027 4630 3207 4687 neque
3236 4614 3303 4672 ad
3333 4615 3669 4672 intellectum
3707 4619 3919 4686 spectat
3946 4630 4039 4687 ap-

2444 4708 2648 4780 plicare
2678 4707 2978 4780 potentiam
3007 4703 3077 4762 ad
3106 4705 3481 4776 operandum,
3511 4703 3606 4760 sed
3633 4703 3817 4760 solum
3838 4719 4039 4776 propo·

2440 4811 2571 4854 nere
2596 4798 2873 4856 obiectum
2904 4793 3195 4862 voluntati,
3215 4792 3283 4850 ad
3304 4808 3472 4867 quam
3494 4798 3710 4866 spectat
3730 4801 3921 4864 postea
3947 4809 4039 4866 ap-

2441 4884 2641 4959 plicare
2665 4887 2903 4960 reliquas
2925 4884 3197 4957 potentias
3218 4882 3285 4940 ad
3302 4898 3487 4953 usum,
3504 4886 3567 4939 ut
3586 4887 3675 4938 est
3692 4883 4041 4939 communior

2440 4975 2737 5045 sententia,
2770 4990 2936 5048 quam
2976 4986 3231 5045 suppono
3266 4987 3333 5028 ex
3376 4974 3423 5028 1.
3456 4974 3487 5028 2
3512 5009 3528 5041 ,
3558 4985 3616 5043 q.
3656 4971 3745 5042 17,
3768 4976 3917 5028 etex
3945 4986 4044 5027 au·

2440 5064 2707 5134 ctoribus,
2732 5079 2873 5136 quos
2900 5061 3133 5119 reseram
3162 5061 3341 5132 capite
3364 5055 3641 5132 sequenti.
3670 5057 4041 5131 Eamdemque

2438 5169 2554 5211 rem
2584 5153 2831 5223 saepius,
2874 5151 3117 5224 satisque
3157 5148 3277 5206 suae
3306 5147 3454 5221 attigi
3482 5152 3723 5204 tractatu
3752 5145 3825 5204 de
3852 5147 4041 5205 Prae·

2440 5239 2829 5298 destinatione
2868 5238 3007 5296 libro
3044 5242 3105 5311 t,
3144 5251 3268 5309 cap.
3310 5239 3405 5310 16,
3446 5241 3505 5294 et
3550 5238 3647 5309 11,
3685 5241 3743 5293 et
3782 5242 3948 5295 tract.
3979 5240 4032 5294 4.

4266 661 4291 716 Ι
