4325 6267
809 232 939 297 334
2156 250 2385 301 jasan
2417 252 2509 301 w.

730 375 956 434 tualem.
981 381 1163 453 Atque
1192 377 1294 435 bac
1334 380 1540 435 ratione
1568 374 1875 435 Bernardus
1901 375 1995 434 lib.
2017 378 2070 435 4.
2091 372 2163 433 de
2190 392 2325 433 con-
2394 376 2480 434 vel
2501 374 2812 435 Christum:
2840 392 2948 435 non
2970 382 3134 451 negat
3153 378 3492 457 tamen‚quin
3517 380 3707 440 saltem
3729 382 3990 442 indirecte

725 465 841 526 sid.
860 483 987 542 cap.
1002 472 1058 542 3,
1073 469 1386 527 Pontificem
1410 468 1611 527 habere
1630 467 1791 527 simul
1811 465 2052 542 gladium
2072 466 2326 539 spiritua·
2392 472 2638 540 potestas
2657 467 2970 543 temporalis
2985 467 3370 527 subordinatur
3383 460 3678 545 spirituali,
3695 474 3990 547 praecipue

728 556 831 616 lem
860 566 920 617 et
942 559 1245 617 naturalem
1263 601 1279 633 ,
1318 562 1449 635 quia
1488 558 1575 617 vel
1612 574 1787 617 unum
1817 558 1980 616 habet
2003 556 2242 630 directe,
2271 563 2330 615 et
2389 559 2444 615 in
2473 556 2662 616 ordine
2687 556 2757 617 ad
2791 557 3071 617 vitandum
3099 566 3391 632 peccatum
3409 600 3425 631 ,
3457 567 3514 619 et
3548 560 3784 621 divinam
3811 565 3984 623 offen-

726 649 897 708 alium
927 648 1220 723 indirecte,
1242 650 1327 707 vel
1348 666 1521 709 unum
1550 650 1603 707 in
1624 664 1682 707 se
1708 654 1765 707 et
1790 664 1889 721 per
1915 664 1996 721 se,
2028 646 2194 705 alium
2224 645 2327 703 sibi
2393 650 2624 719 sionem,
2649 650 2790 707 utin
2807 664 2963 707 num.
2981 652 3036 709 6.
3051 665 3309 722 expresse
3327 649 3629 709 declaravit
3645 667 3777 721 cum
3798 654 3989 729 Hugo·

726 736 1170 813 subordinatum,
1200 739 1351 815 quod
1376 742 1671 815 significat,
1699 757 1829 798 cum
1860 740 1954 811 ait,
1984 738 2327 812 spiritualem
2394 753 2462 796 ne
2487 737 2557 796 de
2583 742 2774 797 sancto
2800 738 3012 797 Victor.
3035 738 3130 797 lib.
3153 744 3213 798 2.
3236 738 3307 797 de
3325 755 3592 799 sacram.
3613 757 3669 799 c.
3687 746 3817 815 4,e,
3843 748 3902 801 et
3931 748 3985 802 7.

723 830 966 907 gladium
1001 830 1071 888 ab
1106 830 1358 889 Ecclesia
1397 830 1763 891 exercendum
1802 846 1956 903 esse;
1986 828 2326 888 materialem
2469 833 2524 888 3.
2555 829 2628 887 Et
2646 829 2774 887 hinc
2804 835 2982 902 potest
3005 845 3149 887 nova
3173 831 3514 889 confirmatio
3535 832 3660 891 addi
3685 832 3912 893 fundata
3935 838 3988 893 in

725 938 855 979 vero
884 938 917 979 a
952 921 1123 980 milite
1150 938 1252 996 pro
1294 922 1541 981 Ecclesia
1567 920 1635 979 ad
1674 927 1872 980 nutum
1910 919 2242 992 sacerdotis,
2270 924 2330 976 ct
2392 920 2572 977 verbis
2591 919 2788 979 Gelasii
2815 936 2982 995 papae
3005 920 3056 977 in
3081 924 3355 994 cap.Duo
3373 926 3530 991 sunt,
3553 926 3656 994 96,
3675 922 3805 1009 dist.
3827 928 3995 1001 Quia

726 1011 941 1070 iussum
970 1012 1338 1086 imperatoris.
1362 1011 1517 1072 Unde
1541 1012 1593 1070 in
1620 1027 1743 1084 cap.
1766 1011 1869 1069 ult.
1887 1010 2203 1077 Pontificem
2228 1025 2328 1067 vo·
2388 1025 2504 1086 pro
2543 1009 2866 1069 animabus
2915 1025 3124 1083 reyum
3161 1010 3478 1085 Pontifices
3517 1017 3656 1070 sunt
3690 1011 3994 1072 reddituri

724 1107 814 1160 cat
840 1100 1011 1161 Fidei
1036 1100 1420 1176 defensorem,
1456 1104 1919 1161 christianorum
1944 1100 2174 1167 ducem,
2205 1102 2327 1157 vir-
2388 1102 2685 1159 rationem
2703 1142 2718 1167 ,
2771 1100 3050 1158 insinuans
3101 1100 3153 1158 in
3201 1100 3380 1159 verbis
3425 1100 3562 1160 illis:
3609 1106 3801 1163 Pasce
3851 1122 3986 1164 oves

670 1210 683 1223 ·
728 1208 873 1266 qam
894 1196 1246 1268 potentium,
1265 1191 1549 1252 malleum
1562 1200 1979 1270 tyrannorum,
1993 1207 2204 1265 requm
2212 1204 2326 1266 pa·
2392 1204 2577 1255 meas,
2612 1190 2774 1247 etiam
2803 1204 2982 1265 reges,
3012 1198 3070 1249 et
3096 1190 3452 1263 imperatores
3477 1193 3637 1251 Petro
3663 1193 3834 1253 fuisse
3859 1195 3992 1253 sub-

726 1287 895 1348 trem,
926 1280 1123 1357 lequm
1151 1282 1602 1351 moderatorem,
1628 1288 1823 1343 Deum
1846 1283 2212 1341 Pharaonis.
2233 1280 2322 1340 Sic
2389 1278 2593 1352 iactos,
2624 1280 2751 1353 quia
2777 1280 2882 1337 sub
2907 1278 3106 1337 Christi
3135 1280 3327 1339 ovibus
3353 1281 3738 1357 comprehendi
3765 1284 3987 1359 debent;

726 1372 891 1429 etiam
918 1373 1192 1431 conclusit
1209 1374 1518 1433 Bonifacius
1545 1388 1684 1447 papa
1714 1375 1763 1431 in
1794 1373 2087 1439 Extravag.
2120 1374 2326 1431 Unam
2389 1385 2524 1442 crgo
2558 1372 2720 1429 etiam
2747 1369 2948 1429 debent
2980 1372 3163 1445 pasci,
3191 1380 3249 1428 et
3273 1373 3390 1446 regi
3417 1387 3449 1429 a
3483 1374 3676 1445 Petr03
3707 1376 3820 1432 iam
3843 1377 3992 1433 enim

724 1466 1033 1525 sanctam,
1078 1462 1145 1520 de
1192 1464 1430 1522 maiorit.
1474 1470 1533 1521 et
1576 1462 1737 1521 obed.
1766 1464 2010 1537 Oportet
2046 1458 2326 1535 yladium

728 1569 853 1628 esse
877 1553 985 1610 sub
1012 1552 1233 1627 yladio.
1258 1560 1315 1611 et
1341 1552 1727 1630 temporalem
1752 1555 2178 1613 auctoritatem
2201 1553 2320 1627 spi-

724 1641 940 1701 rituali
957 1644 1166 1701 subiici
1177 1648 1479 1719 potestati.
1492 1646 1572 1704 Ex
1594 1660 1705 1719 quo
1726 1650 1879 1702 textu
1901 1642 2137 1717 amplius
2158 1642 2322 1699 robo-

730 1740 890 1792 ratur
913 1735 1056 1791 ratio
1076 1733 1243 1792 facta.
1266 1736 1405 1804 Quia
1424 1734 1519 1792 ubi
1536 1742 1625 1793 est
1644 1750 1819 1793 unum
1841 1748 2075 1805 corpus,
2098 1746 2327 1790 necesse

728 1832 819 1883 est
846 1840 971 1883 esse
1010 1840 1182 1883 unum
1210 1832 1411 1899 caput,
1443 1826 1511 1884 ad
1546 1825 1699 1900 quod
1726 1826 1904 1885 omnia
1940 1823 2125 1897 aliquo
2162 1820 2326 1880 modo

733 1921 1089 1988 revocentur,
1120 1918 1377 1990 quoniam
1404 1918 1535 1975 alias
1563 1933 1741 1991 neque
1769 1932 1875 1990 pax
1894 1958 1911 1989 ,
1942 1930 2121 1988 neque
2149 1911 2328 1986 perfe-

730 2012 823 2065 cta
864 2009 1046 2065 unitas
1072 2015 1261 2080 posset
1297 2023 1419 2066 esse
1446 2009 1501 2064 in
1541 2023 1812 2082 corpore3
1852 2005 2103 2065 Ecclesia
2140 2009 2326 2062 autem

726 2096 925 2156 Christi
950 2113 1127 2156 unum
1154 2105 1497 2172 corpusest,
1528 2104 1591 2157 ut
1614 2098 1881 2157 diximus:
1912 2111 2047 2169 ergo
2074 2094 2326 2169 quamvis

726 2190 783 2247 in
808 2189 1016 2247 eo'sint
1041 2188 1229 2262 plures
1256 2195 1556 2262 potestates
1575 2204 1677 2247 seu
1704 2188 2077 2262 magistratus,
2098 2202 2328 2246 necesse

726 2284 841 2353 est,
872 2285 939 2336 ut
963 2281 1105 2338 inter
1131 2294 1189 2336 se
1227 2279 1464 2339 habeant
1502 2278 2029 2352 subordinationem,
2057 2278 2133 2336 ita
2159 2282 2226 2335 ut
2259 2277 2330 2335 ad

733 2384 906 2427 unum
936 2369 1119 2445 aliquo
1146 2369 1307 2429 modo
1334 2376 1667 2428 revocentur
1697 2376 1921 2443 propter
1948 2372 2218 2429 rationem
2250 2369 2328 2427 fa-

730 2466 902 2536 ctam3
926 2476 1061 2535 ergo
1081 2459 1169 2518 vel
1190 2460 1487 2533 spiritualis
1506 2466 1749 2534 potestas
1776 2459 2166 2519 subordinatur
2193 2466 2332 2518 tem-

732 2551 927 2624 porali,
950 2551 1037 2609 vel
1066 2566 1097 2609 e
1122 2552 1417 2608 contrario.
1438 2552 1683 2609 Primum
1704 2549 1813 2609 dici
1837 2566 1943 2609 non
1973 2555 2176 2623 potest3
2201 2564 2329 2607 nam

730 2647 796 2698 ut
834 2640 1033 2698 ibidem
1074 2656 1139 2698 ex
1181 2640 1352 2699 Paulo
1392 2640 1550 2699 affert
1585 2640 1861 2713 Pontifex,
1914 2644 2083 2717 Quae
2121 2656 2166 2697 a
2203 2644 2330 2699 Deo

730 2735 894 2793 sunt.
930 2729 1217 2789 ordinata
1239 2737 1415 2794 sunt,-
1442 2736 1591 2789 esset
1614 2738 1801 2789 autem
1837 2745 2132 2803 perversus
2160 2730 2323 2800 ordo,

732 2822 777 2877 si
805 2820 1107 2894 spiritualia
1132 2821 1380 2879 subiecta
1404 2827 1589 2879 essent
1622 2820 2049 2895 temporalibusz,
2078 2836 2212 2893 ergo
2237 2836 2324 2878 se-

728 2911 977 2969 cundum
1006 2911 1313 2968 necessario
1341 2910 1637 2971 dicendum
1664 2918 1769 2969 est.

806 3006 861 3059 2.
892 3003 1047 3060 Dicet
1084 3002 1319 3060 fortasse
1356 3002 1553 3075 aliquis
1574 3044 1590 3073 ‚
1632 3002 1963 3075 Ecclesiam,
1996 3006 2061 3060 ut
2086 3001 2330 3076 perfecte

732 3106 841 3148 una
880 3094 984 3163 sit,
1014 3091 1353 3153 sufficienter
1389 3093 1535 3151 uniri
1557 3093 1613 3179 in
1651 3109 1763 3151 uno
1791 3095 1971 3166 capite
2010 3109 2111 3151 suo
2132 3131 2149 3164 ,
2179 3090 2330 3166 quod

729 3189 815 3241 est
832 3180 1104 3240 Christus.
1124 3184 1275 3241 Hanc
1296 3182 1441 3241 enim
1464 3183 1874 3256 responsionem
1898 3188 2085 3257 posset
2102 3183 2228 3256 quis
2249 3184 2331 3239 in-

730 3280 891 3332 caute
919 3288 1138 3331 sumere
1162 3288 1230 3330 ex
1258 3272 1439 3331 Wald.
1466 3272 1559 3331 lib.
1584 3278 1639 3331 2.
1667 3272 1854 3331 doctr.
1866 3272 2043 3346 fidei,
2080 3288 2204 3345 cap.
2234 3275 2327 3348 78,

731 3379 884 3422 num.
910 3368 968 3435 ⁴,
991 3363 1083 3420 ubi
1128 3364 1207 3420 sic
1248 3363 1447 3437 inquit:
1478 3366 1557 3421 Et
1580 3361 1737 3437 quod
1762 3370 2025 3438 arquunt
2050 3362 2322 3437 quidam,

732 3452 1065 3514 Ecclesiam
1093 3450 1499 3511 reducendam
1518 3468 1643 3511 esse
1669 3456 1734 3510 iu
1760 3452 2095 3523 monadem,
2124 3468 2330 3511 verum

616 3610 621 3619 ⁸
726 3550 813 3603 est
837 3547 907 3601 in
942 3544 1267 3611 Christum,
1290 3546 1391 3618 qui
1409 3542 1569 3600 solus
1588 3545 1653 3601 in
1673 3559 1773 3601 ore
1793 3548 1947 3602 tenet
1962 3547 2026 3601 tn
2052 3548 2325 3617 yemtnae

720 3636 1036 3708 potestatis
1063 3648 1209 3691 suae
1235 3636 1475 3707 siquam
1501 3632 1769 3707 qladium
1798 3632 1885 3691 bis
1912 3638 2182 3692 acutum.
2223 3636 2329 3693 Ce-

726 3730 921 3807 terum
948 3722 1055 3781 sub
1092 3723 1331 3781 Christo
1368 3721 1645 3781 sacerdos
1672 3727 1729 3780 et
1760 3738 1872 3781 rex
1904 3726 2328 3799 impermistas

728 3818 1028 3872 continent
1051 3816 1391 3888 potestates.
1417 3812 1796 3885 Respondetur
1824 3813 1891 3871 ad
1929 3816 2170 3887 priorem
2205 3831 2334 3888 par-

727 3914 837 3962 tem
858 3944 874 3969 ,
903 3902 1059 3961 illam
1089 3902 1406 3960 sententiam
1435 3904 1489 3959 in
1523 3918 1589 3961 eo
1618 3919 1780 3961 sensu
1818 3912 2092 3977 sumptam
2112 3945 2128 3978 ,
2158 3912 2215 3963 et
2241 3906 2328 3963 bic

730 3994 1057 4069 applicatam
1080 4009 1188 4049 non
1213 4008 1380 4065 posse
1408 3993 1741 4051 satisfacere.
1762 3994 1895 4063 Quia
1920 3994 2169 4053 Ecclesia
2196 3996 2330 4054 mili·

730 4095 852 4145 tans
874 4091 961 4143 est
982 4099 1153 4142 unum
1174 4098 1378 4156 corpus
1398 4084 1605 4142 visibile
1625 4086 1677 4142 in
1701 4084 1805 4142 lioc
1834 4084 2041 4143 mundo
2064 4087 2326 4163 existens,

726 4195 793 4236 ac
831 4174 1073 4250 indigens
1110 4172 1504 4247 gubernatione
1539 4174 1775 4232 humana
1810 4182 1867 4233 et
1903 4182 2162 4247 externa3
2193 4192 2327 4252 ergo

728 4285 839 4325 non
867 4271 1055 4341 potest
1078 4264 1255 4323 solum
1287 4263 1471 4323 reduci
1498 4264 1807 4325 immediate
1834 4264 1905 4323 ad
1942 4272 2115 4339 caput
2140 4267 2327 4325 invisi-

730 4357 837 4417 bile
862 4355 1174 4415 hominibus
1198 4354 1549 4428 mortalibus,
1576 4355 1737 4430 quale
1762 4362 1849 4415 est
1872 4357 2160 4432 Christus3
2192 4371 2327 4434 ergo

729 4462 957 4506 necesse
982 4454 1070 4504 est
1088 4489 1102 4516 ‚
1135 4451 1200 4502 ut
1232 4445 1395 4503 etiam
1422 4446 1672 4504 vicarius
1698 4446 1898 4505 Christi
1925 4446 2121 4506 habeat
2145 4450 2327 4508 excel-

728 4540 946 4598 lentiam
985 4537 1268 4611 potestatis
1290 4580 1305 4608 ,
1335 4536 1426 4595 ubi
1465 4537 1645 4595 fuerat
1678 4538 1987 4596 necessaria
2012 4540 2081 4597 ad
2120 4555 2331 4599 conve-

729 4630 884 4687 niens
910 4628 1149 4701 regimen
1176 4627 1347 4686 totius
1374 4630 1663 4702 corporis3
1693 4630 1807 4702 ipse
1832 4644 1965 4704 ergo
1990 4637 2077 4687 est
2112 4631 2319 4705 simpli-

728 4721 868 4779 citer
896 4733 1215 4793 supremum
1250 4723 1437 4791 caput.
1460 4719 1653 4793 Neque
1676 4718 1929 4779 walden.
1955 4720 2005 4776 in
2042 4723 2320 4780 contrario

735 4825 903 4873 sensu
932 4809 1157 4867 locutus
1182 4814 1269 4866 est
1285 4850 1300 4879 ,
1330 4807 1425 4865 sed
1451 4809 1565 4883 agit
1589 4808 1659 4867 de
1685 4807 2007 4868 reductione
2033 4811 2325 4885 utriusque

732 4900 1017 4976 potestatis
1053 4898 1124 4957 ad
1160 4914 1333 4957 unum
1366 4898 1693 4973 principium
1730 4899 1912 4973 quoad
1949 4901 2244 4976 originem,
2271 4906 2328 4959 et

730 4990 1145 5065 participatione
1172 4988 1411 5071 directae
1430 4988 1841 5059 iurisdictionis,
1856 5005 2024 5063 quam
2041 5006 2326 5065 unaquae-

729 5098 837 5157 que
866 5081 1080 5139 illarum
1108 5084 1437 5153 potestatum
1464 5079 1628 5138 habet
1651 5079 1705 5138 in
1731 5096 1834 5138 suo
1863 5079 2073 5138 ordine.
2106 5082 2176 5139 Et
2215 5081 2322 5140 hoc

726 5188 893 5231 sensu
921 5170 1055 5231 dicit
1080 5170 1449 5243 impermistas
1469 5211 1486 5245 ,
1512 5178 1571 5229 et
1594 5170 1787 5231 reduci
1813 5172 1996 5231 solum
2022 5170 2093 5231 ad
2120 5174 2316 5249 Deum

2393 1460 2754 1534 explicuimus
2771 1504 2786 1533 ,
2815 1460 2920 1521 sub
2947 1462 3116 1520 verbo
3139 1460 3430 1537 pascendi
3453 1465 3621 1521 etiam
3656 1470 3988 1539 potestatem

2392 1551 2619 1624 regendi
2648 1553 2934 1611 contineri.
2955 1552 3140 1623 Dices,
3164 1552 3270 1611 hoc
3296 1569 3490 1613 verum
3511 1569 3636 1612 ease
3661 1555 3846 1630 quoad
3873 1558 3986 1631 spi-

2392 1640 2588 1699 rituale
2627 1642 2888 1717 regimen.
2913 1641 3020 1701 Sed
3059 1649 3286 1716 contra,
3315 1646 3449 1719 quia
3486 1644 3676 1720 regula
3710 1648 3993 1721 regiminis

2393 1734 2737 1807 temporalis,
2769 1738 2834 1791 ut
2871 1733 2943 1790 sit
2977 1739 3190 1791 rectum
3218 1740 3277 1792 et
3315 1734 3636 1807 honestum,
3664 1735 3829 1797 debet
3865 1754 3992 1796 esse

2395 1821 2722 1896 spiritualis3
2763 1838 2896 1897 ergo
2931 1838 3160 1881 necesse
3196 1830 3318 1895 est,
3360 1831 3427 1883 ut
3467 1827 3700 1898 ipsamet
3737 1834 3988 1900 potestas

2396 1914 2767 1987 temporaliter
2801 1913 3026 1988 regendi
3066 1914 3347 1989 regulatur
3384 1931 3482 1987 per
3521 1917 3857 1991 spiritualem
3875 1961 3892 1991 ,
3933 1926 3994 1977 et

2394 2003 2504 2061 hoc
2528 2010 2614 2063 est
2647 2005 2722 2064 illi
2747 2020 2872 2063 esse
2899 2004 3206 2063 subiectam
3232 2012 3290 2063 et
3323 2006 3756 2067 subordinatum.
3781 2010 3852 2067 Et
3882 2009 3992 2067 bac

2396 2095 2606 2151 ratione
2640 2095 2925 2153 Pontifices
2958 2094 3226 2153 reddituri
3249 2103 3381 2155 sunt
3416 2098 3678 2157 rationem
3705 2115 3805 2174 pro
3843 2102 3996 2175 regi-

2395 2184 2499 2242 bus
2524 2191 2582 2242 et
2606 2184 3020 2257 imperatoribus
3037 2226 3053 2257 ,
3083 2185 3211 2259 quia
3238 2185 3306 2245 ad
3333 2186 3456 2245 illos
3485 2189 3716 2261 pertinet
3738 2193 3986 2265 corrige-

2399 2291 2482 2347 re,
2507 2282 2563 2333 et
2585 2274 2876 2333 emendare
2896 2274 3170 2351 quidquid
3185 2278 3288 2349 ipsi
3306 2293 3414 2335 non
3435 2278 3614 2338 solum
3634 2287 3702 2339 ut
3720 2280 3991 2355 homines,

2401 2364 2497 2425 sed
2518 2366 2678 2424 etiam
2701 2373 2763 2423 ut
2780 2382 2940 2439 reges
2959 2369 3011 2423 in
3035 2382 3144 2424 usu
3166 2382 3298 2424 suae
3317 2371 3599 2440 potestatis
3619 2374 3994 2443 peccaverint.

2471 2456 2624 2517 Unde
2657 2458 3014 2516 confirmatur
3031 2499 3046 2529 ,
3076 2458 3205 2532 quia
3231 2456 3364 2516 alias
3389 2474 3500 2516 non
3538 2469 3686 2520 esset
3709 2461 3997 2522 sufficicn-

2395 2556 2481 2608 ter
2507 2549 2793 2623 provisum
2827 2548 3138 2623 Ecclesiae,
3169 2548 3214 2605 si
3239 2564 3348 2607 non
3371 2554 3514 2609 esset
3541 2552 3598 2607 in
3632 2566 3698 2609 ea
3721 2560 3990 2625 potestas,

2398 2656 2540 2714 quae
2579 2654 2737 2713 reges
2763 2645 2820 2697 et
2862 2638 3136 2712 principes
3173 2640 3347 2712 possit
3371 2641 3423 2698 in
3464 2640 3649 2701 officio
3681 2645 3990 2715 continere,

2397 2731 2592 2789 saltem
2631 2728 2834 2788 utendo
2883 2728 3148 2802 spirituali
3187 2728 3384 2803 gladio.
3429 2732 3620 2790 Dices:
3663 2733 3771 2791 hoc
3825 2750 3994 2809 argu-

2398 2828 2584 2881 mento
2611 2820 2960 2894 probaretur,
2983 2820 3348 2879 necessariam
3375 2820 3536 2879 etiam
3556 2838 3676 2880 esse
3703 2823 3866 2883 aliam
3891 2842 3994 2899 po-

2400 2916 2680 2984 testatem,
2705 2926 2846 2984 quae
2873 2909 3186 2981 spirituales
3213 2916 3462 2985 pastores
3487 2914 3766 2974 contineat
3785 2915 3838 2971 in
3867 2917 3996 2975 offi-

2401 3002 2509 3076 cio;
2531 3017 2658 3060 nam
2686 3003 2848 3059 etiam
2869 3000 2946 3059 illi
2973 3016 3158 3059 errare
3176 3008 3430 3074 possunt,
3453 3009 3511 3061 ct
3528 3002 3760 3063 fortasse
3779 3008 3996 3067 maiora

2400 3093 2601 3152 damna
2629 3092 2824 3151 ovibus
2851 3091 3071 3150 inferre.
3093 3090 3480 3164 Respondetur
3498 3093 3570 3152 ita
3596 3096 3816 3170 quidem
3841 3112 3996 3169 esse,

2399 3183 2586 3259 quoad
2610 3196 2799 3241 omnes
2829 3180 3141 3253 spirituales
3169 3182 3466 3255 principes,
3491 3199 3589 3242 seu
3614 3192 3887 3259 pastores,
3909 3190 3998 3246 in-

2401 3273 2484 3332 fra
2521 3288 2842 3346 supremum
2867 3270 3067 3329 Christi
3105 3271 3414 3344 vicarium,
3444 3271 3511 3330 ad
3551 3288 3716 3349 quem
3753 3280 3998 3351 pertinet

2397 3363 2716 3435 emendare,
2749 3362 2831 3419 vel
2866 3362 3030 3419 etiam
3057 3364 3252 3434 punire
3289 3362 3561 3437 reliquos3
3592 3366 3768 3437 ipsum
3803 3375 3996 3427 autem

2399 3460 2568 3527 caput
2607 3467 2926 3527 supremum
2965 3467 3071 3510 non
3113 3454 3294 3525 potuit
3332 3453 3488 3513 alteri
3529 3453 3732 3513 bomini
3771 3460 3994 3519 mortali

2400 3544 2616 3615 subiici,
2644 3544 2772 3617 quia
2798 3542 2880 3600 vel
2909 3540 3303 3615 procederetur
3331 3544 3383 3600 in
3411 3544 3698 3619 infinitum,
3721 3548 3804 3606 vel
3834 3550 3996 3608 tolle-

2398 3642 2556 3695 retur
2583 3630 2761 3691 debita
2787 3631 3160 3691 subordinatio
3180 3640 3238 3691 et
3257 3633 3450 3691 unitas.
3459 3635 3531 3692 Et
3545 3633 3666 3693 ideo
3685 3636 3790 3696 alio
3811 3640 3994 3700 altiori

2398 3725 2561 3785 modo
2589 3722 2827 3798 providit
2861 3723 3113 3781 Christus
3139 3723 3420 3782 Ecclesiae
3461 3740 3595 3783 suae
3619 3728 3802 3801 quoad
3844 3729 3994 3789 hanc

2397 3824 2760 3892 partem3nam
2781 3814 2962 3890 quoad
2973 3813 3272 3872 doctrinam
3294 3822 3351 3872 et
3368 3823 3660 3889 praecepta
3671 3834 3888 3879 morum
3907 3828 3997 3881 ta·

2395 3909 2502 3967 lem
2521 3906 2882 3965 assistentiam
2905 3921 3009 3962 suo
3019 3905 3233 3962 vicario
3253 3906 3525 3978 promisit,
3537 3914 3600 3967 ut
3616 3909 3675 3966 in
3693 3908 3779 3967 his
3803 3926 3994 3971 errare

2397 4015 2506 4057 non
2525 4004 2732 4070 posset,
2755 3996 2828 4054 ita
2847 4001 2912 4055 ut
2928 4010 3097 4071 grave
3121 3994 3340 4069 aliquod
3349 3994 3620 4057 ,damnum
3641 3998 3866 4061 inferret
3881 4004 3994 4061 Ec-

2398 4087 2594 4146 clesiae
2619 4103 2718 4161 per
2741 4085 2978 4144 abusum
3003 4086 3306 4159 potestatis.
3337 4086 3410 4144 Et
3434 4085 3541 4146 hoc
3568 4088 3672 4146 fuit
3695 4090 3981 4153 sufficiens

2399 4178 2580 4251 quoad
2605 4181 2930 4250 potestatem
2957 4175 3305 4249 legislativam
3321 4220 3335 4249 ,
3365 4176 3432 4235 de
3459 4193 3572 4252 qua
3597 4181 3833 4253 agimus.
3865 4184 3988 4243 Alia

2398 4284 2528 4327 vero
2571 4266 2914 4325 incommoda
2933 4308 2948 4338 ,
2978 4282 3122 4341 quae
3160 4265 3436 4325 interdum
3459 4270 3618 4343 sequi
3658 4279 3893 4343 possunt
3915 4291 3986 4333 ex

2398 4361 2578 4434 pravis
2607 4358 2870 4429 moribus,
2894 4356 2980 4413 vel
3008 4355 3264 4428 operibus
3292 4356 3412 4415 talis
3440 4374 3722 4434 personae,
3755 4364 3986 4422 minoris

2395 4448 2656 4509 momenti
2695 4453 2860 4519 sunt,
2899 4453 2958 4505 et
2995 4445 3288 4521 aliquando
3328 4455 3458 4506 sunt
3499 4449 3814 4527 toleranda3
3859 4470 3986 4511 nam

2394 4541 2531 4599 haec
2559 4546 2647 4597 est
2675 4537 2959 4595 hominum
2986 4535 3250 4611 fragilitas
3277 4542 3333 4594 et
3371 4536 3606 4597 conditio
3623 4584 3640 4613 ,
3666 4547 3724 4599 ct
3749 4544 3796 4601 si
3821 4545 3988 4604 inter-

2394 4632 2525 4691 dum
2555 4629 2664 4689 sint
2686 4629 2936 4703 graviora
2952 4669 2968 4701 ,
2996 4634 3056 4685 et
3082 4626 3227 4685 clare
3251 4628 3449 4686 iniusta
3465 4671 3482 4699 ,
3511 4631 3630 4689 iure
3657 4631 3986 4693 defensionis

2395 4727 2626 4797 possunt
2661 4718 2904 4777 homines
2934 4733 2992 4775 se
3026 4720 3204 4791 tueri,
3235 4734 3340 4775 nou
3369 4724 3552 4777 tamen
3580 4719 3700 4779 iure
3743 4722 3985 4783 vindica-

2395 4814 2684 4873 tionis‘aut
2720 4810 3036 4883 punitionis.
3068 4806 3257 4866 Solum
3295 4807 3346 4865 in
3387 4824 3524 4867 casu
3563 4809 3804 4871 haeresis
3844 4815 3988 4875 solet

2391 4904 2504 4962 fieri
2529 4902 2709 4977 aliqua
2734 4899 2981 4973 exceptio
2998 4942 3013 4971 ,
3043 4914 3210 4975 quam
3237 4896 3362 4958 alibi
3387 4898 3704 4963 tradendam
3731 4909 3788 4962 et
3811 4907 3982 4981 expli.

2392 4992 2626 5054 eandam
2649 4991 3034 5066 relinquimus.

2465 5086 2657 5143 Posset
2675 5082 2864 5141 eadem
2886 5080 3115 5139 assertio
3133 5079 3440 5139 confirmari
3467 5096 3536 5139 ex
3569 5097 3676 5140 usu
3701 5084 3984 5147 Ecclesiae

2392 5190 2458 5235 ac
2477 5172 2640 5237 variis
2658 5172 3093 5247 exemplis,quae
3105 5185 3174 5229 ex
3189 5176 3342 5245 parte
3361 5180 3726 5233 connumerat
3739 5176 3984 5237 Gelasius
