4325 6267
1804 399 2016 448 mur
2043 399 2146 448 m.
3491 381 3532 440 9

405 537 574 593 petur.
617 556 678 565 —
703 525 869 579 Prima
890 525 1076 580 divisio
1109 527 1240 592 legis
1263 529 1316 579 in
1341 526 1672 592 temporalem
1699 535 1752 576 et
1779 537 1946 578 aeter-

405 611 537 648 nam.
565 625 637 636 -
655 597 708 650 6.
727 596 960 648 Secunda
979 598 1032 648 in
1051 599 1338 650 naturalem
1357 604 1412 648 et
1431 597 1723 662 positivam.
1735 624 1806 634 —
1823 597 1946 660 Qui-

407 669 504 718 bus
537 667 700 728 modis
735 667 816 720 lex
841 668 1094 718 naturalis
1129 673 1412 734 usurpetur
1437 665 1572 731 apud
1597 673 1855 718 auctores.
1878 693 1945 703 —

405 737 456 787 ⁶1.
483 737 589 788 Lex
623 736 905 788 secundum
930 738 1299 801 proprietatem
1327 733 1715 788 insensibilibus
1741 749 1842 786 non
1865 743 1944 786 at-

407 807 682 856 tribuitur.
713 834 783 864 -,-
807 802 858 856 8.
886 806 1138 867 Quaenam
1165 807 1234 858 sit
1261 807 1470 871 propria
1497 807 1578 856 lex
1601 805 1942 858 naturalis.—

404 876 456 927 9.
502 876 698 937 Quibus
730 876 892 927 modis
926 877 1282 927 consideratur
1316 883 1501 926 natura
1537 875 1752 926 bumana
1779 875 1834 925 in
1861 888 1945 925 or-

401 944 522 995 dine
557 944 622 994 ad
661 945 830 1009 leges,
865 947 1054 1010 quihus
1099 946 1315 1010 indiget.
1341 973 1412 984 -·-
1438 946 1724 1009 Quotuplex
1759 944 1828 996 sit
1863 945 1944 994 lex

404 1015 674 1065 naturalis.
702 1041 774 1051 —
803 1015 888 1066 lt).
917 1015 1172 1076 Quaenam
1196 1017 1263 1066 sit
1291 1015 1370 1065 lex
1395 1015 1634 1079 positiva.
1658 1043 1726 1051 —
1755 1013 1837 1064 11.
1861 1013 1942 1064 Di-

406 1083 536 1135 visio
571 1084 702 1146 legis
735 1085 986 1148 positivae
1025 1085 1078 1135 in
1113 1085 1338 1135 divinam
1360 1090 1414 1134 et
1439 1083 1729 1134 humanam.
1759 1110 1827 1119 —
1857 1081 1940 1133 12.

407 1153 692 1204 Necessitas
723 1153 854 1216 legis
878 1153 1083 1204 divinae
1108 1168 1207 1205 non
1231 1161 1311 1205 est
1337 1153 1592 1214 absoluta,
1621 1152 1708 1204 sed
1735 1164 1798 1202 ex
1822 1165 1941 1216 sup-

403 1223 672 1286 positione.
700 1249 771 1260 —
799 1222 883 1273 13.
910 1223 1048 1284 Quae
1082 1225 1151 1274 sit
1187 1224 1268 1274 lex
1289 1223 1528 1283 humana,
1554 1228 1611 1272 et
1635 1236 1731 1273 cur
1757 1223 1828 1271 ita
1855 1233 1942 1284 ap-

403 1292 646 1355 pelletur.
667 1319 740 1330 —
767 1293 853 1342 14.
882 1293 1020 1354 Quae
1046 1295 1114 1344 sit
1142 1294 1422 1344 necessitas
1446 1291 1578 1354 legis
1601 1291 1942 1343 hnmanae.—

411 1362 493 1412 ¹5.
525 1360 710 1412 Ultima
743 1360 928 1412 divisio
962 1363 1092 1426 legis
1122 1364 1174 1413 in
1209 1363 1412 1414 civilem
1438 1367 1492 1412 et
1517 1361 1935 1412 ecclesiasticam.

405 1457 475 1468 —
499 1431 635 1492 Quae
669 1431 739 1481 sit
776 1430 857 1480 lex
891 1431 1078 1483 civilis.
1108 1460 1176 1468 —
1201 1433 1339 1495 Quae
1374 1433 1443 1482 sit
1475 1431 1843 1482 ecclesiastica.
1869 1455 1940 1465 —-

403 1499 542 1561 Quae
579 1500 648 1550 sit
685 1500 966 1551 necessitas
997 1500 1246 1552 condendi
1284 1502 1450 1567 legem
1481 1501 1684 1552 civilem
1709 1507 1762 1548 et
1789 1511 1938 1552 cano-

403 1570 588 1624 nicam.

421 1683 467 1734 t.
500 1677 800 1749 Explicatis
843 1678 1156 1736 nominibus
1195 1679 1329 1736 iuris
1357 1687 1415 1736 et
1443 1678 1612 1754 legis,
1643 1683 1934 1752 antequam

331 1767 703 1839 inquiramus,
733 1766 864 1840 quid
893 1766 975 1823 lex
1006 1769 1098 1837 sit,
1130 1774 1347 1840 oportet
1376 1769 1532 1840 prius
1561 1765 1852 1825 ostendere
1874 1765 1935 1822 il-

333 1855 440 1912 lam
481 1871 624 1912 esse.
656 1855 812 1923 Quod
857 1859 1057 1928 optime
1097 1858 1220 1927 iiet,
1264 1859 1387 1915 eius
1431 1857 1814 1914 necessitatem
1835 1855 1936 1934 ‘de-

331 1944 622 2014 clarando,
653 1946 784 2017 quia
813 1945 860 2000 in
895 1945 974 2001 bis
1006 1947 1172 2002 rebus
1203 1945 1269 2003 ad
1297 1947 1696 2003 institutionem
1721 1961 1934 2002 morum

333 2033 738 2104 pertinentibus
779 2049 880 2090 nec
920 2034 1125 2108 aliquid
1164 2035 1506 2108 superfluum
1536 2033 1932 2091 admittendum

331 2130 437 2190 est,
473 2137 650 2196 neque
679 2121 753 2186 id,
785 2122 936 2195 quod
967 2125 1342 2181 necessarium
1371 2129 1476 2194 eat,
1508 2123 1700 2181 deesse
1733 2128 1932 2196 potest.

333 2211 482 2268 Solet
522 2217 706 2268 autem
748 2211 1014 2283 distingui
1045 2211 1244 2282 duplex
1273 2213 1606 2270 necessitas:
1642 2228 1746 2269 una
1779 2211 1935 2268 abso-

333 2299 444 2356 luta
468 2341 483 2372 ‚
528 2299 836 2357 secundum
877 2315 1044 2372 quam
1089 2301 1292 2358 dicitur
1333 2317 1420 2358 res
1459 2301 1642 2375 aliqua
1669 2317 1768 2374 per
1797 2315 1856 2357 se
1881 2307 1938 2357 et

331 2395 558 2461 propter
603 2405 662 2446 se
709 2387 1031 2461 simpliciter
1081 2391 1421 2462 necessaria,
1472 2389 1750 2463 quomodo
1797 2392 1936 2448 Deus

331 2478 493 2535 babet
541 2478 926 2536 necessitatem
976 2478 1192 2536 essendi
1240 2480 1548 2538 secundum
1593 2481 1970 2539 existentiam-

329 2568 606 2626 actualem
625 2611 640 2636 ,
675 2567 744 2625 de
786 2583 898 2641 qua
929 2568 1227 2642 loquimur.
1261 2569 1377 2626 Alia
1403 2577 1491 2626 est
1521 2559 1822 2628 necessitas
1852 2586 1937 2627 re·

329 2658 574 2729 spectiva
613 2659 666 2714 in
709 2656 896 2714 ordine
935 2655 1002 2713 ad
1045 2658 1284 2731 aliquem
1309 2660 1491 2732 linem,
1533 2661 1617 2717 vel
1646 2660 1931 2731 effectum3

330 2761 471 2819 quae
511 2746 716 2818 duplex
751 2746 1250 2820 subdistinguitur,
1281 2764 1408 2806 nam
1436 2748 1705 2822 quaedam
1731 2755 1818 2806 est
1843 2763 1936 2806 ne-

332 2837 562 2892 cessitas
605 2836 954 2907 simpliciter,
999 2835 1102 2892 alia
1140 2835 1206 2892 ad
1234 2838 1428 2895 melius
1457 2853 1612 2906 esse,
1641 2853 1782 2912 quae
1798 2854 1937 2911 pro-

331 2926 482 2996 prius
508 2932 595 2980 est
625 2927 850 2982 utilitas.

411 3019 470 3072 2.
503 3017 622 3070 Duo
661 3031 793 3088 ergo
831 3017 886 3072 in
925 3015 1163 3089 generali
1199 3014 1454 3073 videntur
1482 3023 1655 3072 certa.
1689 3017 1934 3073 Primum

333 3111 442 3172 est,
459 3107 842 3162 necessitatem
864 3104 1172 3163 absolutam
1195 3105 1302 3178 legi
1317 3113 1433 3162 'uon
1459 3105 1776 3168 convenire,
1801 3119 1937 3178 qua·

333 3203 496 3250 tenus
527 3195 611 3251 lex
632 3203 736 3250 est.
763 3194 1058 3262 Probatur,
1081 3197 1212 3268 quia
1234 3194 1354 3252 talis
1379 3195 1682 3252 necessitas
1704 3200 1792 3250 est
1809 3209 1934 3265 pro·

331 3285 448 3354 pria
479 3283 592 3354 Dei,
622 3283 714 3356 qui
745 3283 898 3340 solus
925 3290 1014 3341 est
1044 3299 1138 3340 ens
1169 3299 1267 3356 per
1291 3299 1350 3340 se
1381 3289 1438 3340 et
1467 3281 1717 3340 absolute
1746 3297 1937 3338 neces-

329 3372 567 3443 sarium3
613 3371 696 3430 lex
739 3379 922 3429 autem
967 3375 1145 3430 omnis
1188 3373 1274 3430 vel
1313 3379 1400 3430 est
1426 3370 1632 3446 aliquid
1662 3379 1933 3442 creatum,

330 3461 412 3517 vel
433 3467 582 3518 certe
605 3464 865 3534 supponit
886 3462 1127 3535 aliquam
1157 3468 1497 3534 creaturam,
1515 3468 1746 3534 propter
1766 3475 1933 3534 quam

329 3551 564 3622 feratur3
605 3553 750 3608 Deus
791 3553 934 3608 enim
971 3567 1079 3607 non
1110 3558 1199 3608 est
1225 3566 1399 3624 capax
1429 3550 1594 3623 legis3
1625 3565 1760 3623 ergo
1789 3551 1937 3606 sicut

328 3647 586 3698 creatura
611 3656 719 3697 non
743 3647 826 3697 est
847 3641 1162 3712 simpliciter
1183 3642 1518 3715 necessaria,
1535 3643 1610 3697 ita
1631 3655 1810 3713 neque
1827 3640 1932 3697 lex.

329 3728 484 3786 Addo
529 3737 846 3803 praeterea,
887 3730 1164 3803 loquendo
1204 3728 1272 3788 de
1309 3730 1531 3802 propria
1555 3729 1696 3802 lege,
1729 3729 1796 3786 de
1825 3745 1935 3803 qua

327 3834 474 3875 nunc
512 3819 745 3891 agimus,
777 3825 990 3876 tantum
1017 3834 1142 3876 esse
1173 3835 1333 3890 posse
1361 3826 1588 3892 propter
1616 3825 1932 3876 creaturam

327 3908 673 3979 rationalem3
717 3923 843 3964 nam
885 3906 974 3965 lex
1012 3923 1120 3964 non
1149 3909 1450 3979 imponitur
1479 3909 1582 3963 nisi
1613 3912 1846 3963 naturae
1873 3906 1936 3962 li-

329 3998 521 4070 berae,
563 4013 665 4054 nec
705 3997 868 4054 babet
907 4013 1006 4070 pro
1037 4000 1260 4055 materia
1289 3997 1393 4054 nisi
1422 4003 1580 4055 actus
1611 3996 1840 4065 liberos,
1873 4002 1935 4052 ut

329 4087 467 4143 infra
508 4085 850 4158 videbimus3
881 4101 1013 4160 ergo
1043 4103 1150 4144 non
1180 4091 1364 4159 potest
1389 4101 1512 4142 esse
1541 4086 1714 4158 magis
1742 4099 1932 4141 neces-

329 4177 472 4233 saria
501 4175 608 4246 lex,
637 4191 804 4249 quam
834 4176 905 4232 sit
926 4175 1228 4247 rationalis,
1254 4175 1340 4233 vel
1357 4173 1754 4232 intellectualis
1776 4187 1932 4230 crea-

327 4272 482 4338 tura,
515 4271 572 4322 at
599 4272 855 4322 creatura
883 4263 1160 4321 rationalis
1185 4280 1294 4320 non
1316 4263 1486 4321 habet
1506 4262 1817 4319 absolutam
1838 4275 1934 4318 ne-

327 4357 643 4410 cessitatem
681 4351 926 4426 essendi3
969 4367 1102 4424 ergo
1143 4369 1246 4410 nec
1283 4353 1370 4410 lex
1415 4352 1580 4410 habet
1615 4349 1928 4408 huiusmodi

329 4442 735 4500 necessitatem.
761 4443 952 4499 Solum
976 4449 1192 4515 poterat
1213 4443 1300 4500 bic
1323 4441 1451 4500 oriri
1471 4441 1704 4498 dubium
1725 4441 1794 4499 de
1813 4441 1932 4514 lege

329 4539 570 4604 aeterna,
598 4548 764 4605 quam
787 4547 936 4588 nunc
957 4546 1080 4588 esse
1103 4547 1380 4604 suppon03
1405 4532 1494 4588 illa
1517 4531 1657 4589 enim
1678 4538 1764 4587 est
1781 4531 1930 4588 Deus

328 4621 480 4692 ipse,
518 4628 575 4677 et
601 4619 720 4676 ideo
758 4629 845 4678 est
881 4625 994 4678 tam
1030 4619 1382 4677 immutabilis
1406 4626 1464 4678 et
1488 4626 1748 4692 aeterna,
1779 4620 1931 4676 sicut

329 4709 446 4781 ipse
471 4749 486 4780 ,
525 4725 590 4765 ac
619 4707 852 4766 subinde
883 4714 992 4765 tarn
1022 4709 1351 4766 necessaria.
1381 4708 1488 4764 Sed
1515 4707 1642 4765 dico
1672 4707 1930 4779 breviter,

329 4815 463 4870 rem
485 4798 630 4855 illam
647 4839 664 4870 ,
705 4813 848 4872 quae
883 4803 971 4854 est
1006 4796 1091 4856 lex
1119 4805 1341 4856 aeterna
1363 4841 1378 4870 ,
1407 4812 1536 4855 esse
1562 4797 1812 4855 absolute
1839 4811 1935 4852 ne-

330 4889 664 4960 cessariam,
712 4893 775 4944 ut
813 4885 1012 4959 probat
1049 4892 1474 4960 argumentum3
1505 4893 1687 4944 tamen
1715 4887 1820 4944 sub
1845 4900 1935 4945 ra-

329 4979 476 5034 tione
505 4977 636 5049 legis
665 4991 770 5032 non
803 4975 1001 5031 babere
1029 4975 1338 5033 absolutam
1369 4975 1773 5047 necessitatem,
1802 4973 1934 5048 quia

333 5067 569 5125 includit
604 5072 923 5139 respectum
954 5064 1218 5135 liberum,
1255 5071 1319 5122 ut
1345 5065 1482 5121 infra
1509 5063 1816 5122 ostendam.

415 5162 480 5216 ³..
499 5157 633 5214 Dico
661 5155 939 5212 secundo:
968 5155 1264 5227 Supposita
1285 5157 1568 5212 creatione
1589 5153 1932 5212 rationalium

336 5251 748 5314 creaturarum,
767 5243 852 5301 lex
869 5243 972 5301 l'uit
991 5244 1298 5302 necessaria
1317 5245 1640 5304 necessitate
1661 5245 1808 5319 linis,
1825 5250 1934 5304 tam

497 5355 672 5399 susara
697 5387 707 5406 .
729 5355 786 5399 De
805 5353 983 5408 Levibus
995 5372 1054 5386 —
1069 5353 1171 5396 Pars
1189 5354 1222 5398 1.

2017 520 2370 594 simpliciter,
2416 536 2583 595 quam
2624 519 2693 578 ad
2724 521 2919 579 meiius
2945 535 3090 577 esse.
3124 521 3270 578 llaec
3306 519 3504 576 veritas
3530 527 3618 580 est

2017 617 2281 686 tanquam
2318 612 2651 685 principium
2691 625 2789 683 per
2832 626 2891 668 se
2921 617 3113 668 notum
3145 610 3195 666 in
3226 608 3329 666 bac
3362 611 3609 682 materia,

2013 707 2069 758 et
2103 699 2287 775 quoad
2322 703 2559 772 priorem
2604 705 2813 772 partem
2843 699 2911 757 de
2941 701 3270 758 necessitate
3297 697 3616 772 simpliciter

2012 789 2283 848 declarari
2314 796 2519 862 potest,
2550 789 2679 862 quia
2696 787 3078 846 intellectualis
3102 795 3362 846 creatura
3384 805 3449 846 eo
3470 788 3612 864 ipso,

2012 877 2160 950 quod
2204 883 2459 936 creatura
2502 886 2619 947 est,
2662 880 3003 951 superiorem
3033 877 3217 943 babet,
3247 879 3408 935 cuius
3436 881 3617 951 provi-

2011 965 2229 1024 dentiae
2254 973 2313 1024 et
2338 965 2513 1024 ordini
2541 967 2845 1040 subiaceat,
2866 974 2922 1025 et
2943 969 3071 1040 quia
3092 967 3477 1025 intellectualis
3502 973 3609 1039 est,

2011 1070 2187 1127 capax
2221 1063 2310 1112 est
2336 1055 2746 1129 gubernationis
2776 1056 2995 1112 moralis
3017 1097 3032 1127 ,
3064 1071 3205 1128 quae
3234 1057 3294 1114 iit
3317 1071 3416 1129 per
3440 1057 3611 1129 impe-

2012 1145 2179 1216 rium3
2203 1159 2339 1218 ergo
2363 1145 2719 1202 connaturale
2740 1151 2828 1203 est
2856 1150 2912 1201 et
2943 1145 3315 1201 necessarium
3341 1145 3433 1203 tali
3454 1161 3610 1203 crea·

2013 1241 2196 1306 turae,
2232 1241 2295 1291 ut
2322 1234 2597 1291 subdatur
2622 1234 2781 1291 alicui
2808 1235 3102 1307 superiori,
3129 1249 3161 1290 a
3188 1249 3299 1306 quo
3324 1249 3418 1306 per
3440 1237 3611 1308 impe-

2013 1323 2151 1379 rium
2182 1339 2283 1380 seu
2310 1323 2487 1396 legem
2508 1328 2752 1398 regatur.
2780 1325 2935 1395 Item,
2962 1322 3083 1380 talis
3105 1329 3361 1380 creatura
3380 1337 3445 1379 eo
3466 1323 3607 1396 ipso,

2009 1411 2156 1485 quod
2186 1428 2253 1470 ex
2296 1411 2461 1469 nihilo
2501 1412 2645 1470 sacta
2670 1417 2757 1470 est
2776 1455 2789 1482 ,
2820 1411 2971 1469 flecti
3001 1417 3182 1484 potest
3218 1410 3287 1468 ad
3316 1411 3519 1468 bonum
3555 1417 3611 1469 et

2009 1503 2237 1574 malum,
2268 1509 2332 1560 ut
2357 1519 2421 1560 ex
2453 1503 2736 1560 communi
2765 1508 2983 1575 patrum
3016 1502 3279 1559 sententia
3310 1515 3458 1557 nunc
3480 1516 3611 1573 sup·

2008 1610 2186 1667 pono3
2216 1609 2351 1666 ergo
2381 1609 2489 1650 non
2517 1592 2696 1650 solum
2724 1599 2812 1650 est
2832 1607 3005 1664 capax
3027 1591 3182 1664 legis,
3206 1605 3317 1664 qua
3338 1589 3610 1664 dirigatur

2007 1683 2075 1739 ad
2107 1683 2342 1754 bonum,
2383 1689 2443 1738 et
2470 1689 2721 1738 arceatur
2750 1698 2782 1739 a
2810 1681 2974 1752 malo,
3006 1680 3101 1738 sed
3129 1681 3293 1738 etiam
3322 1681 3505 1754 aliqua
3530 1686 3613 1737 ta·

2007 1770 2073 1826 lis
2103 1770 2191 1828 lex
2218 1776 2305 1827 est
2330 1769 2406 1827 illi
2433 1770 2754 1842 simpliciter
2780 1770 3108 1838 necessaria,
3137 1776 3199 1826 ut
3220 1769 3609 1828 convenienter

2007 1874 2138 1916 suae
2168 1867 2394 1916 naturae
2414 1859 2592 1915 vivere
2616 1859 2806 1932 possit.
2821 1859 2917 1916 Vel
2942 1859 3104 1916 etiam
3128 1875 3157 1914 a
3180 1859 3459 1916 contrario
3482 1873 3608 1931 pos-

2007 1963 2203 2004 sumus
2244 1949 2649 2022 argumentari:
2694 1963 2820 2004 nam
2860 1948 2951 2020 qui
2992 1953 3147 2005 caret
3186 1946 3335 2020 lege,
3373 1961 3607 2019 peccare
3674 1935 3685 1944 ’

2007 2054 2114 2093 non
2139 2044 2342 2110 potest3
2372 2037 2654 2094 rationalis
2678 2043 2862 2094 autem
2885 2043 3143 2094 creatura
3166 2042 3490 2108 potestatem
3512 2035 3607 2092 ha·
3714 2047 3721 2054 ·

2011 2127 2105 2185 bet
2146 2127 2443 2199 peccandi3
2488 2141 2621 2200 ergo
2663 2132 2717 2183 et
2757 2126 2864 2200 legi
2906 2128 3219 2184 necessario
3250 2126 3472 2184 subdita
3496 2132 3605 2183 est.

2007 2218 2116 2272 Nec
2145 2215 2335 2283 refert,
2368 2215 2519 2290 quod
2536 2229 2637 2287 per
2656 2216 2885 2288 gratiam
2909 2215 2990 2272 vel
3014 2216 3242 2288 gloriam
3266 2217 3441 2287 possit
3470 2214 3606 2272 baec

2005 2310 2263 2362 creatura
2291 2305 2405 2362 fleri
2432 2304 2833 2377 impeccabilis,
2866 2311 2983 2361 tum
3014 2299 3141 2378 quia
3169 2303 3261 2360 bic
3282 2303 3349 2360 de
3371 2302 3607 2361 naturali

2005 2395 2330 2452 necessitate
2357 2392 2657 2467 loquimur,
2690 2399 2746 2450 et
2772 2391 2879 2450 boc
2904 2393 3067 2450 modo
3090 2392 3325 2450 dicimus
3348 2405 3600 2448 necesss-

2006 2483 2141 2540 riam
2167 2499 2290 2540 esse
2319 2483 2515 2558 legem,
2548 2484 2835 2554 supposita
2862 2481 3171 2542 conditione
3194 2488 3421 2540 naturae
3442 2482 3605 2540 ratio·

2007 2570 2172 2642 ualis3
2204 2577 2321 2628 tum
2352 2572 2511 2628 etiam
2530 2613 2545 2644 ,
2576 2572 2703 2644 quia
2732 2587 2829 2644 pet·
2853 2571 3083 2645 donum,
3115 2588 3227 2646 quo
3258 2572 3379 2630 talis
3406 2577 3604 2629 natura

2005 2660 2075 2718 sit
2111 2660 2512 2734 impeccabilis,
2554 2677 2661 2718 non
2702 2661 2945 2735 tollitur,
2983 2663 3115 2736 quin
3150 2664 3222 2720 sit
3255 2661 3471 2720 subdita
3498 2662 3601 2736 legi

2007 2749 2191 2822 quoad
2232 2749 2353 2808 illos
2393 2756 2589 2817 actus,
2617 2767 2759 2826 quos
2786 2751 2950 2825 libere
2978 2767 3235 2810 exercere
3266 2758 3445 2825 potest
3464 2795 3479 2824 ,
3510 2750 3607 2810 sed

2007 2839 2112 2909 sit,
2159 2842 2221 2894 ut
2259 2837 2693 2898 indefectibiliter
2734 2849 2923 2914 pareat
2950 2841 3076 2915 legi.
3108 2840 3291 2898 Altera
3320 2858 3451 2900 vero
3480 2855 3607 2914 pars

2005 2925 2074 2984 de
2104 2926 2343 2985 utilitate
2369 2944 2434 2985 ex
2459 2929 2625 3001 priori
2652 2930 2803 2987 clara
2823 2937 2931 3002 est,
2974 2932 3101 3004 quia
3122 2933 3418 2989 necessitas
3440 2931 3491 2988 in
3514 2945 3605 2988 or·

2005 3015 2129 3073 dine
2172 3015 2239 3073 ad
2281 3016 2475 3084 linem,
2522 3019 2809 3076 utilitatem
2850 3023 3161 3078 necessario
3188 3021 3433 3078 includit.
3464 3022 3601 3078 item

2004 3105 2134 3177 quia
2160 3104 2228 3162 de
2258 3105 2471 3178 legibus
2499 3109 2770 3180 scriptum
2799 3115 2887 3167 est
2912 3109 3043 3166 illud
3062 3126 3157 3182 .ps.
3201 3114 3301 3169 18:
3333 3113 3457 3168 Lex
3484 3112 3609 3166 Do·

2005 3195 2158 3250 mim
2184 3193 2611 3264 immaculata,
2648 3202 2985 3254 convertens
3012 3201 3279 3258 animas.
3312 3203 3423 3255 etc.
3452 3204 3510 3254 et
3536 3197 3601 3254 il·

2005 3280 2104 3339 lud
2136 3285 2297 3340 Prov.
2340 3281 2707 3342 Mandatum
2736 3283 2983 3342 lucerna
3015 3291 3131 3348 est.
3162 3291 3218 3342 et
3246 3284 3347 3344 lex
3371 3285 3518 3354 luam·
3546 3291 3604 3346 et

2007 3370 2225 3442 similia,
2254 3387 2396 3445 quae
2426 3378 2613 3444 postea
2640 3373 3057 3446 insinuabimus,
3086 3380 3142 3431 et
3174 3390 3397 3449 magnas
3418 3380 3603 3432 osten-

2005 3458 2145 3517 dunt
2172 3459 2306 3533 legis
2336 3461 2617 3518 utilitates.

2079 3548 2467 3607 Verumtamen
2498 3550 2627 3624 quia
2650 3551 2854 3610 utilitas
2874 3551 3033 3625 baec,
3057 3554 3140 3611 vel
3164 3555 3464 3613 necessitas
3486 3569 3599 3612 non

2003 3643 2091 3694 est
2125 3637 2321 3694 eadem
2358 3639 2413 3695 in
2454 3640 2709 3697 omnibus
2750 3640 2992 3715 legibus,
3022 3641 3091 3700 ad
3118 3642 3263 3701 illam
3290 3649 3480 3702 exacte
3504 3643 3600 3702 de·

2004 3725 2325 3784 clarandam
2355 3743 2552 3800 operae
2578 3731 2820 3800 pretium
2848 3733 2984 3804 erit,
3014 3733 3160 3789 varia
3187 3747 3389 3805 genera
3412 3732 3597 3808 legum

2004 3815 2380 3888 distinguere,
2424 3824 2481 3874 et
2520 3820 2571 3874 in
2612 3819 2837 3892 singulis
2888 3823 3167 3894 propriam
3214 3825 3601 3881 necessitatem

2003 3905 2088 3961 vel
2127 3905 2421 3962 utilitatem
2460 3906 2769 3979 explicare:
2802 3909 2877 3966 ita
2902 3901 3046 3967 enim
3074 3911 3349 3968 constabit
3374 3927 3481 3969 non
3512 3925 3603 3968 so-

2003 3994 2118 4052 lum
2159 4009 2283 4052 esse
2325 3994 2501 4070 legem
2540 3996 2591 4052 in
2626 4012 2855 4071 genere,
2886 3998 2982 4056 sed
3008 4001 3168 4056 etiam
3198 4001 3250 4057 in
3278 4000 3600 4073 particulari

2003 4085 2301 4158 quotuplex
2343 4087 2444 4158 sit,
2489 4085 2643 4158 quod
2684 4089 2851 4146 etiam
2886 4092 3261 4147 necessarium
3288 4095 3409 4165 est,
3442 4097 3507 4148 ut
3532 4087 3601 4148 de

2005 4180 2123 4231 toto
2165 4174 2379 4231 obiecto
2417 4172 2585 4232 buius
2625 4181 2899 4234 tractatus
2945 4179 3351 4253 quaestionem,
3400 4195 3466 4236 an
3494 4180 3598 4252 sit,

2003 4262 2162 4336 plene
2187 4261 2538 4336 definiamus3
2568 4264 2914 4322 ostendimus
2932 4267 3075 4324 enim
3095 4284 3292 4340 supra,
3318 4268 3598 4328 obiectum

2004 4352 2114 4409 boc
2131 4367 2335 4409 omnes
2366 4351 2545 4427 legum
2576 4353 2784 4425 species
2812 4356 3129 4428 complecti.
3159 4358 3278 4415 Erit
3301 4359 3465 4416 etiam
3492 4357 3599 4415 boc

2002 4449 2411 4515 opportunum,
2458 4448 2523 4499 ut
2564 4442 2935 4516 intelligantur
2976 4461 3173 4518 voces,
3202 4448 3405 4520 quibus
3442 4449 3495 4504 in
3522 4445 3602 4503 di·

2001 4546 2207 4588 scursu
2240 4531 2410 4588 totius
2438 4537 2709 4590 tractatus
2736 4533 2893 4590 nobis
2924 4533 3188 4591 utendum
3214 4542 3323 4592 est.

2084 4625 2138 4679 4.
2173 4619 2359 4677 Primo
2378 4635 2515 4693 ergo
2536 4635 2850 4693 supponere
2872 4638 3167 4694 possumus
3188 4623 3507 4682 divisionem
3531 4625 3606 4682 le-

2004 4711 2090 4784 gis
2129 4712 2184 4766 in
2226 4716 2473 4784 quatuor
2512 4710 2789 4783 membra,
2832 4727 2998 4784 quam
3038 4714 3221 4785 posuit
3248 4713 3397 4772 Plato
3424 4715 3477 4770 in
3508 4715 3605 4772 Tt-

2001 4815 2175 4857 maeo
2194 4805 2252 4856 et
2268 4797 2566 4860 Phaedro.
2590 4799 2805 4858 scilicet
2823 4801 2877 4859 in
2900 4801 3162 4875 divinam,
3177 4804 3492 4876 caelestem,
3510 4819 3605 4860 na·

2003 4886 2238 4944 turalem
2264 4929 2279 4957 ,
2320 4894 2376 4946 et
2417 4885 2742 4958 bumanam3
2782 4903 2848 4946 ex
2875 4891 3079 4963 quibus
3104 4891 3333 4948 vocibus
3359 4892 3607 4950 secunda

2003 4993 2114 5034 non
2151 4976 2459 5050 admittitur
2496 4990 2526 5031 a
2566 4974 2871 5050 theologis,
2912 4979 3039 5051 quia
3074 4978 3159 5036 vel
3189 4981 3469 5051 superaus
3494 4986 3602 5052 est,

2005 5067 2086 5122 vei
2107 5081 2397 5123 erroneam
2417 5063 2725 5122 doctrinam
2740 5070 3007 5125 continet.
3026 5069 3131 5126 Per
3148 5068 3442 5127 caelestem
3463 5070 3605 5126 enim

2005 5157 2179 5232 legem
2194 5156 2365 5213 satum
2386 5161 2443 5212 et
2457 5157 2841 5214 necessitatem
2856 5156 3151 5231 quamdam
3166 5157 3447 5230 operandi,
3462 5171 3605 5232 quas

2001 5259 2066 5305 ex
2091 5243 2339 5308 ordinato
2362 5249 2517 5301 motu
2544 5249 2599 5301 et
2618 5244 2829 5302 influxu
2850 5245 3131 5313 caelorum
3152 5247 3422 5320 provenit,
3455 5246 3609 5304 Plato

3104 5352 3132 5394 s
