4325 6267
1767 319 1980 371 carn-r
2006 321 2132 370 x11.
2242 289 2247 300 '

303 451 414 494 non
449 437 581 511 quia
610 437 697 495 ius
725 439 1012 514 approbet,
1046 439 1141 498 sed
1169 440 1295 516 qu'ia
1325 443 1446 501 vult
1473 442 1702 502 iudicari
1723 445 1788 504 de
1809 445 1900 503 illo

308 543 408 600 per
428 536 759 603 praetorem,
773 536 830 587 et
847 530 921 588 ita
942 531 1198 589 concedit
1217 536 1588 606 exceptionem
1604 535 1732 606 doli,
1752 536 1902 611 quod

303 617 512 676 malum
553 625 663 677 non
693 627 804 689 est,
836 628 893 678 ct
918 628 1242 695 potestesse
1273 625 1404 683 utile
1443 627 1790 700 reipublicae3
1824 628 1903 684 ni-

303 706 598 767 hilominus
640 717 820 768 tamen
847 713 940 784 qui
970 711 1102 770 iecit
1139 712 1324 771 dolum
1355 717 1406 771 in
1433 718 1792 790 conscientia,
1825 724 1905 775 te·

305 796 524 856 nebitur
561 799 854 858 abstinere.
886 800 967 858 Ad
995 803 1302 862 secundum
1328 821 1460 863 vero
1484 806 1550 864 de
1573 808 1906 865 actionePu·

307 887 568 962 bliciatia,
603 889 670 946 de
698 905 807 963 qua
838 890 1085 965 loquitur
1110 899 1143 960 3
1166 908 1439 968 namque,
1477 902 1728 969 negatur,
1763 898 1906 955 illam

309 991 434 1034 esse
465 979 736 1036 actionem
777 979 1203 1052 fraudulentam,
1233 985 1362 1058 quia
1386 991 1443 1043 ct
1469 985 1580 1043 sine
1618 987 1905 1045 mendacio

303 1069 540 1141 proponi
573 1077 771 1145 potest,
800 1071 896 1128 ubi
925 1071 1114 1130 Glossa
1137 1074 1244 1132 late
1263 1076 1430 1132 verbo
1453 1073 1615 1144 dicit,
1634 1084 1688 1134 et
1706 1077 1906 1134 bonam

306 1158 470 1216 tidem
502 1161 761 1234 requirit,
793 1168 860 1219 ut
895 1163 1002 1221 late
1041 1165 1234 1222 Covar.
1267 1166 1318 1222 in
1360 1166 1554 1241 regula
1575 1183 1898 1242 possessor,

306 1253 365 1307 2.
406 1266 462 1321 p.
485 1255 518 1316 s
545 1255 634 1322 11,
659 1267 812 1308 num.
839 1255 896 1324 6,
913 1249 1003 1310 ubi
1027 1254 1282 1325 ostendit,
1307 1258 1472 1313 etiam
1497 1257 1616 1314 iure
1643 1258 1907 1315 canonico

304 1353 433 1397 esse
463 1346 760 1413 receptam.
791 1342 873 1400 Ad
901 1345 1126 1402 tertium
1154 1361 1222 1402 ex
1249 1345 1285 1403 1.
1314 1349 1562 1420 pacisci.
1589 1348 1908 1420 responderi

305 1438 525 1503 posset,
558 1431 700 1488 illam
721 1448 843 1489 esse
864 1435 1272 1507 permissionem
1295 1436 1609 1512 quamdam,
1625 1439 1805 1496 verius
1827 1445 1909 1496 ta-

308 1534 438 1576 men
471 1520 694 1595 dicitur,
724 1529 976 1598 pactum3
1004 1524 1072 1582 de
1099 1542 1210 1599 quo
1238 1527 1306 1584 ibi
1335 1536 1422 1586 est
1451 1545 1664 1604 sermo,
1697 1530 1904 1589 licitum

310 1624 468 1686 esse,
499 1619 562 1669 ut
590 1613 740 1686 quod
771 1611 984 1687 emptor
1013 1632 1144 1672 cum
1175 1618 1454 1676 venditore
1494 1623 1806 1690 conveniat,
1849 1630 1912 1680 ut

310 1699 381 1756 de
412 1702 552 1759 vitiis
577 1705 658 1761 rei
679 1705 925 1763 venditae
946 1722 1056 1764 non
1080 1714 1356 1779 teneatur,
1385 1725 1485 1767 nec
1509 1711 1684 1782 possit
1703 1711 1910 1769 moveri

308 1793 584 1866 quaestio;
613 1793 722 1852 hoc
749 1796 892 1852 enim
919 1798 1150 1868 emptori
1179 1799 1339 1873 licet,
1379 1815 1510 1858 cum
1547 1817 1642 1873 per
1681 1802 1784 1859 hoc
1825 1817 1909 1860 re-

307 1882 537 1940 nunciet
567 1885 672 1942 iuri
703 1902 829 1956 suo,
859 1901 925 1944 ex
952 1893 1105 1959 parte
1135 1894 1318 1946 autem
1345 1892 1624 1949 vendentis
1649 1907 1907 1950 necessa-

309 1970 396 2028 ria
421 1975 528 2030 erit
551 1974 695 2032 bona
721 1974 853 2034 fides
881 1993 990 2035 non
1018 1977 1200 2036 solum
1241 1996 1308 2038 ex
1341 1981 1461 2038 iure
1503 1982 1772 2055 naturali,
1817 1982 1912 2040 sed

313 2063 480 2120 etiam
507 2079 574 2121 ex
599 2066 779 2140 civili,
811 2075 873 2125 ut
899 2067 967 2124 ibi
995 2075 1149 2126 notat
1174 2070 1386 2128 Glossa.
1430 2071 1510 2129 Ad
1541 2080 1804 2146 quartum
1844 2073 1911 2130 de

316 2155 784 2228 praescriptione,
815 2157 1204 2234 respondetur,
1247 2163 1612 2220 necessariam
1655 2180 1776 2222 esse
1817 2164 1912 2222 bo·

313 2259 446 2302 nam
475 2243 656 2319 fidem,
685 2249 849 2305 etiam
877 2250 1184 2308 secundum
1215 2253 1515 2323 posteriora
1545 2254 1666 2311 iura
1707 2254 1904 2312 civilia.

257 2383 268 2392 .
311 2336 506 2408 Neque
536 2344 840 2408 potuerunt
867 2355 1110 2412 unquam
1141 2342 1260 2398 iura
1285 2342 1462 2400 civilia
1491 2360 1750 2403 securum
1789 2345 1913 2402 red-

313 2423 448 2482 dere
480 2428 534 2482 in
561 2428 894 2486 conscientia
922 2446 1302 2503 possessorem
1341 2433 1515 2489 malae
1546 2433 1687 2504 fidei,
1722 2434 1819 2492 sed
1845 2436 1914 2492 ad

314 2531 598 2575 summum
629 2525 932 2591 potuerunt
957 2537 1063 2578 non
1095 2520 1379 2587 admittere
1413 2531 1606 2582 contra
1643 2525 1792 2582 illum
1822 2542 1914 2584 ac-

315 2607 524 2663 tionem
553 2616 650 2664 aut
687 2608 859 2666 litem.
891 2611 962 2667 Et
997 2609 1140 2668 idem
1176 2627 1306 2669 cum
1342 2614 1690 2686 proportione
1728 2615 1917 2674 dicen-

312 2695 452 2754 dum
481 2705 568 2756 cst
593 2697 660 2755 de
691 2700 945 2758 omnihus
973 2701 1088 2758 aliis
1116 2702 1370 2770 casibus,
1401 2704 1450 2759 in
1480 2705 1682 2778 quibus
1713 2708 1798 2764 ius
1837 2708 1916 2765 ci-

311 2787 422 2844 vile
448 2786 650 2846 dicitur
679 2806 787 2847 non
817 2791 1119 2863 procedere
1147 2792 1198 2848 in
1222 2793 1342 2850 soro
1364 2797 1594 2852 animae.
1619 2797 1676 2853 ln
1699 2813 1812 2870 quo
1835 2804 1918 2856 et-

311 2877 424 2934 iam
451 2887 538 2935 est
575 2880 1032 2939 considerandum
1057 2925 1071 2954 ,
1103 2882 1253 2956 quod
1291 2885 1421 2942 licet
1453 2885 1808 2957 magistratus
1839 2887 1917 2945 ci-

313 2967 440 3024 vilis
463 2985 573 3026 non
606 2975 858 3028 teneatur
884 2987 1098 3044 semper
1140 2989 1337 3031 cavere
1381 2974 1623 3047 pericula
1659 2983 1915 3048 peccato·

315 3075 470 3132 rum3
503 3060 776 3119 interdum
797 3069 977 3119 tamen
1000 3079 1160 3136 posse
1180 3063 1466 3134 excedere,
1495 3064 1720 3122 serendo
1743 3065 1914 3140 leges,

321 3166 436 3224 quo
469 3151 600 3208 licet
624 3151 692 3209 de
717 3155 960 3223 peccatis
989 3170 1098 3211 non
1127 3154 1256 3228 sint,
1301 3155 1541 3226 pericula
1582 3156 1798 3213 illorum
1839 3158 1918 3213 in-

323 3240 568 3313 volvant,
600 3243 685 3299 vel
715 3243 817 3300 illis
845 3243 1026 3318 aliquo
1053 3245 1216 3302 modo
1244 3245 1547 3319 savere,vel
1571 3248 1916 3305 occasionem

315 3331 582 3403 praebere
605 3332 917 3392 videantur.
941 3336 1012 3392 Et
1031 3336 1082 3393 in
1107 3335 1188 3391 his
1211 3336 1428 3393 casibus
1460 3336 1636 3394 solent
1651 3338 1806 3413 leges
1827 3354 1920 3397 ca-

321 3421 550 3479 nonicae
590 3423 869 3497 corrigere
910 3424 1136 3499 civiles,
1175 3434 1239 3484 ut
1277 3425 1420 3482 inira
1449 3427 1794 3486 videbimus:
1833 3429 1920 3486 ille

318 3525 453 3568 vero
483 3511 738 3570 desectus
764 3521 848 3571 est
873 3529 1139 3587 personae
1168 3531 1274 3572 non
1307 3516 1494 3586 officii,
1517 3525 1571 3574 et
1597 3518 1919 3589 prudentiae

319 3617 432 3659 non
457 3605 762 3677 potestatis,
795 3621 920 3662 nam
949 3604 1034 3663 lex
1066 3605 1260 3678 civilis,
1293 3609 1336 3663 si
1361 3605 1662 3679 prudenter
1684 3608 1917 3684 seratur,

320 3709 430 3751 non
459 3694 626 3751 modo
655 3711 763 3752 non
793 3693 954 3752 debet
982 3697 1298 3768 praecipere
1323 3703 1506 3771 turpe,
1531 3715 1726 3757 verum
1749 3703 1921 3758 etiam

325 3800 396 3843 ne
425 3785 630 3842 morale
665 3785 974 3858 periculum
1010 3787 1274 3858 peccandi
1316 3787 1468 3846 dare.
1501 3789 1786 3858 Quomodo
1826 3806 1922 3847 au-

329 3880 439 3932 tem
472 3875 559 3933 lex
588 3876 764 3949 possit
787 3877 1142 3936 indifferentia
1172 3881 1510 3956 praecipere,
1539 3881 1724 3940 dicam
1743 3885 1800 3938 in
1820 3883 1924 3940 fine

325 3964 540 4037 capitis.

405 4061 459 4114 6.
490 4057 626 4114 Dico
653 4055 916 4115 secundo:
949 4059 1121 4134 Leges
1150 4059 1338 4117 civiles
1366 4077 1478 4117 non
1507 4061 1684 4120 solum
1712 4067 1924 4136 praeci-

330 4145 488 4220 piunt
515 4153 668 4204 recta
695 4149 752 4204 in
781 4151 1006 4205 materia
1034 4151 1288 4222 iustitiae,
1315 4150 1410 4208 sed
1439 4153 1602 4210 etiam
1625 4153 1676 4209 in
1701 4156 1924 4212 materia

331 4237 565 4297 aliarum
595 4238 862 4297 virtutum
891 4239 1204 4314 moralium,
1235 4246 1292 4298 et
1321 4241 1567 4299 similiter
1589 4250 1772 4300 vetare
1800 4260 1927 4317 pos-

329 4335 461 4386 sunt
503 4329 634 4387 vitia
674 4335 871 4387 contra
911 4346 1100 4387 omnes
1141 4333 1397 4389 virtutes.
1442 4334 1590 4390 Haec
1633 4335 1774 4392 enim
1813 4333 1925 4392 duo

327 4419 578 4477 eamdem
607 4434 822 4493 semper
843 4421 1110 4478 rationem
1133 4437 1232 4479 seu
1256 4424 1662 4494 proportionem
1687 4433 1926 4500 servant,

331 4512 462 4585 quia
488 4509 667 4567 iacere
695 4509 900 4567 bonum
918 4552 934 4584 ,
958 4518 1014 4569 et
1041 4513 1212 4569 vitare
1237 4510 1674 4587 malum,‘partes
1695 4522 1827 4573 sunt
1847 4517 1932 4574 iu-

333 4601 504 4659 stitiae
533 4618 645 4660 non
673 4608 892 4659 tantum
919 4603 1290 4676 particularis,
1323 4602 1418 4660 sed
1447 4605 1609 4662 etiam
1641 4606 1928 4678 generalis.

333 4693 477 4750 Haec
508 4694 738 4750 assertio
771 4695 1010 4750 sumitur
1039 4709 1106 4752 ex
1134 4693 1190 4750 d.
1223 4694 1428 4752 Thoma
1455 4711 1510 4768 q.
1543 4700 1639 4769 95,
1671 4701 1774 4753 art.
1800 4699 1854 4769 3,
1878 4703 1936 4754 et

333 4783 521 4842 ubi-de
547 4782 666 4856 lege
693 4783 927 4840 humana
955 4784 1006 4840 in
1037 4787 1316 4842 communi
1345 4785 1613 4860 loquitur,
1640 4787 1934 4860 praecipue

334 4890 466 4932 vero
493 4872 550 4931 id
573 4872 740 4931 docet
760 4880 984 4946 propter
1005 4873 1238 4946 civilem,
1262 4891 1388 4932 nam
1408 4873 1475 4931 de
1498 4877 1764 4933 canonica
1785 4876 1934 4934 nulla

335 4968 554 5037 poterat
581 4979 702 5020 esse
728 4963 1029 5038 dubitatio,
1059 4971 1118 5022 et
1143 4964 1218 5022 ita
1256 4965 1543 5023 coufirmat
1579 4967 1936 5023 assertionem

334 5071 404 5112 ex
431 5055 655 5112 Aristot.
693 5060 746 5112 5.
770 5055 967 5113 Ethic.
1000 5069 1124 5126 cap.
1164 5065 1214 5113 1.
1244 5054 1485 5113 dicente':
1531 5059 1708 5131 Ipsae
1735 5059 1936 5112 autem

336 5143 490 5219 leqes
514 5143 584 5202 de
604 5143 870 5202 omnibus
888 5143 1134 5211 dictant,
1154 5147 1548 5203 coniectantes
1565 5160 1940 5202 communem

335 5234 758 5303 utilitatem&
783 5234 938 5294 inira:
964 5236 1264 5312 Praecipit
1285 5240 1482 5295 autem
1512 5232 1614 5294 lex
1637 5240 1693 5294 et
1713 5249 1787 5294 ea
1806 5249 1940 5310 aye·

3360 301 3484 368 199

1971 461 2054 513 re,
2090 460 2241 520 quae
2268 442 2352 503 ad
2376 447 2578 502 virum
2596 445 2897 520 pertinent
2906 440 3155 516 fortem,
3186 449 3251 500 ut
3270 459 3387 500 non
3407 441 3566 502 dese·

1969 551 2101 592 rere
2127 534 2325 592 locum
2350 538 2411 591 in
2440 538 2589 600 acie,
2626 533 2986 607 vtonsuyere,
3020 550 3139 590 non
3167 533 3422 591 abiicere
3462 551 3563 592 ar-

1972 641 2098 683 ma.
2129 630 2209 683 Et
2236 629 2376 682 item
2403 641 2494 692 ea,
2530 615 2683 698 quae
2709 629 2849 682 sunt
2886 628 3297 698 temperantis,
3342 630 3411 682 ut
3447 643 3569 684 non

1973 714 2332 784 adulterari,
2366 733 2485 774 non
2512 713 2753 772 libidine
2780 717 2893 772 uti.
2924 719 3005 772 Et
3031 713 3146 773 illa
3171 719 3377 784 etiam,
3414 730 3569 789 quae

1973 812 2114 863 sunt
2140 809 2401 864 materia
2425 807 2587 872 iusti,
2619 811 2687 861 ut
2712 821 2831 860 non
2848 802 3113 876 pulsare,
3150 821 3268 862 non
3292 809 3565 864 convicia

1974 895 2185 965 dicere,
2220 899 2363 954 etin
2383 899 2631 954 caeteris
2656 895 2984 962 virtutibus,
3022 900 3197 968 atque
3218 899 3401 965 vitiis,
3436 896 3571 954 alia

1975 987 2201 1054 iubens,
2237 985 2371 1044 alia
2395 990 2622 1043 vetans.
2652 985 2803 1042 Plato
2830 986 2991 1040 ctiam
3030 987 3078 1042 1.
3109 982 3182 1041 de
3209 985 3380 1059 leqib.
3419 986 3561 1043 duos

1976 1078 2196 1135 ordines
2222 1077 2496 1135 bonorum
2523 1075 2829 1149 distinguit,
2862 1077 3048 1146 priora
3070 1083 3231 1132 vocat
3252 1077 3451 1148 divina,
3469 1093 3567 1148 po-

1977 1166 2211 1223 steriora
2240 1167 2512 1235 humana,
2543 1174 2601 1224 et
2626 1169 2679 1222 in
2710 1165 2985 1239 prioribus
3011 1167 3163 1238 ponit
3189 1175 3425 1240 quatuor
3454 1170 3564 1226 vit·-

1980 1263 2126 1313 tutes
2155 1255 2458 1313 cardinales
2478 1297 2492 1326 ,
2522 1257 2575 1312 in
2606 1255 3001 1328 posterioribus
3039 1255 3178 1311 bona
3215 1254 3465 1314 fortunae
3516 1251 3575 1314 et

1977 1349 2251 1420 corporis,
2284 1355 2340 1405 et
2370 1349 2553 1419 priora
2592 1346 2727 1403 dicit
2764 1362 2885 1402 esse
2924 1346 3309 1420 praeferenda,
3351 1364 3574 1406 eorum-

1976 1452 2085 1510 que
2110 1436 2352 1494 ordinem
2384 1454 2449 1495 ac
2479 1438 2873 1494 connexionem
2902 1435 3167 1508 declarat,
3192 1443 3247 1495 et
3268 1438 3565 1510 subiungit:

1988 1530 2193 1602 Quare
2210 1532 2449 1602 oportet,
2471 1532 2538 1583 ut
2552 1525 2747 1600 leyum
2767 1543 2990 1600 quoque
3012 1525 3171 1584 lator
3198 1533 3253 1584 et
3273 1531 3395 1603 ipse
3415 1530 3575 1586 hunc

1977 1615 2247 1674 ordinem
2270 1612 2573 1691 sequatur,
2601 1622 2658 1674 et
2682 1616 2925 1674 mandet
2944 1617 3231 1685 omnibus,
3260 1624 3331 1676 ut
3349 1623 3577 1694 semper

1975 1707 2126 1764 haee
2150 1710 2291 1782 ipsa
2314 1711 2691 1783 respicientes
2718 1711 2783 1765 in
2810 1707 3060 1780 sinqulis
3080 1713 3410 1782 operentur.
3426 1708 3573 1766 Idem

1977 1797 2307 1872 profitentur
2322 1803 2578 1855 auctores
2608 1797 2792 1872 legum
2809 1798 3073 1871 civilium,
3090 1815 3217 1856 nam
3246 1800 3297 1856 in
3312 1799 3350 1857 1.
3374 1799 3493 1872 1,ff.
3509 1798 3576 1856 de

1980 1887 2183 1944 iustitia
2212 1894 2268 1945 et
2294 1889 2401 1945 iur.
2428 1889 2503 1945 ait
2520 1887 2800 1961 Ulpianus:
2825 1892 3129 1947 Iustitiam
3156 1889 3418 1957 colimus,
3456 1896 3568 1947 etc.

1979 1977 2232 2036 Declarat
2258 1986 2445 2036 autem
2472 1995 2531 2036 se
2558 1978 2707 2053 loqui
2742 1995 2849 2036 non
2892 1986 3103 2037 tantum
3144 1979 3211 2037 de
3250 1981 3571 2052 particulari

1979 2070 2207 2140 iustitia,
2241 2068 2336 2127 sed
2363 2069 2429 2126 de
2458 2070 2721 2144 generali,
2752 2086 2893 2144 quae
2924 2072 3147 2144 respicit
3166 2075 3376 2130 iustum
3398 2073 3573 2146 legiti-
3604 2059 3625 2078 ‘

1985 2173 2138 2214 mum
2171 2157 2267 2232 (ut
2291 2158 2607 2216 Aristoteles
2636 2175 2806 2233 supra
2833 2160 3131 2234 loquitur),
3174 2163 3315 2220 unde
3345 2163 3573 2220 subiun-

1981 2249 2063 2321 git
2089 2247 2375 2320 Ulpianus:
2408 2253 2667 2322 AEquum
2702 2249 2779 2307 ab
2806 2253 3009 2322 iniquo
3050 2258 3414 2326 separantes,
3451 2252 3581 2310 lici-

1986 2343 2111 2396 tum
2133 2339 2211 2397 ab
2230 2337 2443 2396 illicito
2464 2341 2873 2408 discernentes,
2895 2340 3066 2402 bonos
3088 2339 3319 2416 efficere
3344 2346 3579 2418 cupien-

1985 2434 2086 2498 tes,
2125 2436 2181 2488 et
2207 2431 2345 2488 infra
2375 2433 2427 2487 in
2457 2429 2497 2488 l.
2524 2434 2785 2500 iustitia,
2820 2438 2875 2488 et
2900 2431 2952 2488 in
2981 2429 3005 2497 ἔ
3024 2436 3217 2506 puris,
3247 2433 3421 2490 Instit.
3453 2434 3577 2492 eod.

1987 2522 2213 2580 dicitur:
2247 2526 2407 2580 Iuris
2425 2527 2721 2598 pracepta
2747 2529 2886 2582 sunt
2910 2523 3085 2580 haec:
3110 2524 3345 2582 honeste
3368 2526 3572 2592 vivere,

1986 2611 2249 2670 alteram
2277 2630 2397 2670 non
2422 2611 2673 2682 laedere,
2721 2629 2897 2670 suum
2936 2617 3145 2687 cuique
3186 2613 3476 2676 tribuere:
3514 2631 3583 2673 ex

1984 2703 2187 2776 quibus
2216 2705 2454 2775 primum
2483 2703 2649 2761 latius
2690 2710 2859 2778 patet,
2903 2717 3077 2786 quam⁸
3111 2705 3458 2777 particularis
3496 2707 3581 2762 iu·
3658 2773 3663 2776 ¹

1984 2787 2150 2851 stitia.

2064 2886 2116 2942 7.
2152 2883 2307 2939 Ratio
2340 2882 2562 2955 propria
2588 2888 2692 2955 est,
2724 2883 2850 2956 quia
2880 2889 3121 2956 potestas
3162 2884 3466 2958 legislativa
3504 2885 3581 2941 ci-

1982 2972 2162 3032 vitatis
2193 2988 2299 3028 non
2330 2978 2513 3044 potest
2538 2972 2759 3044 assequi
2786 2974 2945 3029 tinem
2984 2990 3173 3045 suum,
3206 2975 3307 3031 nisi
3333 2977 3387 3031 in
3416 2983 3585 3033 mate·

1983 3064 2066 3120 ria
2094 3063 2337 3119 omnium
2370 3062 2633 3119 virtutum
2654 3063 2975 3134 praecipiat.
3006 3063 3163 3132 Quod
3190 3072 3256 3122 ut
3282 3064 3579 3141 declarem,

1986 3166 2235 3223 suppono
2249 3152 2448 3223 primo,
2464 3167 2770 3209 sermonem
2799 3151 2886 3209 hic
2909 3169 3031 3210 esse
3055 3153 3121 3210 de
3152 3154 3447 3211 virtutibus
3464 3172 3583 3214 mo-

1984 3241 2217 3313 ralibus,
2239 3257 2363 3298 nam
2392 3239 2461 3298 de
2484 3241 2879 3315 theologalibus
2903 3242 3029 3300 nihil
3054 3246 3304 3318 agnoscit
3324 3247 3583 3303 naturalis

1989 3334 2152 3405 ratio,
2185 3333 2237 3388 in
2266 3347 2372 3405 qua
2404 3331 2549 3405 leges
2579 3331 2763 3388 civiles
2793 3331 3117 3405 fundantur,
3163 3350 3481 3409 quanquam
3518 3351 3585 3392 eo

1988 3422 2173 3494 modo,
2203 3438 2314 3496 quo
2344 3429 2527 3494 potest
2550 3437 2671 3479 esse
2705 3424 2760 3478 in
2790 3430 2985 3480 natura
3012 3424 3196 3498 aliqua
3222 3433 3434 3484 remota
3460 3427 3579 3484 imi-

1987 3515 2120 3572 tatio
2149 3511 2369 3570 illarum
2398 3514 2698 3582 virtutum3
2732 3512 2823 3570 illa
2862 3515 3027 3571 etiam
3068 3523 3257 3587 posset
3291 3532 3389 3589 per
3430 3516 3577 3590 leges

1991 3603 2179 3660 civiles
2207 3603 2258 3658 in
2290 3602 2476 3659 officio
2505 3603 2801 3674 contineri,
2832 3610 2897 3660 ut
2923 3619 2988 3661 ex
3016 3603 3259 3663 dicendis
3286 3607 3579 3664 constabit.

1989 3695 2065 3750 De
2094 3692 2395 3749 virtutibus
2424 3707 2555 3765 ergo
2584 3691 2885 3751 moralibus
2916 3694 3183 3766 probatur
3211 3704 3581 3770 assumptum,

1989 3783 2114 3857 quia
2142 3783 2261 3838 finis
2290 3783 2427 3839 iuris
2455 3783 2621 3838 civilis
2652 3789 2737 3840 est
2762 3782 2991 3841 felicitas
3026 3801 3156 3842 vera
3192 3787 3450 3844 naturalis
3486 3804 3587 3862 po·-
3686 3786 3695 3795 “

1991 3875 2175 3932 liticae
2202 3874 2467 3945 civitatis3
2500 3872 2634 3930 haec
2664 3879 2848 3930 autem
2878 3874 3109 3932 obtineri
3136 3891 3243 3932 non
3266 3879 3584 3948 potest·sine

1991 3963 2339 4022 observantia
2378 3964 2619 4020 omnium
2672 3964 2943 4022 virtutum
2984 3965 3311 4040 moralium3
3358 3983 3491 4041 ergo
3530 3971 3587 4026 in

1992 4054 2247 4113 omnibus
2277 4059 2459 4125 potest
2485 4055 2797 4126 praecipere
2824 4057 2913 4112 ius
2942 4056 3119 4113 civile.
3146 4058 3315 4114 Maior
3345 4066 3496 4130 patet
3520 4076 3589 4117 ex

1991 4145 2149 4203 dictis
2180 4160 2301 4216 cap.
2334 4142 2587 4216 praeced.
2620 4145 2793 4201 Minor
2828 4151 3011 4202 autem
3054 4146 3271 4218 probari
3314 4153 3499 4219 posset
3521 4164 3589 4206 ex

1993 4233 2326 4308 dictisjibro
2355 4234 2402 4308 l,
2435 4249 2560 4306 cap.
2585 4233 2702 4308 XV,
2729 4233 2821 4292 ubi
2848 4235 3209 4310 ostendimus,
3235 4238 3380 4312 leges
3402 4237 3590 4296 civiles
3670 4275 3679 4282 ·

1995 4327 2277 4385 intendere
2299 4327 2447 4384 cives
2474 4325 2653 4382 iacere
2675 4323 2847 4382 bonos
2870 4328 3039 4400 viros,
3062 4327 3209 4400 quia*
3219 4343 3326 4385 non
3356 4335 3591 4402 possunt

2000 4416 2158 4475 aliter
2185 4416 2365 4473 iacere
2393 4415 2570 4473 bonos
2598 4416 2765 4472 cives.
2796 4417 3037 4475 Ulterius
3066 4433 3195 4475 vero
3233 4426 3417 4491 potest
3445 4420 3589 4478 idem

1998 4508 2217 4582 probari
2258 4506 2592 4564 inductione.
2635 4505 2770 4574 Quia
2809 4507 2953 4564 enim
3002 4509 3305 4567 necessitas
3354 4509 3591 4568 iustitiae

1997 4615 2095 4673 per
2121 4614 2181 4656 se
2210 4596 2366 4654 clara
2392 4603 2499 4667 est,
2529 4596 2653 4654 ideo
2684 4598 2737 4652 in
2767 4595 2858 4654 illa
2884 4601 3113 4656 materia
3154 4598 3589 4672 multiplicantur

1999 4691 2177 4764 magis
2203 4688 2353 4764 leges
2372 4687 2582 4745 civiles.
2613 4686 2986 4758 Temperantia
3020 4703 3150 4747 vero
3187 4690 3347 4746 etiam
3386 4696 3470 4746 est
3498 4707 3592 4747 ne-

2001 4781 2266 4850 cessaria,
2299 4794 2365 4836 ne
2394 4783 2591 4835 natura
2629 4779 2749 4850 ipsa
2787 4778 3011 4836 nimium
3048 4787 3462 4854 corrumpatur,
3495 4789 3594 4840 aut
3684 4775 3692 4782 “

2004 4869 2375 4942 conservatio,
2407 4868 2492 4925 vel
2533 4867 2847 4940 propagatio
2883 4870 3002 4924 eius
3040 4869 3398 4943 impediatur3
3429 4873 3593 4929 cuius

2002 4962 2080 5019 rei
2101 4975 2239 5018 cura
2259 4959 2421 5016 etiam
2446 4964 2661 5030 spectat
2681 4956 2746 5016 ad
2768 4957 2915 5032 leges
2937 4959 3144 5017 civiles,
3169 4962 3240 5018 Et
3254 4961 3363 5019 bac
3387 4962 3595 5020 ratione

2004 5051 2326 5124 prohibent,
2357 5065 2423 5106 ac
2462 5049 2696 5121 puniunt
2732 5047 2879 5122 leges
2918 5050 3102 5107 civiles
3131 5051 3255 5108 vitia
3282 5059 3475 5111 contra
3500 5070 3597 5111 na-

2006 5149 2221 5214 turam,
2254 5146 2490 5213 possunt
2513 5137 2673 5196 etiam
2703 5139 2989 5212 prohibere
3016 5141 3244 5199 nimium
3264 5142 3499 5201 abusum
3520 5145 3598 5201 ci-

2007 5232 2229 5306 borum,
2260 5229 2347 5289 vel
2373 5230 2427 5288 in
2453 5230 2532 5288 eis
2559 5243 2874 5290 mensuram
2902 5236 2959 5290 et
2982 5229 3207 5292 modum
3225 5235 3599 5305 ponere.For-
