4325 6267
782 324 866 386 44

2179 331 2382 388 [11331
2408 340 2458 388 1.

695 465 906 535 fertur,
937 462 1032 519 sed
1069 463 1234 518 etiam
1273 475 1464 518 eorum
1501 439 1858 517 successores
1889 466 2078 532 postea
2105 467 2287 531 natos,
2360 461 2451 517 tis.
2487 462 2633 519 Idem
2661 462 2821 520 habet
2846 461 3092 519 Menoch.
3126 461 3263 519 libro
3302 465 3347 520 t.
3368 460 3440 520 de
3466 457 3756 522 arbitr-ar.
3782 481 3839 537 q.
3872 469 3971 536 69,

697 554 784 609 vel
813 551 994 609 denuo
1027 549 1099 605 ibi
1138 549 1467 606 habitantes.
1505 549 1680 606 Tertia
1717 563 1784 604 ex
1822 555 1977 620 parte
2015 548 2189 620 ipsius
2215 549 2293 604 le·

701 643 811 717 gis3
841 643 969 714 quia
997 639 1163 695 semel
1203 638 1312 695 lata
1343 653 1560 710 semper
1599 636 1788 709 durat,
1820 636 1994 695 donec
2025 637 2107 694 vel
2141 652 2294 694 revo-

701 737 896 800 cetur,
933 728 1020 785 vel
1061 729 1289 784 materia
1327 728 1448 783 eius
1484 734 1583 784 aut
1619 741 1789 783 causa
1815 727 1889 784 ita
1918 733 2202 797 mutetur,
2236 732 2296 782 ut

699 821 842 876 iusta
867 831 990 873 esse
1016 814 1248 873 desinat.

782 911 832 966 7.
867 906 1046 962 Prima
1086 903 1414 975 perpetuitas
1449 903 1728 959 manifeste
1759 904 2024 975 probatur
2052 920 2117 960 ex
2145 903 2297 960 dicto

701 1013 826 1068 0011.
868 993 972 1051 1111.
1016 993 1082 1049 de
1120 991 1271 1049 offic.
1316 991 1498 1063 legati.
1527 992 1892 1049 confirmatur
1919 991 2142 1062 deinde,
2172 993 2299 1064 quia

701 1103 810 1142 non
840 1083 1057 1140 videtur
1078 1067 1490 1154 dubium,'quin
1511 1079 1789 1153 legislator
1809 1083 1984 1152 possit
2003 1081 2109 1137 hoc
2135 1079 2299 1138 modo

702 1175 945 1246 obligare
984 1187 1083 1243 per
1123 1185 1253 1229 suas
1296 1169 1462 1242 leges.
1508 1171 1720 1242 Primo,
1763 1171 1892 1244 quia
1921 1171 2024 1227 boc
2055 1169 2124 1227 ad
2149 1169 2301 1226 mini-

705 1277 858 1320 mum
894 1260 1131 1332 probant
1167 1260 1286 1314 iura
1327 1259 1515 1315 citata.
1555 1258 1843 1331 Secundo,
1884 1260 2013 1332 quia
2052 1259 2187 1315 11000
2214 1264 2302 1315 est

701 1348 1049 1408 consuetudo
1077 1348 1326 1404 omnium
1353 1345 1538 1420 legum
1559 1347 1945 1417 humanarum,
1975 1353 2036 1404 ut
2057 1351 2297 1404 constat.

704 1440 912 1510 Tertio,
954 1437 1086 1509 quia
1122 1435 1257 1492 haec
1284 1434 1476 1492 saltem
1505 1435 1908 1493 immutabilitas
1937 1441 2022 1492 est
2049 1450 2304 1492 necessa-

704 1530 786 1585 ria
823 1527 891 1583 ad
935 1527 1092 1582 finem
1122 1525 1312 1582 talium
1341 1525 1548 1597 legum,
1579 1525 1708 1582 alias
1737 1525 1984 1599 quotidie
2011 1527 2161 1583 fieret
2190 1541 2303 1582 ma·-

705 1634 808 1691 gna
851 1617 1077 1673 mutatio
1119 1615 1303 1686 legum
1343 1615 1399 1670 in
1438 1615 1721 1686 republica
1747 1631 1880 1672 cum
1910 1611 2305 1688 magno’detri-

707 1712 889 1764 mento
929 1707 1069 1762 eius.
1111 1704 1354 1775 Quarto,
1397 1705 1527 1774 quia
1552 1706 1604 1759 in
1635 1703 1846 1776 legibus
1875 1703 2126 1760 civilibus
2154 1709 2305 1774 pote-

707 1804 820 1853 stas
849 1793 1054 1852 serendi
1082 1793 1231 1866 leges
1257 1798 1342 1849 est
1364 1793 1412 1848 10
1437 1791 1720 1864 republica
1743 1809 1838 1864 per
1859 1810 1918 1850 se
1942 1795 2138 1865 primo,
2163 1793 2305 1850 unde

705 1887 860 1940 sicut
889 1882 1197 1954 respublica
1225 1897 1334 1937 non
1361 1883 1622 1952 moritur,
1654 1883 1728 1939 ita
1755 1889 1936 1954 potest
1962 1883 2105 1938 serre
2132 1883 2303 1955 leges,

705 1989 852 2045 quae
881 1972 1088 2028 nullius
1115 1978 1292 2027 morte
1311 1972 1731 2046 extinguantur,
1755 1986 1890 2044 ergo
1913 1987 2044 2028 cum
2067 1977 2304 2027 transtu-

709 2061 772 2116 lit
800 2063 848 2116 in
879 2059 1180 2132 prinoipem
1211 2075 1365 2115 suam
1396 2064 1742 2133 potestatem,
1779 2062 1940 2116 etiam
1962 2058 2207 2116 dedititii
2232 2059 2307 2116 fa-

710 2148 972 2206 cultatem
997 2147 1066 2204 ad
1094 2145 1347 2204 ferendas
1377 2147 1546 2220 leges,
1572 2164 1714 2220 quae
1743 2164 1846 2206 sua
1876 2154 2051 2205 morte
2079 2164 2187 2204 non
2216 2163 2307 2205 ex·

711 2237 1116 2309 tinguerentur.
1150 2235 1304 2293 Unde
1331 2251 1360 2292 a
1389 2236 1604 2292 fortiori
1633 2238 1897 2309 probatur
1924 2236 2065 2294 idem
2089 2234 2157 2292 de
2179 2236 2309 2308 legi-

711 2326 814 2382 bus
856 2325 1164 2398 canonicis,
1194 2325 1326 2397 quia
1355 2331 1621 2397 potestas,
1655 2341 1686 2381 a
1712 2340 1821 2398 qua
1854 2325 2161 2396 procedunt
2181 2365 2197 2393 ,
2226 2329 2311 2381 est

711 2430 743 2471 a
769 2413 1008 2478 Christo,
1047 2415 1144 2485 qui
1187 2430 1293 2470 000
1332 2415 1590 2486 1110111111,
1619 2420 1676 2470 01
1703 2415 1877 2471 voluit
1901 2416 1972 2472 ita
2001 2413 2205 2470 obediri
2234 2411 2313 2468 10-

711 2503 870 2576 gibus
899 2503 986 2560 sui
1016 2502 1236 2573 vicarii,
1267 2502 1417 2559 sicut
1445 2504 1589 2574 suis,
1619 2509 1678 2559 et
1697 2509 1957 2560 censetur
1979 2501 2193 2560 dedisse
2214 2517 2312 2574 po-

713 2597 964 2674 testatem
1013 2589 1483 2648 accommodatam
1545 2590 1818 2648 humanae
1879 2592 2309 2664 congregationi,

709 2680 940 2752 eiusque
975 2679 1318 2735 convenienti
1343 2679 1604 2751 regimini.
1637 2682 1713 2738 De
1739 2687 2014 2752 potestate
2039 2696 2179 2754 ergo
2206 2681 2309 2738 du-

713 2768 874 2825 bitari
909 2783 1017 2824 non
1053 2774 1253 2840 potest.
1283 2767 1428 2841 Ergo
1467 2770 1682 2841 quoties
1709 2769 1962 2842 princeps
1991 2771 2311 2842 simpliciter

712 2857 982 2930 praecipit
1020 2857 1345 2928 statuendo,
1391 2863 1650 2913 censetur
1692 2859 1768 2915 ita
1805 2861 2152 2932 praecipere,
2184 2861 2313 2931 quia

713 2945 1004 3003 statuendo
1034 2945 1229 3018 legem,
1261 2953 1318 3002 et
1342 2947 1552 3003 nuliam
1581 2947 1948 3004 limitationem
1977 2947 2307 3014 adhibendo,

714 3033 978 3107 praecipit
1013 3035 1310 3107 stabiliter,
1341 3041 1610 3108 quantum
1638 3041 1839 3110 potest,
1868 3043 1927 3093 et
1951 3043 2221 3109 quantum
2251 3038 2309 3093 ti-

718 3125 802 3180 nis
829 3124 958 3196 legis
987 3123 1268 3195 postulare
1299 3123 1532 3180 videtur.
1833 3116 1840 3124 '

800 3219 853 3271 8.
885 3212 1211 3269 Declaratur
1240 3213 1347 3269 boc
1376 3212 1608 3285 amplius
1635 3229 1701 3270 011
1731 3218 2016 3272 communi
2046 3217 2313 3274 sententia

717 3301 1046 3374 doctorum,
1090 3303 1187 3374 qui
1229 3302 1369 3359 11000
1409 3301 1768 3359 differentiam
1808 3306 2148 3361 constituunt
2172 3307 2316 3366 inter

718 3394 1077 3460 praeceptum
1101 3389 1168 3445 ab
1190 3389 1406 3446 homine
1431 3389 1603 3448 latum
1628 3390 1810 3447 solum
1831 3407 1930 3462 per
1949 3392 2171 3449 modum
2194 3409 2316 3464 per-

715 3479 920 3535 sonalis
955 3480 1267 3551 praecepti,
1299 3486 1358 3537 et
1383 3479 1553 3536 latum
1583 3493 1680 3550 per
1707 3479 1934 3536 modum
1963 3482 2316 3538 constitutio-

720 3569 838 3638 nis,
885 3566 1036 3640 quod
1077 3582 1282 3638 purum
1319 3574 1676 3640 praeceptum
1721 3569 1932 3638 expirat
1955 3583 2053 3640 per
2081 3577 2316 3626 mortem

719 3655 1100 3726 praecipientis
1119 3695 1135 3724 ,
1169 3670 1274 3712 non
1307 3670 1435 3711 vero
1463 3655 1548 3712 1011
1579 3672 1678 3712 seu
1705 3663 1998 3713 statutum.
2024 3659 2104 3713 lta
2125 3665 2317 3715 notant

719 3745 896 3799 Anton
961 3748 1020 3798 et
1046 3742 1184 3798 Abb.
1217 3743 1268 3798 10
1297 3757 1422 3814 cap.
1454 3742 1905 3816 Irresraqabilt‘.
1939 3744 2308 3813 gemmam,

717 3828 785 3887 de
811 3829 960 3887 offic.
1003 3829 1181 3886 ordin.
1225 3831 1318 3886 ubi
1357 3831 1554 3902 optime
1581 3838 1801 3904 notant,
1831 3832 2220 3906 delegationem
2250 3837 2318 3892 ab

719 3919 940 3976 homine
969 3919 1238 3990 0111111010,
1270 3935 1329 3976 10
1355 3921 1590 3993 integra,
1623 3935 1718 3991 per
1741 3928 1971 3978 mortem
1991 3921 2311 3995 delegantis,

719 4023 828 4064 non
859 4013 1043 4064 autem
1071 4007 1466 4080 delegationem
1495 4024 1526 4064 a
1553 4008 1672 4066 iure
1700 4025 1800 4066 seu
1832 4024 1926 4081 per
1967 4008 2163 4082 legem,
2190 4014 2318 4084 quia

720 4098 806 4153 lex
833 4113 940 4152 non
971 4098 1224 4154 moritur.
1257 4097 1403 4158 Idem
1433 4097 1539 4154 late
1569 4099 1766 4169 probat
1787 4100 2092 4157 Restaurus
2113 4101 2320 4158 Castal-

720 4184 827 4243 dus
867 4192 1032 4243 tract.
1077 4183 1148 4241 de
1189 4189 1478 4260 Imperat.
1508 4202 1566 4259 q.
1601 4190 1704 4257 93,
1745 4187 2068 4259 0010011000,
2101 4198 2315 4248 mutato

719 4289 845 4347 rege
863 4313 880 4346 ,
911 4274 993 4330 vel
1024 4275 1346 4346 imperatore
1369 4315 1383 4344 ,
1413 4290 1522 4332 non
1551 4276 1753 4332 mutari
1782 4275 1928 4348 leges
1957 4277 2077 4334 eius
2104 4293 2203 4349 per
2234 4295 2312 4352 se,

719 4378 817 4420 seu
861 4365 977 4435 ipso
1018 4361 1187 4428 iacto,
1232 4363 1360 4434 111110
1400 4368 1694 4434 perpetuae
1723 4370 1872 4421 sunt.
1904 4365 2049 4421 idem
2077 4365 2311 4442 Sylvest.

716 4453 772 4509 in
802 4450 968 4508 verbo
996 4450 1384 4518 Mandatum,
1421 4466 1476 4524 q.
1511 4456 1542 4508 3
1561 4491 1577 4522 ,
1615 4451 1701 4507 ubi
1730 4453 1830 4508 ait:
1874 4450 2052 4510 Talia
2072 4470 2317 4528 praece-

709 4545 826 4615 pta
863 4543 1142 4614 expirant
1172 4545 1361 4596 morte
1379 4543 1829 4614 praecipientis,
1867 4545 1986 4598 nisi
2007 4543 2175 4614 fiant
2197 4560 2313 4618 per

715 4627 956 4687 modum
994 4630 1444 4695 constitutionis,
1477 4631 1548 4684 ut
1571 4627 1930 4686 consuetudo
1957 4634 2313 4705 interpreta-

719 4723 840 4773 tur.
871 4719 1062 4789 ltaque
1089 4717 1270 4772 solum
1299 4717 1350 4771 111
1379 4716 1779 4774 consuetudine
1807 4716 2166 4778 differentiam
2193 4722 2315 4778 1110-

717 4805 828 4862 dat.
875 4805 1020 4862 Idem
1063 4808 1114 4860 in
1161 4806 1322 4861 verbo
1364 4803 1713 4878 Deleqattts,
1759 4821 1815 4879 q.
1851 4810 1914 4878 6,
1946 4807 2039 4864 11111
2075 4808 2312 4883 colligit,

717 4895 895 4953 omnia
925 4900 1214 4966 praecepta
1243 4894 1349 4949 lata
1378 4911 1409 4950 a
1430 4893 1685 4966 praelatis
1705 4895 2065 4968 inferioribus,
2089 4900 2186 4970 qui
2207 4914 2313 4955 non

719 4992 954 5058 possunt
992 4984 1414 5041 constitutiones
1455 4983 1669 5055 facere,
1711 4985 1956 5057 expirare
1993 4994 2173 5044 morte
2200 4988 2315 5044 illo·

717 5091 879 5142 rum3
922 5073 1306 5144 dispositiones
1347 5079 1534 5128 autem
1563 5088 1786 5142 omnes,
1829 5089 1972 5146 quae
2013 5090 2110 5148 per
2139 5076 2314 5149 legem

719 5165 808 5223 vel
833 5169 1098 5222 statutum
1119 5163 1273 5233 fiunt,
1294 5176 1644 5234 perseverare
1667 5169 1790 5234 post
1809 5169 2048 5222 mortem
2069 5171 2313 5222 statuen-

2363 549 2605 608 Cordub.
2651 553 2702 607 in
2744 552 2951 626 regulis
2978 555 3153 608 sancti
3182 551 3487 622 Francisci,
3516 568 3645 623 cap.
3686 556 3781 622 10,
3812 569 3870 625 q.
3910 557 3969 618 3,

2366 647 2573 711 puncto
2625 646 2643 697 1
2672 678 2687 710 ,
2719 642 2903 710 partit.
2938 645 3002 712 33
3031 655 3175 712 quos
3204 640 3404 708 refert,
3435 646 3494 697 et
3522 642 3775 714 sequitur
3802 641 3965 697 Sanc.

2364 728 2459 785 lib.
2499 735 2550 788 8.
2584 728 2655 786 de
2683 731 2964 787 Matrem.
2994 727 3137 800 disp.
3170 734 3267 796 28,
3299 744 3359 801 11.
3392 735 3449 798 2,
3481 744 3538 785 0.
3573 731 3664 786 47.

2444 822 2499 876 9.
2532 819 2796 876 Eamdem
2830 818 3183 875 differentiam
3222 817 3391 875 tradit
3416 818 3582 890 Vasq.
3636 823 3685 874 1.
3718 823 3748 876 2
3769 857 3784 888 ,
3826 817 3969 890 disp.

2376 911 2508 977 151,
2554 921 2608 962 c.
2644 912 2700 979 3,
2746 924 2802 962 11.
2844 910 2941 976 163
2985 905 3197 963 videtur
3240 914 3419 962 tamen
3445 905 3592 962 illam
3622 907 3974 976 interpretari

2368 1003 2583 1053 tantum
2627 997 2695 1052 de
2734 995 3039 1068 praeceptis
3080 995 3473 1069 singularibus,
3506 1009 3649 1067 quae
3678 995 3976 1066 particula-

2370 1085 2523 1142 ribus
2564 1086 2817 1157 personis
2855 1087 3235 1157 imponuntur.
3266 1083 3418 1141 Unde
3454 1087 3720 1141 rationem
3760 1082 3975 1156 praedi-

2369 1181 2492 1231 ctae
2533 1174 2864 1231 differentiae
2903 1190 2969 1230 011
3012 1181 3211 1230 natura
3252 1173 3425 1244 ipsius
3452 1176 3735 1246 praecepti
3760 1179 3818 1230 et
3845 1173 3977 1244 legis

2372 1261 2612 1335 colligit.
2655 1263 2788 1319 Nam
2836 1262 2919 1318 lex
2940 1305 2953 1328 ,
2994 1278 3125 1318 cum
3155 1261 3362 1319 seratur
3390 1264 3769 1319 communitati
3790 1268 3850 1318 et
3876 1277 3979 1334 pro

2371 1351 2517 1406 110110
2546 1353 2849 1423 communi,
2880 1352 3096 1408 nomine
3115 1351 3287 1422 ipsius
3315 1339 3646 1422 reipublicae
3674 1349 3977 1408 1011111110-

2373 1445 2467 1496 tur
2509 1456 2542 1495 a
2580 1440 2855 1512 principe,
2898 1446 2957 1495 et
2979 1439 3104 1496 ideo
3132 1455 3265 1495 cum
3293 1455 3507 1508 semper
3538 1444 3753 1495 maneat
3782 1454 3978 1510 respu-

2375 1527 2515 1584 blica
2536 1569 2550 1596 ,
2590 1543 2807 1598 semper
2832 1526 3029 1599 durat,
3063 1529 3273 1584 etiamsi
3305 1530 3557 1599 princeps
3588 1528 3875 1584 moriatur.
3910 1531 3981 1584 At

2376 1633 2506 1675 vero
2533 1625 2891 1690 praeceptum
2920 1617 3218 1689 singulare,
3250 1617 3427 1690 inquit
3446 1657 3460 1685 ,
3494 1617 3655 1674 alicui
3683 1615 3981 1687 imponitur

2375 1722 2406 1762 a
2436 1708 2705 1778 principe,
2736 1706 2817 1762 vel
2849 1706 3156 1778 superiore,
3189 1712 3251 1762 ut
3278 1721 3473 1762 curam
3492 1705 3635 1762 illius
3658 1708 3822 1777 gerit3
3848 1721 3977 1762 nam

2376 1795 2601 1866 respicit
2640 1795 2844 1851 bonum
2882 1793 3161 1868 singulare
3200 1793 3367 1850 huius
3411 1794 3491 1850 vel
3535 1794 3677 1850 iliius
3714 1795 3884 1864 civis,
3915 1801 3973 1849 et

2376 1882 2495 1940 ideo
2540 1885 2716 1940 fertur
2742 1883 2811 1940 ab
2839 1883 2955 1954 ipso
2984 1881 3243 1955 principe,
3276 1897 3383 1938 non
3414 1887 3521 1938 tam
3552 1882 3763 1938 nomine
3796 1882 3979 1952 reipu-

2375 1971 2583 2043 blicae,
2614 1987 2782 2044 quam
2809 1987 2911 2028 suo
2929 2011 2945 2044 ‚
2974 1978 3245 2043 quatenus
3274 1969 3339 2026 ad
3371 1971 3549 2042 ipsum
3580 1971 3812 2042 pertinet
3838 1986 3980 2028 cura

2377 2060 2720 2134 singulorum
2758 2060 2991 2131 civium,
3031 2073 3174 2132 quae
3207 2074 3347 2116 cura
3385 2060 3596 2130 expirat
3620 2074 3717 2130 per
3746 2063 3978 2116 mortem

2378 2148 2462 2207 vel
2504 2151 2859 2206 mutationem
2898 2148 3160 2220 praelati,
3190 2156 3245 2205 et
3273 2147 3395 2205 ideo
3422 2149 3582 2205 etiam
3612 2154 3793 2206 cessat
3822 2163 3981 2219 prae-

2378 2246 2625 2311 ceptum.

2462 2333 2552 2387 10.
2584 2327 2885 2385 Dicendum
2923 2342 3053 2383 vero
3090 2334 3208 2392 est,
3250 2326 3607 2383 differentiam
3635 2324 3817 2382 datam
3849 2341 3980 2397 pro-

2378 2417 2576 2475 cedere
2620 2433 2725 2474 non
2770 2416 2950 2474 solum
2992 2415 3059 2472 de
3087 2423 3383 2488 praecepto
3409 2415 3535 2472 dato
3568 2413 3827 2487 singulari
3856 2431 3981 2486 per·

2380 2522 2543 2562 sonae
2572 2505 2749 2578 (quod
2780 2507 2887 2561 iam
2918 2521 2983 2560 ex
3015 2503 3105 2559 1110
3134 2505 3315 2575 0011110
3344 2519 3451 2560 non
3478 2510 3567 2559 est
3594 2502 3699 2573 lex,
3724 2503 3851 2575 quia
3870 2519 3979 2560 non

2380 2602 2467 2652 est
2493 2604 2852 2667 praeceptum
2878 2608 3172 2650 commune
3194 2593 3208 2664 )
3228 2633 3243 2664 ,
3274 2592 3373 2649 sed
3399 2593 3558 2650 etiam
3587 2590 3655 2648 de
3684 2599 3980 2664 praecepto

2380 2684 2662 2739 communi
2699 2681 2833 2739 dato
2860 2683 3239 2739 communitati
3268 2681 3319 2737 10
3348 2681 3555 2738 11000111
3582 2696 3871 2750 commune
3898 2681 3978 2751 ip·

2380 2772 2517 2842 sius,
2540 2776 2605 2827 ut
2626 2777 2775 2828 recte
2798 2778 3175 2842 exposuerunt
3194 2771 3443 2828 Menoch.
3468 2769 3709 2827 Cordub.
3734 2777 3789 2826 et
3808 2773 3973 2827 Sanc.

2380 2877 2551 2933 supra
2590 2867 2782 2918 contra
2822 2860 3113 2932 quemdam
3154 2863 3376 2917 Petrum
3406 2859 3664 2916 Peuzebis
3686 2903 3700 2930 ,
3730 2860 3974 2932 quodlib.

2390 2954 2408 3006 1
2439 2989 2455 3019 ,
2488 2965 2546 3021 q.
2576 2952 2641 3007 21
2667 2953 2807 3022 ,qui
2844 2946 2909 3004 de
2948 2947 3294 3021 generalibus
3334 2951 3640 3019 praeceptis
3674 2947 3841 3020 dixit,
3872 2963 3981 3003 non

2382 3037 2628 3108 expirare
2658 3052 2754 3108 per
2781 3044 3012 3093 mortem
3044 3037 3459 3108 praecipientis3
3484 3034 3853 3109 quodfalsum
3874 3042 3981 3108 est,

2382 3127 2513 3200 quia
2542 3122 2913 3195 consuetudo,
2944 3138 3113 3196 quam
3140 3124 3344 3197 allegat
3364 3124 3598 3201 Syivest.
3622 3123 3689 3180 de
3712 3139 3983 3197 quocum·

2382 3229 2491 3286 que
2531 3218 2861 3285 praecepto,
2904 3211 3095 3269 eadem
3135 3219 3239 3270 est.
3286 3213 3439 3270 Unde
3467 3213 3685 3285 colligo,
3718 3214 3981 3269 rationem

2385 3301 2745 3374 adaequatam
2776 3301 2939 3358 huius
2966 3299 3298 3358 differentiae
3324 3317 3431 3356 non
3454 3316 3619 3372 posse
3640 3303 3785 3357 sumi
3804 3315 3873 3357 ex
3892 3316 3979 3370 eo,

2384 3390 2534 3466 quod
2576 3397 2933 3462 praeceptum
2962 3389 3211 3462 procedit
3246 3406 3278 3447 a
3304 3405 3443 3446 cura
3470 3389 3764 3462 singularis
3792 3405 3983 3460 perso·

2385 3494 2519 3551 1100,
2549 3485 2605 3536 01
2644 3495 2749 3534 000
2786 3480 2845 3535 111
2880 3479 3096 3536 00111100
3132 3480 3562 3538 communitatis.
3597 3479 3734 3534 Nam
3764 3493 3985 3549 praece-

2386 3574 2543 3640 ptum
2568 3567 2847 3641 generale,
2876 3567 3091 3623 etiamsi
3120 3584 3226 3623 non
3260 3567 3468 3624 seratur
3495 3583 3591 3639 per
3620 3566 3845 3622 modum
3872 3571 3981 3622 sta·

2388 3656 2521 3726 tuti,
2565 3655 2632 3712 ad
2674 3670 2865 3712 curam
2908 3655 3080 3712 totius
3107 3655 3519 3711 communitatis
3544 3661 3601 3710 et
3626 3655 3834 3711 bonum
3863 3656 3983 3711 eius

2385 3745 2635 3817 pertinet.
2680 3742 2862 3812 Adde,
2902 3744 3051 3816 quod
3082 3745 3233 3816 leges
3264 3744 3560 3801 canonicae
3587 3759 3696 3800 non
3724 3745 3864 3800 liunt
3889 3759 3985 3798 no-

2386 3833 2527 3890 mine
2556 3832 2726 3893 totius
2764 3833 3091 3905 reipublicae
3128 3848 3225 3889 seu
3264 3833 3705 3903 communitatis,
3738 3834 3865 3906 quia
3891 3850 3988 3906 po-

2386 3929 2581 3992 testas,
2616 3937 2711 3993 per
2740 3937 2907 3993 quam
2934 3921 3055 3977 illae
3080 3919 3229 3993 leges
3256 3921 3533 3991 seruntur,
3564 3937 3672 3977 000
3696 3923 3936 3978 manavit
3954 3938 3987 3978 a

2386 4011 2796 4082 communitate,
2826 4017 2881 4068 et
2908 4016 3085 4066 100100
3120 4009 3207 4066 illa
3232 4009 3553 4082 differentia,
3582 4011 3745 4066 etiam
3773 4010 3825 4066 in
3854 4010 3985 4083 legi-

2386 4101 2492 4157 bus
2528 4099 2911 4156 ecclesiasticis
2940 4107 2997 4156 et
3025 4099 3329 4170 praeceptis
3358 4098 3544 4155 locum
3573 4098 3755 4154 1101101.
3790 4099 3921 4154 item
3952 4115 3983 4154 e

2386 4206 2677 4262 converso,
2703 4191 2952 4261 quamvis
2979 4204 3073 4244 rex
3094 4188 3391 4259 praecipiat
3414 4187 3505 4242 uni
3527 4185 3847 4258 particulari
3866 4201 3986 4258 per-

2386 4295 2577 4352 sonae,
2605 4285 2810 4350 potest,
2842 4279 2887 4333 si
2916 4277 3075 4350 velit,
3106 4277 3181 4334 ita
3207 4277 3483 4348 imponere
3512 4281 3893 4348 praeceptum,
3926 4283 3989 4331 ut

2385 4367 2549 4424 duret
2590 4374 2718 4438 post
2760 4373 2992 4422 mortem
3034 4381 3223 4435 suam,
3264 4364 3437 4420 donec
3466 4378 3497 4418 a
3526 4379 3628 4420 suo
3656 4378 3984 4419 successore

2386 4462 2709 4528 revocetur,
2750 4456 2878 4528 quia
2914 4455 2959 4510 si
2994 4461 3176 4525 potest
3218 4454 3527 4523 praecipere
3574 4452 3973 4522 communitati,

2387 4560 2493 4602 cur
2520 4559 2623 4598 non
2656 4542 2915 4614 singulari
2943 4539 3241 4612 personae?
3267 4547 3323 4596 et
3354 4547 3531 4596 tamen
3561 4548 3695 4596 11100
3720 4543 3886 4597 etiam
3906 4539 3986 4595 di-

2388 4638 2581 4700 cetur,
2626 4632 2769 4686 serre
2810 4628 2947 4687 illud
2986 4635 3342 4702 praeceptum
3384 4635 3639 4700 tanquam
3668 4642 3861 4700 gerens
3888 4643 3988 4684 cu-

2386 4737 2503 4777 ram
2544 4719 2837 4791 specialem
2886 4717 3009 4774 talis
3058 4732 3356 4788 personae3
3400 4731 3535 4788 ergo
3577 4724 3813 4773 non-est
3850 4717 3984 4774 haec

2386 4809 2691 4882 adaequata
2731 4809 2903 4879 ratio,
2932 4821 3037 4863 cur
3063 4805 3274 4876 expiret
3301 4813 3673 4875 praeceptum.
3707 4806 3841 4862 Item
3874 4821 3987 4862 res·
4026 4825 4033 4830 ·

2386 4896 2602 4969 publica
2621 4937 2636 4966 ,
2666 4895 2885 4969 quando
2914 4894 3194 4951 transtulit
3220 4899 3547 4967 potestatem
3575 4896 3629 4949 10
3660 4897 3985 4967 principem,

2386 5004 2496 5044 non
2512 4986 2932 5043 communitatis
2958 4991 3191 5055 tantum,
3218 4982 3311 5040 sed
3334 4984 3496 5040 etiam
3518 4983 3862 5056 singulorum
3885 4999 3984 5040 cu-

2387 5092 2501 5132 ram
2540 5075 2612 5132 1111
2651 5075 2952 5132 commisit:
2993 5073 3045 5130 in
3075 5073 3195 5146 >ipsa
3224 5079 3407 5130 autem
3436 5073 3715 5145 republica
3743 5081 3862 5129 erat
3888 5089 3986 5144 po-

2392 5170 2559 5224 testas
2591 5163 2898 5237 imponendi
2922 5166 3281 5236 praeceptum
3304 5161 3659 5235 particulare,
3683 5162 3833 5236 quod
3854 5161 3988 5221 obli-
