4325 6267
1844 418 2052 467 CAPUT
2087 419 2202 466 vu.
2271 379 2284 384 ’

361 548 635 615 muneris,
667 546 751 604 vel
780 545 968 615 officii,
1003 545 1070 602 ita
1102 552 1164 602 ut
1192 543 1622 616 comprehendat
1647 543 1780 600 tales
1803 543 1967 599 artifi-

365 651 498 708 063,
539 643 596 693 61
632 652 740 693 non
784 636 916 693 alias
955 649 1236 706 personas.
1285 631 1564 701 Secundo,
1597 633 1639 688 si
1668 633 1882 690 feratur
1911 635 1964 688 in

365 742 632 796 personas
664 725 786 782 talis
814 727 1050 797 generis,
1074 725 1158 780 vel
1180 723 1522 794 conditionis,
1549 731 1610 778 ut
1633 723 1682 777 10
1709 723 1965 795 1116116103,

365 815 456 870 vel
477 815 708 885 nobiles,
735 816 817 870 vel
840 817 890 870 in
914 813 1306 870 descendentes
1327 831 1393 870 ex
1416 813 1695 886 HebraeiS,
1718 820 1814 869 aut
1836 829 1968 869 0011-

365 921 558 962 versos
590 921 658 961 ex
687 904 990 974 Saracenis,
1025 903 1105 960 vel
1137 902 1264 976 quid
1295 902 1488 959 simile.
1521 903 1704 958 Tertio
1733 903 1843 959 lieri
1876 919 1970 974 po-

364 1001 478 1051 test
506 1011 603 1067 pro
633 994 1001 1050 habitantibus
1031 995 1084 1048 in
1115 992 1206 1050 tali
1235 1000 1412 1064 parte,
1439 993 1520 1050 vel
1563 993 1685 1048 vico
1706 992 1968 1062 civitatis,

362 1091 424 1141 et
450 1101 558 1140 non
588 1100 684 1155 pro
713 1083 862 1151 aliis;
892 1085 964 1140 ita
1005 1090 1070 1140 ut
1089 1099 1195 1139 non
1219 1089 1430 1140 tantum
1453 1098 1550 1154 pro
1575 1082 1678 1152 his,
1703 1084 1795 1155 qui
1817 1098 1965 1137 nunc

368 1175 645 1238 habitant,
700 1174 792 1230 sed
835 1173 1150 1230 durabiliter
1190 1189 1287 1246 per
1326 1172 1732 1229 successionem
1761 1171 1968 1228 indiffe-

365 1272 556 1322 renter
588 1265 821 1321 feratur.
852 1261 1196 1336 Quicumque
1225 1266 1369 1320 enim
1395 1280 1460 1319 ex
1491 1263 1572 1319 bis
1603 1261 1778 1318 modis
1797 1278 1962 1336 genc-

366 1355 601 1412 ralitatis
653 1352 936 1410 sufficiens
975 1353 1082 1409 erit
1119 1353 1186 1409 ad
1214 1355 1478 1410 rationem
1509 1351 1667 1425 16313,
1696 1354 1741 1407 31
1771 1352 1968 1425 alioqui

367 1445 578 1502 iustitia
621 1449 894 1498 serretur.
935 1443 1070 1498 Nam
1113 1444 1320 1514 primus
1349 1448 1436 1499 est
1461 1441 1780 1513 simpliciter
1809 1457 1971 1514 gene-

367 1533 501 1589 ralis
527 1531 835 1588 secundum
858 1530 1289 1588 distributionem
1315 1530 1751 1602 accommodam3
1773 1547 1973 1588 secun-

362 1621 475 1679 dus
511 1622 802 1693 participat
836 1620 1118 1691 eamdem,
1153 1623 1436 1692 supposita
1464 1621 1606 1677 iusta
1633 1620 1970 1676 distributio-

367 1728 471 1783 ne,
505 1712 700 1768 tertius
725 1711 888 1766 etiam
909 1718 997 1767 est
1015 1709 1080 1766 de
1103 1707 1161 1766 se
1184 1709 1488 1766 indifferens
1511 1709 1579 1765 ad
1603 1725 1814 1781 omnes,
1839 1709 1970 1782 quia

373 1800 560 1858 nullus
597 1807 683 1856 est
703 1840 718 1870 ,
764 1803 860 1874 qui
901 1815 1008 1856 non
1049 1802 1224 1872 possit
1248 1800 1317 1857 ibi
1347 1799 1616 1873 babitare,
1647 1806 1704 1855 et
1730 1799 1800 1856 ad
1827 1799 1973 1856 hunc

373 1891 598 1949 modum
621 1890 849 1948 indicari
869 1897 1048 1963 potest
1065 1889 1132 1947 de
1154 1905 1506 1962 quacumque
1529 1888 1628 1946 alia
1652 1888 1809 1945 simili
1827 1889 1964 1964 lege.

925 2067 1204 2136 CAPUT
1249 2066 1391 2136 vn.

383 2263 596 2322 Utrum
633 2255 706 2314 de
739 2258 970 2314 ratione
999 2253 1144 2329 leqis
1171 2258 1276 2323 sit,
1309 2259 1378 2312 ut
1396 2260 1642 2330 propt-er
1667 2270 1974 2312 commune

927 2345 1142 2402 bonum
1150 2343 1422 2418 seratur.

377 2514 426 2562 1.
455 2513 528 2563 De
554 2513 753 2564 ratione
775 2518 831 2562 et
854 2511 1142 2563 substantia
1168 2511 1298 2575 legis
1321 2518 1400 2562 est
1422 2512 1488 2562 ob
1505 2524 1769 2563 commune
1790 2512 1977 2562 bonum

444 2582 593 2633 ferri.
619 2611 690 2620 -
715 2583 767 2634 2.
797 2582 1132 2633 obiectio--—
1156 2582 1206 2632 3.
1231 2581 1517 2632 011160ῑί001
1539 2581 1978 2646 respondetur.—

445 2653 500 2702 4.
529 2653 721 2717 Duplex
755 2652 969 2703 materia
994 2651 1114 2702 boni
1137 2653 1416 2703 communis
1431 2682 1446 2704 ‚
1471 2652 1608 2701 cirea
1633 2664 1784 2715 quam
1808 2657 1978 2716 potest

449 2722 534 2772 lex
559 2723 774 2772 versari.
801 2749 870 2758 -
895 2721 946 2770 5.
975 2720 1226 2772 obiectio.
1253 2749 1322 2758 —
1345 2721 1556 2770 Materia
1579 2722 1706 2784 legis
1728 2734 1790 2771 ex
1815 2733 1870 2771 36
1893 2720 1980 2770 de-

447 2793 539 2842 het
565 2805 678 2842 esse
704 2792 848 2841 utilis
871 2797 926 2840 et
950 2790 1208 2840 commoda
1233 2791 1485 2841 communi
1512 2791 1663 2852 bono,
1689 2804 1790 2841 non
1816 2803 1879 2840 ex
1903 2791 1980 2841 in-

448 2862 680 2912 tentione
717 2860 1044 2924 legislatoris.
1085 2887 1156 2896 —-
1187 2861 1239 2912 6.
1276 2860 1564 2910 Obiectioni
1596 2860 1801 2910 satistit.
1831 2887 1901 2897 -
1925 2860 1976 2911 7.

447 2931 784 2994 Privilegium
815 2937 896 2980 est
930 2942 1052 2979 vera
1087 2931 1186 2979 lex.
1221 2957 1284 2965 —
1309 2929 1358 2978 8.
1389 2930 1465 2979 An
1492 2930 1572 2979 lex
1596 2930 1851 2992 generalis
1875 2931 1980 2980 lata

447 3014 510 3051 ea
535 3001 819 3051 intentione
835 3036 850 3061 ,
878 3004 938 3050 ut
961 3005 1144 3049 noceat
1168 2999 1490 3062 particulari,
1516 3000 1586 3048 sit
1611 2999 1800 3049 iniusta
1823 3005 1878 3049 et
1903 2999 1980 3048 in-

448 3071 634 3121 valida.

463 3231 514 3286 1.
558 3229 636 3285 Ex
679 3227 781 3283 bac
822 3224 1128 3283 conditione
1169 3225 1302 3300 legis
1343 3225 1595 3282 videntur
1634 3225 1869 3281 maxima
1911 3240 1978 3281 ex

375 3323 536 3392 parte
573 3317 706 3374 aliae
736 3315 993 3389 pendere,
1023 3322 1076 3372 et
1104 3314 1221 3372 ideo
1251 3314 1494 3373 secundo
1523 3315 1646 3372 loco
1674 3313 1816 3371 illam
1846 3329 1977 3370 con·

379 3409 660 3465 stituimus
680 3447 696 3477 ,
739 3406 867 3463 licet
891 3405 1136 3463 Isidorus
1164 3406 1413 3462 ultimam
1443 3423 1564 3462 eam
1595 3405 1840 3477 posuerit
1861 3447 1876 3478 ,
1908 3405 1980 3462 si-

377 3496 608 3570 mulque
659 3498 1013 3554 intrinsecum
1055 3497 1213 3554 finem
1257 3497 1388 3568 legis
1437 3495 1860 3553 declarabimus.
1919 3497 1977 3551 In

375 3588 714 3661 quaestione·
742 3601 875 3659 ergo
916 3587 1194 3657 proposita
1234 3584 1382 3642 nulla
1423 3592 1508 3642 est
1546 3584 1684 3642 inter
1722 3592 1978 3641 auctores

377 3677 786 3746 controversia,
815 3674 910 3731 sed
939 3675 1184 3731 omnium
1213 3691 1508 3732 commune
1537 3677 1749 3732 axioma
1775 3681 1882 3747 est,
1909 3675 1975 3732 de

377 3769 590 3826 ratione
638 3773 694 3822 et
732 3765 1030 3821 substantia
1071 3764 1204 3837 legis
1243 3780 1392 3837 esse,
1445 3771 1507 3821 111
1547 3781 1646 3836 pro
1695 3764 1976 3822 communi

375 3857 524 3913 bono
567 3855 808 3926 feratur3
853 3854 932 3910 ita
969 3862 1030 3911 ut
1068 3862 1289 3926 propter
1313 3854 1446 3910 illud
1476 3855 1767 3926 praecipue
1800 3854 1976 3911 trada-

381 3953 496 4002 tur.
533 3946 612 4001 Ita
640 3945 806 4001 docet
831 3943 886 4001 d.
917 3943 1152 4000 Thomas
1179 3943 1233 4000 d.
1265 3960 1320 4017 q.
1355 3949 1458 4017 90,
1494 3945 1582 4002 nbi
1611 3945 1776 4002 Caiet.
1808 3947 1973 4002 Conr.

378 4040 439 4090 et
460 4033 550 4090 alii
579 4032 842 4090 moderni.
869 4033 997 4090 Soto
1021 4032 1112 4088 lib.
1147 4037 1194 4090 1.
1227 4032 1299 4090 de
1324 4036 1471 4090 lust.
1498 4039 1637 4106 (1.-1,
1663 4041 1771 4091 1111.
1797 4040 1854 4104 2,
1878 4036 1979 4091 Ca·

379 4130 485 4180 311.
515 4123 608 4179 1111.
641 4127 690 4180 1.
714 4121 786 4178 de
801 4127 952 4195 Leqe
968 4119 1204 4196 poenal.
1232 4138 1283 4177 0.
1312 4127 1360 4192 1,
1386 4125 1582 4180 Αο100.
1614 4129 1659 4180 1.
1686 4139 1744 4195 p.
1768 4123 1852 4179 tit.
1889 4127 1979 4196 11,

378 4229 435 4268 c.
471 4218 530 4282 2,
559 4209 586 4278 ἒ
621 4219 670 4283 1,
697 4207 862 4268 61”111.
889 4208 990 4280 ‘17,
1021 4209 1046 4277 ἕ
1076 4216 1129 4282 3,
1149 4218 1210 4268 61
1237 4212 1563 4268 Summistae
1592 4227 1780 4267 omnes
1810 4213 1974 4268 verbo

381 4301 504 4359 lex.
538 4303 607 4379 Et
635 4301 771 4358 bene
799 4302 1078 4357 Navarrus
1104 4302 1158 4355 in
1187 4301 1578 4356 commentario
1599 4298 1673 4356 de
1696 4300 1968 4362 Finibus,

381 4406 601 4448 numer.
645 4396 748 4462 28,
777 4389 1069 4463 Gregorius
1099 4391 1234 4464 Lep.
1266 4392 1320 4446 in
1348 4390 1386 4446 Ι.
1421 4395 1452 4448 9
1475 4433 1488 4460 ,
1523 4393 1604 4447 tit.
1645 4395 1702 4464 1,
1733 4397 1874 4462 part.
1917 4397 1974 4464 1,

376 4481 476 4538 11111
521 4479 834 4552 Alphonsus
873 4479 1160 4550 Hispaniae
1194 4495 1286 4535 rex
1319 4480 1565 4536 eamdem
1605 4479 1972 4536 conditionem

375 4571 432 4627 in
470 4570 586 4626 suis
615 4568 824 4642 legibus
855 4567 1102 4641 requirit.
1133 4569 1204 4624 Et
1230 4567 1298 4624 ita
1328 4570 1490 4624 etiam
1518 4567 1824 4641 intelligunt
1842 4569 1978 4625 iuris

375 4659 566 4718 civilis
613 4657 938 4729 interpretes
978 4658 1016 4712 Ι.
1060 4662 1106 4727 1,
1139 4657 1194 4713 ff.
1227 4655 1294 4712 de
1321 4656 1482 4731 legib.
1514 4657 1777 4730 dicentes,
1810 4660 1982 4731 legem

371 4749 580 4806 debere
617 4761 738 4802 esse
760 4762 1068 4803 commune
1085 4751 1494 4820 praeceptum,
1524 4747 1572 4803 id
1595 4752 1806 4822 estpro
1825 4764 1979 4804 com-

374 4839 555 4896 muni
603 4833 864 4892 utilitate
908 4837 1227 4902 statutum,
1280 4840 1344 4891 ut
1390 4834 1455 4890 ibi
1503 4834 1690 4892 Glossa
1740 4837 1976 4908 exponit,

372 4941 550 5001 quam
597 4925 744 4980 Bart.
779 4927 934 4980 lason
957 4967 970 4994 ,
999 4928 1055 4978 et
1081 4922 1168 4978 11111
1199 4930 1528 4996 sequuntur.
1561 4924 1774 4980 Clarius
1805 4924 1852 4981 id
1883 4926 1979 4982 do-

377 5015 504 5072 cuit
537 5013 732 5070 isidor.
775 5016 828 5069 in
861 5013 914 5070 d.
949 5029 1071 5085 cap.
1105 5016 1240 5071 Erit
1265 5018 1463 5070 autem
1490 5013 1620 5083 lex,
1657 5014 1712 5070 (1.
1746 5020 1800 5088 4,
1832 5025 1896 5074 111
1922 5033 1973 5075 0.

373 5103 732 5179 praecedenti
774 5102 1042 5174 explicui,
1071 5109 1129 5159 61
1157 5109 1463 5175 sequuntur
1492 5103 1559 5159 ibi
1589 5107 1925 5162 canonistae.

462 5193 712 5251 Sumitur
757 5198 1037 5264 praeterea
1079 5190 1213 5248 haec
1265 5194 1464 5248 veritas
1511 5208 1574 5249 ex
1625 5195 1849 5254 Aristot.
1882 5198 1978 5270 qui

370 5278 480 5340 lib..
520 5288 574 5342 3.
624 5283 818 5340 Echio.
865 5297 986 5354 cap.
1023 5285 1080 5340 6.
1111 5281 1218 5354 ait,
1251 5282 1407 5338 finem
1435 5282 1668 5340 civitatis
1695 5300 1814 5342 esse
1843 5287 1978 5344 bene

3471 400 3551 463 29

2038 559 2100 598 ac
2133 541 2355 598 feliciter
2387 542 2567 598 vivere
2586 583 2599 608 ,
2629 549 2686 598 61
2713 541 2831 599 ideo
2859 542 3075 600 subdit:
3112 545 3201 600 De
3226 544 3440 598 virtute
3468 546 3525 598 et
3548 545 3637 598 vi-

2038 633 2122 687 tio
2153 628 2396 705 publice
2436 633 2727 703 coqitant,
2778 635 3129 704 quicumque
3168 647 3381 688 curam
3418 630 3637 688 habent

2039 720 2182 776 bene
2210 717 2559 775 instituendi
2582 723 2894 788 civitatem,
2935 723 3120 793 utique
3152 736 3247 792 per
3275 721 3445 792 leges.
3481 719 3636 778 Unde

2041 811 2090 867 in
2123 809 2212 865 lib.
2248 814 2302 877 4,
2336 825 2459 880 cap.
2502 812 2549 866 1.
2584 809 2749 882 addit,
2774 809 2925 883 leqes
2947 809 3031 866 ad
3049 811 3484 884 rempublicam
3516 827 3637 868 esse

2040 897 2604 964 accommodandas,
2638 915 2755 954 non
2784 897 3210 972 rempublicam
3242 898 3324 956 ad
3346 899 3519 972 leqes.
3546 901 3635 956 Sic

2037 987 2239 1044 Marsil.
2285 989 2451 1044 Ficin.
2497 990 2548 1043 in
2593 995 2913 1060 argumento
2943 987 3134 1061 dialogi
3166 991 3365 1047 Minos
3402 991 3637 1047 Platonis

2039 1093 2103 1134 ex
2134 1079 2257 1132 eius
2287 1083 2489 1149 mente,
2524 1085 2638 1134 11101
2670 1079 2759 1149 1111,
2795 1087 2911 1135 11110
2939 1080 2990 1134 10
3019 1079 3169 1136 libris
3202 1079 3273 1136 de
3308 1081 3553 1154 Leqibus
3582 1086 3639 1138 et

2042 1167 2262 1240 Repub.
2296 1168 2502 1240 colligit
2529 1167 2696 1224 talem
2731 1169 2863 1240 legis
2886 1168 3341 1240 descriptionem:
3369 1175 3476 1228 Est
3492 1186 3641 1227 vera

2041 1257 2413 1330 qubernandi
2447 1261 2629 1326 ratic,
2676 1275 2829 1331 quae
2866 1257 2949 1316 ad
2982 1259 3173 1332 finem
3214 1265 3499 1334 optimum
3529 1277 3641 1336 per

2042 1347 2352 1404 commoda
2390 1347 2591 1405 media
2638 1349 2975 1422 qubernata
3014 1347 3235 1422 diriqit.
3280 1351 3417 1416 Quin
3458 1352 3637 1421 potius

2044 1435 2195 1492 Plato
2235 1437 2285 1492 in
2328 1437 2519 1494 eodem
2558 1438 2771 1510 dialogo
2800 1438 3000 1511 regiam
3030 1437 3202 1511 legem
3231 1439 3470 1511 appellat
3494 1457 3635 1507 eam,

2041 1541 2183 1598 quae
2213 1527 2264 1582 in
2297 1526 2530 1584 civitatis
2560 1526 2751 1582 ordine
2778 1533 2833 1583 et
2859 1527 3195 1600 gubernandi
3224 1530 3457 1599 ratione,
3489 1527 3639 1601 quod

2042 1622 2265 1672 rectum
2302 1622 2417 1688 est,
2459 1615 2765 1671 constituit.
2797 1618 2865 1672 Et
2892 1617 2943 1672 in
2973 1616 3189 1690 dialogo
3220 1621 3503 1691 Hippias,
3540 1635 3637 1676 seu

2043 1701 2115 1759 de
2139 1702 2423 1766 Pulchro,
2456 1720 2647 1776 parum
2675 1720 2707 1760 a
2728 1705 3014 1776 principio:
3044 1705 3352 1773 conditur,
3383 1707 3476 1778 ait,
3503 1723 3641 1764 mea

2042 1792 2281 1864 quidem
2310 1797 2605 1850 sententia
2639 1793 2917 1850 utilitatis
2957 1799 3161 1867 qratia
3186 1793 3301 1860 lex,
3336 1801 3395 1851 et
3419 1801 3485 1851 ut
3510 1812 3639 1853 ma-

2041 1885 2274 1940 ximum
2313 1886 2537 1940 civitati
2576 1883 2793 1940 bonum
2831 1882 3017 1957 leqem
3053 1883 3377 1940 concedunt
3403 1884 3643 1959 leqislw

2043 1977 2224 2041 tores,·
2253 1972 2488 2047 leqeque
2518 1972 2773 2041 sublata,
2803 1971 3069 2046 1691111116
3097 1977 3163 2029 in
3189 1976 3423 2031 civitate
3446 1978 3640 2032 vivere

2045 2077 2167 2118 novi
2202 2079 2541 2138 possumus.
2584 2064 2655 2119 Et
2689 2062 2779 2119 lib.
2820 2067 2867 2121 1.
2906 2061 2977 2118 de
3012 2062 3209 2135 Leqtb.
3244 2062 3351 2120 late
3380 2064 3636 2134 ostendit,

2045 2151 2196 2225 leyes
2224 2169 2347 2210 esse
2370 2154 2603 2210 virtutis
2640 2156 2845 2226 qratia
2870 2151 3174 2220 conditas,
3214 2159 3267 2208 et
3295 2154 3363 2209 ob
3391 2168 3640 2210 commu-

2049 2259 2173 2300 nem
2204 2258 2397 2315 pacem
2425 2250 2480 2300 et
2508 2242 2839 2300 felicitatem.
2869 2241 3020 2300 Idem
3047 2242 3306 2299 latissime
3332 2244 3506 2300 Cicer.
3540 2243 3635 2300 lib.

2051 2335 2102 2388 3.
2134 2329 2207 2387 de
2233 2331 2429 2404 Layib.
2462 2331 2672 2388 Plutar.
2705 2331 3054 2388 in.Problem.
3080 2332 3131 2386 in
3162 2335 3253 2390 40.
3280 2333 3374 2405 ait,
3398 2332 3641 2389 omnium

2049 2419 2477 2492 pulcherrimum
2520 2422 2571 2476 in
2602 2421 2815 2478 civitate
2844 2421 3071 2478 iudicari
3099 2421 3394 2479 bonitatem
3428 2420 3637 2496 legum,

2048 2511 2201 2584 quod
2240 2511 2496 2568 nimirum
2532 2525 2823 2568 commune
2856 2511 2995 2569 illius
3023 2513 3229 2568 bonum
3260 2513 3489 2568 maxime
3516 2527 3640 2584 pro-

2047 2605 2265 2657 curent.
3222 2645 3227 2651 .

2122 2691 2193 2746 Ε1
2220 2688 2440 2762 (1111116111
2474 2688 2673 2747 veritas
2714 2688 2846 2746 baec
2887 2704 2984 2762 per
3012 2705 3069 2746 36
3099 2696 3288 2762 patens
3316 2697 3401 2746 est
3425 2691 3477 2746 in
3508 2689 3640 2764 legi-

2047 2778 2153 2835 bus
2182 2778 2406 2851 divinis,
2438 2777 2672 2852 ideoque
2702 2779 2934 2850 probare
2959 2779 3109 2835 illam
3135 2794 3359 2835 necesse
3388 2795 3495 2834 non
3522 2787 3631 2836 est.

2046 2870 2185 2926 Nam
2230 2868 2359 2925 licet
2385 2869 2451 2927 ad
2479 2867 2725 2926 divinum
2754 2869 3019 2926 honorem
3046 2871 3353 2926 necessario
3384 2869 3638 2926 ordinen-

2049 2963 2141 3014 tur
2172 2957 2305 3032 (non
2335 2958 2479 3014 enim
2509 2963 2685 3030 potest
2712 2960 2855 3014 Deus
2886 2957 3187 3031 quidquam
3216 2965 3369 3015 extra
3391 2975 3449 3016 se
3474 2959 3634 3031 velle,

2049 3046 2130 3103 vel
2159 3046 2398 3118 operari,
2430 3045 2532 3102 nisi
2560 3053 2786 3118 propter
2815 3047 3105 3120 seipsum),
3138 3053 3314 3104 tamen
3343 3050 3395 3103 in
3425 3050 3503 3104 613
3530 3063 3637 3106 non

2047 3137 2265 3208 quaerit
2291 3151 2448 3191 suam
2477 3135 2790 3207 utilitatem,
2825 3134 2921 3193 sed
2954 3136 3235 3194 bominum
3264 3137 3469 3195 bonum
3488 3139 3639 3195 6116-

2045 3224 2323 3282 licitatem.
2346 3223 2498 3282 Unde
2520 3227 2650 3298 quia
2672 3224 2853 3282 divina
2876 3242 3041 3298 opera
3063 3227 3459 3298 perfectissima
3481 3236 3633 3300 sunt,

2047 3321 2103 3370 et
2141 3316 2374 3371 maxime
2414 3315 2849 3387 proportionata,
2881 3317 3031 3372 sicut
3060 3317 3205 3388 leges
3232 3315 3443 3373 divinae
3472 3316 3635 3374 alicui

2049 3404 2429 3461 communitati
2469 3403 2821 3475 tribuuntur3
2868 3405 2940 3460 ita
2974 3405 3136 3461 etiam
3175 3403 3375 3462 dantur
3414 3413 3636 3478 propter

2049 3496 2173 3550 eius
2201 3509 2494 3550 commune
2523 3494 2729 3549 bonum
2755 3501 2809 3549 61
2835 3493 3173 3567 felicitatem,
3206 3501 3269 3552 ut
3290 3494 3447 3551 facile
3476 3497 3639 3552 etiam

2049 3584 2368 3641 inductione
2409 3589 2663 3640 constare
2700 3589 2908 3655 potest,
2960 3589 3065 3640 tam
3106 3586 3159 3639 in
3207 3583 3325 3658 lege
3374 3584 3628 3658 naturali,

2048 3689 2214 3748 quam
2252 3673 2303 3728 in
2342 3671 2529 3728 divinis
2566 3672 2829 3743 positivis.
2872 3672 3061 3746 Neque
3103 3673 3314 3744 obstat,
3353 3673 3502 3745 quod
3541 3689 3640 3744 per

2048 3763 2146 3819 has
2178 3762 2320 3834 leges
2351 3777 2509 3834 saepe
2545 3760 2765 3816 intendit
2790 3763 2933 3817 Deus
2967 3763 3236 3833 privatum
3288 3762 3641 3820 commodum

2050 3851 2214 3908 11111113
2256 3850 2336 3907 ν61
2378 3849 2523 3906 1111113
2551 3863 2835 3921 personae,
2865 3857 2929 3906 ut
2955 3866 3051 3922 per
3078 3849 3252 3923 legem
3280 3854 3638 3922 poenitentiae

2053 3940 2289 3998 salutem
2328 3939 2501 4012 ipsius
2543 3939 2879 4011 peccatoris,
2923 3943 2977 3995 61
3013 3941 3091 3995 sic
3126 3940 3191 3997 de
3222 3940 3362 4012 aliis3
3402 3959 3506 3998 non
3538 3944 3642 4016 (in-

2047 4030 2245 4106 quam)
2276 4031 2383 4086 hoc
2414 4028 2616 4085 obstat.
2650 4029 2784 4084 Tum
2806 4029 2936 4101 quia
2956 4027 3159 4085 bonum
3184 4028 3553 4104 singulorum,
3580 4039 3643 4090 ut

2049 4125 2233 4179 statim
2263 4121 2426 4178 11111113
2454 4120 2656 4190 (1101101,
2690 4118 2793 4174 sub
2820 4121 3101 4174 communi
3132 4119 3631 4192 comprehenditur,

2050 4210 2272 4284 quando
2302 4211 2503 4267 bouum
2536 4211 2698 4265 unius
2729 4208 2832 4265 tale
2864 4225 2971 4264 non
2999 4215 3103 4281 631,
3133 4211 3467 4267 utexcludat
3488 4227 3641 4268 com·

2051 4318 2237 4375 mune,
2282 4301 2375 4357 sed
2403 4300 2589 4373 potius
2616 4305 2702 4355 est
2732 4298 2833 4354 tale
2852 4339 2867 4364 ,
2900 4305 2963 4355 ut
2989 4301 3041 4354 in
3072 4299 3295 4371 singulis
3322 4302 3637 4373 requiratur

2049 4407 2116 4449 ex
2145 4393 2196 4448 vi
2227 4390 2350 4447 111113
2378 4390 2545 4462 legis,
2576 4395 2639 4444 ut
2668 4387 2965 4460 applicatae
2992 4387 3058 4444 ad
3088 4388 3353 4461 singulos,
3388 4394 3448 4445 ut
3474 4389 3544 4445 ita
3571 4405 3637 4446 ex

2047 4483 2203 4538 bonis
2231 4479 2571 4554 singulorum
2602 4485 2905 4552 consurgat
2934 4485 3225 4534 commune
3254 4480 3475 4536 bonum.
3501 4480 3647 4538 Tum·

2046 4572 2240 4634 6111101,
2283 4570 2410 4642 (111111
2454 4567 2597 4642 leges
2636 4567 2841 4624 divinae
2879 4569 3197 4639 praesertim
3228 4569 3543 4627 referuntur
3569 4569 3639 4628 ad

2050 4659 2365 4717 felicitatem
2406 4665 2716 4725 aeternam,
2760 4672 2901 4729 quae
2930 4656 3235 4713 secundum
3264 4674 3321 4713 se
3348 4674 3639 4717 commune

2048 4751 2251 4807 bonum
2280 4756 2387 4818 est,
2420 4755 2473 4805 et
2501 4750 2553 4803 in
2586 4764 2918 4821 unoquoque
2946 4749 3216 4806 individuo
3244 4757 3329 4808 631
3352 4768 3451 4823 per
3477 4769 3558 4825 se,
3584 4762 3641 4811 et
3674 4791 3678 4796 -

2049 4846 2270 4911 propter
2312 4854 2368 4894 se
2410 4827 2612 4894 intenta
2647 4838 2809 4894 etiam
2848 4839 2962 4894 sine
2990 4838 3176 4896 ordine
3206 4840 3272 4897 ad
3300 4841 3460 4898 aliam
3488 4859 3640 4900 com-

2047 4932 2389 4986 munitatem.
2422 4930 2649 4998 Propter
2677 4926 2824 4999 quod
2847 4927 2978 4984 dixit
2998 4928 3053 4985 (1.
3080 4929 3269 4987 Tbom.
3304 4936 3351 4990 1.
3379 4948 3433 5003 p.
3458 4949 3512 5007 q.
3539 4939 3636 5005 23,

2047 5025 2151 5076 art.
2193 5020 2245 5089 7,
2276 5024 2330 5073 61
2358 5033 2411 5089 (1.
2443 5021 2669 5086 98,111·1.
2709 5022 2757 5086 1,
2785 5017 3143 5074 humanarum
3174 5021 3471 5078 animarum
3502 5022 3640 5079 mul-

2048 5107 2465 5179 tiplicationem,
2496 5107 2701 5162 etiamsi
2732 5114 2948 5163 tantum
2980 5124 3207 5164 numero
3234 5109 3501 5184 differant,
3526 5129 3636 5169 non

2047 5212 2169 5254 esse
2210 5201 2423 5252 tantum
2459 5211 2557 5267 per
2584 5195 2861 5268 1100111603,
2892 5196 2987 5253 sed
3016 5213 3113 5270 per
3141 5214 3199 5254 se
3227 5201 3483 5256 intentam
3510 5217 3637 5272 pro-

2048 5292 2167 5359 pter
2194 5301 2348 5342 suam
2380 5285 2837 5343 immortalitatem
2866 5292 2919 5344 et
2949 5286 3220 5346 felicitatis
3248 5289 3629 5361 capacitatem.
