4325 6267
1770 370 1981 420 CAPUT
2009 371 2154 418 xvlt
2166 399 2181 414 .

325 493 604 550 rationem
646 494 884 564 dictam,
928 492 1075 565 quod
1116 493 1253 551 haec
1297 493 1719 551 contradictorie
1759 511 1928 567 oppo-

3428 349 3519 412 63

2000 500 2359 566 praeceptum
2390 493 2575 550 ieiunii
2603 493 2927 566 praescribit
2950 492 3106 550 hodie
3131 491 3367 550 medium
3399 481 3604 562 tempe-

327 589 563 639 nuntur.
611 585 742 640 item
783 585 912 656 quia
952 581 1068 638 illae
1111 584 1249 640 duae
1293 592 1476 654 partes
1515 583 1750 640 iustitiae
1775 625 1790 656 ,
1833 585 1946 655 qui.
2000 583 2202 639 rantiae
2245 581 2579 654 prohibendo
2620 584 2773 638 cibos
2815 582 2935 638 talis
2976 582 3283 656 qualitatis,
3312 588 3370 638 et
3406 580 3595 652 plures

327 677 464 728 sunt
501 673 674 729 vitare
715 670 922 728 malum
952 715 967 742 ,
1011 678 1068 728 et
1107 671 1290 729 iacere
1317 671 1521 728 bonum
1544 714 1558 742 ,
1590 672 1932 728 sufficienter

328 761 814 833 comprehendunt
854 768 1026 819 totam
1070 762 1362 834 iustitiam,
1398 769 1461 818 ut
1496 769 1648 819 recte
1678 762 1842 819 tradit
1871 762 1929 819 d.

329 850 566 906 Thomas
611 856 669 908 2.
715 855 782 922 2,
825 866 882 923 q.
919 852 1020 922 79,
1052 858 1158 908 art.
1203 855 1420 924 13ergo
1447 859 1506 908 et
1534 851 1678 924 leges
1709 858 1772 909 ut
1796 852 1932 909 obli·

334 945 534 1011 gentes
563 939 910 996 sufficienter
935 938 1258 996 dividuntur
1287 955 1382 1012 per
1403 940 1848 1012 praecipientem,
1878 946 1936 997 et

331 1027 739 1098 prohibentem.
774 1027 855 1084 Ad
895 1035 1227 1098 potestatem
1268 1037 1452 1087 autem
1479 1032 1787 1087 coactivam
1813 1046 1935 1103 per·

335 1117 470 1172 tinet
497 1117 780 1174 moraliter
810 1132 1013 1188 cogere
1043 1116 1110 1173 ad
1143 1115 1510 1175 obediendum
1555 1121 1776 1192 utrique
1805 1119 1931 1193 legi,

337 1205 490 1277 quod
522 1207 581 1261 fit
604 1221 700 1278 per
729 1206 1208 1264 comminationem
1233 1223 1460 1278 poenae.
1487 1208 1639 1266 Unde
1669 1211 1812 1282 Aug.
1836 1209 1931 1265 lib.

333 1292 408 1350 de
435 1310 668 1368 correp.
699 1299 757 1350 et
781 1299 940 1368 qrat.
979 1311 1102 1367 cap.
1144 1299 1166 1353 1
1191 1316 1204 1352 :
1237 1300 1544 1364 Dominus,
1580 1299 1790 1370 inquit,
1819 1315 1936 1354 non

335 1381 534 1440 solum
565 1382 822 1440 ostendit
850 1400 893 1441 a
918 1400 1031 1458 quo
1058 1384 1225 1442 malo
1251 1383 1614 1444 declinemus
1637 1430 1652 1454 ,
1699 1390 1755 1444 et
1781 1385 1938 1460 quod

336 1470 912 1545 bonumsaciamus.
945 1473 1102 1546 quod
1129 1474 1322 1532 solum
1345 1481 1537 1550 potest
1561 1476 1707 1550 lepis
1734 1476 1934 1535 litera.

337 1561 540 1618 Postea
567 1578 698 1620 vero
727 1565 830 1633 ait,
862 1563 996 1620 haec
1026 1579 1135 1620 non
1164 1579 1323 1636 posse
1351 1567 1564 1637 impleri
1595 1568 1710 1624 sine
1739 1567 1938 1638 spiritu

341 1653 578 1722 gratiae.
630 1656 802 1728 Quae
831 1656 884 1709 si
909 1651 1084 1720 desit,
1128 1655 1338 1726 inquit,
1373 1655 1457 1712 ad
1491 1656 1602 1713 hoc
1627 1655 1727 1713 lex
1753 1655 1930 1724 valet,

337 1746 408 1798 ut
440 1757 574 1799 reos
595 1740 834 1814 faciat,
883 1749 942 1800 et
979 1743 1234 1801 occidat.
1281 1747 1341 1801 In
1384 1762 1496 1817 quo
1536 1746 1777 1817 explicat
1815 1762 1939 1817 pro-

344 1833 524 1902 priam
567 1833 678 1888 vim
721 1834 1027 1890 coactivam
1069 1833 1226 1904 legis.
1258 1834 1413 1892 Unde
1441 1851 1538 1907 per
1570 1835 1702 1892 haec
1734 1836 1836 1891 tria
1864 1837 1942 1891 vi-

333 1918 582 1978 debatur
631 1920 976 1978 sufficienter.
1021 1922 1292 1994 explicata
1334 1930 1448 1981 tota
1489 1923 1739 1981 efficacia
1778 1924 1931 1998 legis3

339 2016 524 2066 tamen
557 2011 690 2083 quia
719 2009 990 2066 interdum
1013 2013 1174 2068 etiam
1197 2016 1570 2070 necessarium
1597 2020 1705 2087 est,
1736 2014 1942 2087 aliquid

335 2099 693 2172 permittere,
735 2099 886 2173 quod
925 2100 984 2157 at
1022 2102 1134 2157 sine
1174 2102 1500 2176 obligatione
1539 2105 1623 2162 vel
1659 2107 1942 2163 coactione

337 2194 604 2260 respectu
642 2191 794 2262 eius,
838 2189 932 2245 cui
973 2191 1034 2247 fit
1071 2193 1386 2265 permissio,
1421 2193 1542 2252 ideo
1570 2196 1942 2252 necessarium

345 2277 450 2334 suit
473 2277 625 2336 hunc
655 2282 814 2338 etiam
843 2283 1104 2340 effectum
1133 2283 1437 2356 explicare,
1478 2287 1608 2356 quia
1637 2291 1804 2356 prout
1831 2285 1943 2341 fieri

341 2375 528 2439 potest
555 2385 654 2441 per
682 2369 856 2444 legem
888 2375 1081 2443 partim
1113 2389 1144 2428 a
1172 2379 1445 2444 potestate
1478 2373 1742 2430 directiva
1762 2415 1777 2446 ,
1821 2389 1945 2445 par-

345 2457 444 2514 tim
472 2474 504 2514 a
542 2461 795 2517 coactiva
835 2461 1124 2535 dependet.
1149 2463 1286 2519 Nam
1314 2462 1544 2533 ipsamet
1572 2463 1652 2517 vis
1681 2462 1946 2519 directiva

352 2547 625 2618 ostendit,
655 2555 714 2606 et
745 2553 966 2622 statuit,
996 2550 1198 2624 aliquid
1239 2566 1362 2608 esse
1391 2551 1847 2624 permittendum,
1890 2559 1948 2609 et

347 2651 460 2692 non
501 2639 844 2708 puniendum
883 2639 952 2696 ab
991 2640 1244 2709 homine,
1284 2649 1342 2697 et
1379 2642 1454 2697 ita
1483 2643 1747 2713 praecipit
1774 2641 1946 2713 ipsam

351 2728 804 2802 permissionem,
847 2737 904 2786 et
943 2732 1094 2804 cogit
1133 2731 1200 2786 ad
1223 2729 1368 2786 illius
1399 2731 1860 2804 observationem
1891 2739 1950 2790 et

353 2817 432 2872 ita
459 2826 720 2875 constant
747 2817 879 2876 dicti
908 2827 1149 2894 quatuor
1173 2820 1438 2894 effectus,
1469 2836 1572 2878 nec
1599 2829 1828 2894 apparet
1854 2839 1949 2880 ne-

353 2907 590 2964 cessitas
619 2908 1017 2980 multiplicandi
1047 2907 1200 2966 alios.

429 2999 486 3052 ⁴.
518 2997 638 3052 Hoc
677 3003 863 3054 autem
901 2997 1159 3054 ultimum
1189 2999 1364 3070 magis
1393 2999 1806 3057 confirmabitur
1837 3000 1952 3057 dis-

349 3084 627 3142 currendo
655 3101 754 3158 per
782 3087 920 3143 alios
949 3087 1178 3144 effectus
1203 3129 1217 3158 ,
1250 3087 1344 3160 qui
1375 3090 1428 3142 in
1456 3089 1714 3158 principio
1733 3132 1748 3160 ,
1781 3090 1834 3145 in
1864 3105 1950 3146 se-

351 3174 538 3230 cunda
575 3182 729 3246 parte
769 3177 994 3232 rationis
1032 3175 1307 3232 dubitandi
1335 3176 1805 3249 proponebantur.
1835 3179 1950 3235 Pri-

350 3279 476 3320 mus
505 3270 626 3321 erat
651 3267 1037 3337 taxarepretia
1065 3281 1276 3333 rerum,
1305 3265 1512 3340 dequo
1541 3281 1752 3338 assero,
1782 3269 1950 3338 perti·

351 3369 484 3411 nere
515 3354 584 3410 ad
625 3345 885 3412 effectum
931 3354 1325 3428 praecipiendi,
1355 3356 1441 3413 vel
1469 3354 1823 3429 prohibendi,
1855 3362 1954 3413 aut

353 3443 738 3518 permittendi,
769 3444 853 3500 vel
883 3451 1034 3502 certe
1063 3444 1269 3516 aliquid
1297 3445 1364 3501 de
1389 3445 1616 3516 singulis
1638 3444 1945 3518 includere,

351 3533 627 3596 ordinarie
667 3533 815 3590 enim
855 3534 1110 3591 videntur
1142 3534 1277 3590 tales
1305 3533 1451 3606 leges
1487 3533 1614 3589 ferri
1643 3549 1740 3605 per
1768 3534 1950 3604 prohi-

303 3667 310 3673 .
349 3620 650 3694 bitionem,
685 3638 753 3679 ne
779 3623 902 3679 talis
941 3638 1030 3680 res
1060 3623 1231 3694 pluris
1261 3620 1561 3692 vendatur,
1593 3637 1760 3693 quam
1789 3623 1948 3696 tanti,

340 3710 437 3768 vel
480 3727 548 3768 ne
590 3713 787 3769 minori
827 3713 1002 3784 pretio
1043 3718 1290 3782 ematur,
1323 3727 1490 3783 quam
1531 3711 1646 3766 tali.
1676 3711 1748 3766 Et
1787 3711 1951 3768 inter-

351 3799 486 3858 dum
514 3808 698 3873 potest
726 3810 1025 3875 utrumque
1053 3802 1314 3874 praecipi,
1347 3799 1578 3872 scilicet,
1611 3807 1675 3858 ut
1705 3815 1792 3856 res
1823 3815 1953 3856 ven-

351 3891 550 3964 datur,
588 3899 647 3948 et
687 3899 750 3948 ut
792 3893 924 3949 tanti
962 3890 1262 3949 vendatur:
1294 3890 1639 3963 frequentius
1669 3905 1801 3946 vero
1828 3905 1954 3962 per-

351 3973 592 4038 mittitur
634 3983 904 4050 venditio;
959 3988 1178 4038 taxatur
1217 3986 1402 4037 autem
1444 3981 1678 4050 pretium
1717 3994 1816 4050 per
1855 3979 1950 4035 ali·

351 4049 521 4143 quam
565 4071 1009 4142 prohibitionem,
1052 4076 1118 4127 ut
1157 4069 1287 4126 dixi.
1335 4069 1456 4135 Vel,
1504 4071 1549 4124 si
1592 4067 1820 4124 velimus
1850 4085 1949 4141 per

353 4161 584 4218 modum
625 4161 940 4217 affirmativi
981 4161 1262 4232 praecepti
1307 4157 1436 4216 illud
1477 4158 1791 4230 explicare,
1849 4160 1956 4217 erit

353 4252 512 4322 quasi
543 4251 648 4306 sub
673 4250 1010 4318 conditione,
1043 4264 1142 4305 seu
1169 4249 1352 4322 quoad
1381 4247 1604 4305 modum
1633 4253 1816 4320 actus,
1843 4264 1954 4304 non

353 4339 535 4412 quoad
565 4340 922 4408 exercitium,
955 4339 1172 4395 scilicet
1198 4341 1242 4394 si
1270 4339 1394 4413 quis
1425 4338 1660 4395 voluerit
1686 4337 1952 4412 vendere,

354 4435 456 4486 aut
478 4445 682 4498 emere,
715 4429 846 4486 tanti
875 4429 932 4486 id
961 4428 1142 4486 saciat.
1172 4431 1286 4486 Nec
1316 4428 1518 4501 refert,
1548 4426 1698 4501 quod
1731 4427 1816 4484 lex
1845 4444 1956 4484 non

353 4520 564 4577 seratur
594 4535 692 4591 per
720 4519 941 4591 propria
969 4518 1136 4576 verba
1165 4519 1472 4591 praecepti,
1504 4517 1601 4574 sed
1628 4532 1726 4589 per
1753 4517 1946 4584 verba,

245 4667 258 4673 ,
353 4625 498 4682 quae
539 4611 696 4665 circa
723 4608 1004 4664 materiam
1042 4613 1362 4678 versantur,
1394 4605 1632 4663 taxando
1661 4606 1839 4680 illam,
1869 4607 1956 4663 vel

357 4697 561 4771 aliquid
601 4697 804 4768 simile,
851 4698 1010 4769 quia,
1054 4705 1119 4754 ut
1165 4694 1369 4753 dicitur
1409 4696 1458 4751 in
1500 4696 1537 4752 l.
1585 4711 1722 4752 cum
1757 4699 1948 4770 pater,

353 4795 386 4854 s
413 4787 756 4844 donationis
775 4830 790 4853 ‚
827 4786 880 4842 ff.
913 4785 979 4842 de
1007 4785 1172 4858 legat.
1207 4791 1271 4844 2:
1316 4789 1449 4842 Non
1474 4787 1682 4859 quaeri
1709 4789 1948 4858 oportet,

353 4893 494 4934 cum
514 4893 628 4950 quo
656 4875 728 4932 de
754 4877 1048 4948 supremis
1069 4877 1196 4947 quis
1224 4873 1524 4948 loquatur,
1559 4873 1663 4932 sed
1689 4877 1756 4931 in
1781 4889 1957 4948 quem

351 4964 677 5024 voluntatis
703 4966 948 5020 intentio
975 4962 1296 5036 diriqatur.

435 5063 490 5114 5.
525 5053 820 5112 Secundus
854 5053 1082 5110 effectus
1123 5059 1244 5110 erat
1275 5054 1609 5111 constituere
1639 5051 1878 5112 medium
1904 5051 1956 5109 in

355 5146 590 5206 materia
629 5143 874 5200 virtutis.
919 5144 996 5199 De
1023 5157 1136 5215 quo
1177 5141 1319 5200 idem
1356 5141 1650 5199 dicendum
1681 5147 1799 5214 est3
1830 5157 1958 5199 nam

355 5233 490 5296 illud
519 5249 626 5292 non
667 5235 758 5309 lit,
798 5234 899 5292 nisi
930 5231 1264 5309 prohibendo
1293 5275 1306 5307 ,
1339 5233 1422 5291 vel
1455 5233 1858 5308 praecipiendo.
1887 5231 1958 5294 Ut

2003 673 2371 730 comestiones
2400 688 2465 728 ex
2494 671 2613 728 aliis
2653 673 2966 744 permissis,
2998 673 3081 727 vel
3112 675 3155 728 si
3184 671 3421 728 medium
3448 671 3597 728 affir-

2003 761 2205 818 mative
2228 767 2524 826 statuatur,
2558 762 2789 832 pertinet
2817 761 2883 818 ad
2914 767 3289 832 praeceptum.
3321 763 3436 817 Hoc
3458 763 3603 818 enim

2001 849 2166 906 modo
2210 851 2291 907 lex
2340 851 2681 922 praecipiens
2724 849 2913 908 audire
2953 853 3175 908 missam
3212 853 3265 908 in
3311 851 3396 908 die
3435 852 3601 922 sesto,

2003 941 2297 998 constituit
2325 941 2377 996 in
2404 957 2511 996 usu
2536 939 2681 996 illius
2706 940 2948 997 medium
2970 941 3185 998 virtutis
3206 941 3475 1014 religionis
3501 957 3603 1013 pro

2005 1029 2096 1086 tali
2146 1037 2429 1100 tempore,
2472 1031 2603 1102 quia
2644 1043 2743 1100 pro
2782 1029 2874 1084 illo
2914 1029 3039 1084 iacit
3070 1030 3229 1086 talem
3260 1039 3449 1086 actum
3476 1045 3598 1086 esse

2005 1119 2379 1178 necessarium
2410 1119 2475 1176 ad
2508 1120 2852 1176 honestatem
2882 1119 3024 1174 illius
3046 1119 3283 1188 virtutis,
3309 1117 3461 1192 quod
3488 1135 3597 1176 non

2005 1211 2097 1280 iit,
2131 1210 2232 1264 nisi
2262 1206 2592 1280 imponendo
2620 1208 3001 1281 obligationem
3032 1207 3153 1266 talis
3185 1215 3343 1266 actus
3372 1225 3471 1281 pro
3507 1208 3599 1265 tali

2006 1306 2273 1369 tempore.

2085 1393 2138 1446 6.
2170 1388 2383 1445 Tertius
2408 1388 2639 1444 effectus
2667 1393 2786 1444 erat
2810 1387 3042 1445 sormam
3066 1388 3115 1444 in
3151 1389 3399 1446 humanis
3428 1392 3601 1448 actio-

2009 1477 2170 1534 nibus
2210 1493 2445 1550 ponere,
2490 1476 2708 1534 scilicet
2746 1484 2812 1534 ut
2850 1479 2979 1534 fiant
3017 1479 3140 1551 tali,
3170 1480 3252 1536 vel
3281 1481 3373 1537 tali
3406 1481 3599 1554 modo,

2011 1568 2115 1623 sub
2137 1583 2249 1639 quo
2273 1565 2787 1638 comprehendimus
2808 1570 3169 1626 irritationem
3190 1574 3603 1642 contractuum,

2009 1664 2065 1712 et
2094 1655 2573 1713 inhabilitationem
2618 1671 3005 1727 personarum,
3040 1658 3121 1714 vel
3150 1659 3215 1715 ad
3247 1658 3367 1715 illos
3394 1659 3607 1731 simpli-

2011 1747 2150 1802 citer
2170 1786 2185 1811 ,
2218 1744 2303 1800 vel
2346 1745 2415 1801 ad
2454 1741 2576 1802 illos
2618 1745 2709 1802 tali
2740 1752 2836 1803 aut
2866 1745 2956 1802 tali
2987 1747 3147 1804 modo
3176 1747 3487 1820 iaciendoS,
3517 1747 3603 1804 vel

2011 1833 2076 1891 ad
2109 1835 2234 1891 talia
2262 1850 2527 1907 munera,
2558 1842 2668 1891 etc.
2701 1837 2775 1892 De
2803 1852 2914 1908 quo
2943 1837 3143 1894 effectu
3172 1853 3370 1910 genera
3385 1840 3479 1895 tim
3502 1838 3612 1896 dici

2010 1931 2195 1996 potest
2250 1924 2354 1980 sub
2403 1931 2697 1998 praecepto
2747 1925 3161 1998 comprehendi,
3209 1934 3479 2000 quatenus
3524 1927 3612 1986 lex

2010 2012 2104 2070 dat
2133 2013 2365 2070 sormam
2408 2013 2655 2083 actibus,
2686 2021 2741 2070 et
2777 2016 2879 2070 sub
2909 2015 3301 2086 prohibitione,
3334 2024 3611 2088 quatenus

2011 2103 2136 2160 illos
2178 2104 2377 2160 irritat.
2412 2103 2517 2160 Sed
2555 2103 2661 2160 hoc
2702 2105 2972 2176 posterius
3013 2104 3177 2161 babet
3204 2105 3607 2178 difficultatem,

2012 2194 2141 2267 quia
2161 2193 2230 2249 ad
2258 2192 2581 2249 irritandum
2613 2209 2715 2249 non
2747 2193 2955 2251 sufficit
2984 2195 3305 2266 prohibitio,
3335 2196 3499 2264 etiam
3530 2195 3611 2252 ‹ti-

2014 2289 2203 2356 recta,
2240 2289 2303 2339 ut
2330 2299 2431 2339 suo
2475 2283 2597 2340 loco
2623 2282 2869 2354 dicetur,
2900 2299 3031 2356 ergo
3060 2285 3292 2342 irritatio
3316 2284 3457 2342 dicit
3486 2300 3610 2357 spe-

2014 2373 2211 2429 cialem
2267 2371 2523 2428 effectum
2581 2386 2613 2428 a
2664 2372 3027 2443 prohibitione
3078 2372 3413 2431 distinctum.
3476 2377 3612 2432 Nam

2014 2460 2339 2535 prohibitio,
2372 2467 2436 2516 ut
2460 2462 2571 2532 sic,
2606 2476 2715 2517 non
2758 2460 2899 2517 tollit
2938 2460 3246 2518 absolutam
3278 2468 3606 2533 potestatem

2018 2549 2245 2607 faciendi
2274 2556 2494 2620 actum,
2528 2549 2621 2605 sed
2656 2549 2804 2619 iacit,
2837 2566 2903 2607 ne
2932 2551 3119 2624 liceat3
3153 2549 3210 2607 a't
3236 2553 3466 2608 irritatio
3496 2553 3605 2623 pri·

2015 2647 2108 2696 vat
2135 2645 2404 2712 potestate
2435 2638 2665 2696 faciendi
2690 2638 2862 2695 valide
2886 2646 3096 2712 actum,
3123 2648 3209 2697 est
3227 2656 3358 2714 ergo
3381 2641 3611 2698 effectus

2014 2729 2328 2787 distinctus.
2376 2730 2446 2785 Et
2484 2727 2607 2784 ideo
2648 2727 2768 2784 addi
2813 2735 3042 2801 potest,
3082 2730 3439 2787 irritationem
3484 2745 3608 2786 esse

2017 2818 2241 2891 quidem
2272 2818 2589 2874 distinctum
2626 2817 2877 2875 effectum
2909 2833 2939 2875 a
2977 2819 3361 2893 prohibitione,
3392 2835 3609 2892 semper

2021 2915 2202 2964 tamen
2234 2906 2457 2978 adiungi
2484 2906 2849 2978 prohibitioni,
2878 2913 2935 2962 et
2956 2907 3154 2964 habere
3183 2909 3449 2966 rationem
3478 2924 3608 2981 poe-

2017 3013 2118 3054 nae
2141 3038 2156 3068 ,
2186 2997 2270 3055 vel
2298 2997 2543 3054 eiusdem
2573 2995 2951 3067 prohibitionis
2976 2997 3204 3054 violatae
3223 3040 3237 3068 ,
3268 2998 3358 3055 vel
3386 2998 3610 3056 alterius

2017 3086 2231 3159 culpae.
2266 3087 2655 3142 Verumtamen
2698 3084 2828 3142 licet
2863 3086 2963 3141 hae
2992 3086 3321 3143 irritationes
3350 3087 3432 3143 vel
3459 3087 3611 3144 inha-

2017 3175 2349 3234 bilitationes
2390 3188 2551 3245 saepe
2590 3172 2892 3230 inserantur
2933 3189 3029 3246 per
3072 3174 3218 3246 leges
3254 3176 3303 3230 in
3348 3191 3601 3248 poenam,

2015 3281 2114 3339 per
2142 3281 2203 3322 se
2234 3272 2409 3322 tamen
2438 3280 2547 3321 non
2574 3265 2648 3319 ita
2668 3268 2787 3330 θεὶς
2816 3277 2941 3319 nam
2961 3263 3319 3322 inhabilitatio
3348 3263 3613 3322 sacerdo-

2021 3359 2087 3412 tis
2117 3354 2186 3412 ad
2213 3353 2617 3412 matrimonium
2645 3368 2753 3409 non
2780 3359 2866 3409 est
2893 3367 3086 3428 poena,
3123 3369 3222 3411 aec
3252 3355 3481 3411 irritatio
3504 3368 3617 3411 ma·

2019 3445 2262 3502 trimonii
2304 3444 2421 3500 sine
2461 3442 2739 3515 parocho,
2780 3449 2837 3499 et
2880 3444 3141 3514 testibus,
3172 3451 3230 3500 et
3254 3445 3464 3502 similia.
3496 3445 3613 3502 Dici

2019 3534 2174 3591 aliter
2215 3540 2429 3607 potest,
2474 3533 2619 3589 hunc
2661 3531 2915 3589 effectum
2956 3547 3076 3588 esse
3118 3533 3409 3605 specialem
3448 3538 3503 3590 et
3531 3533 3612 3590 di·
3712 3567 3732 3586 .

2019 3623 2281 3680 stinctum
2313 3622 2381 3678 ab
2420 3620 2524 3677 illis
2552 3627 2825 3694 quatuor3
2860 3627 3038 3677 tamen
3068 3637 3190 3678 esse
3218 3621 3509 3694 specialem
3538 3622 3614 3678 le-

2019 3714 2106 3784 gis
2148 3710 2449 3782 humanae,
2490 3718 2546 3766 et
2584 3709 2701 3766 ideo
2742 3725 2853 3765 non
2895 3711 3179 3782 assignari.
3217 3709 3322 3768 Sed
3366 3711 3469 3768 hoc
3501 3727 3613 3769 non

2021 3800 2325 3872 satisfacit,
2368 3807 2488 3857 tum
2526 3801 2807 3872 quia;qui
2837 3797 3211 3872 distinguunt,
3243 3807 3299 3856 et
3326 3807 3619 3858 numerant

1989 3891 2144 3974 *illos
2174 3896 2419 3963 quatuor
2446 3889 2706 3960 effectus,
2740 3889 3029 3960 praecipue
3069 3889 3377 3961 loquuntur
3404 3889 3474 3946 de
3502 3891 3619 3961 lege

2023 3979 2296 4049 humanm
2330 3984 2449 4034 tum
2478 3978 2643 4034 etiam
2676 3977 2802 4050 quia
2828 3977 2970 4034 forte
2996 3984 3343 4050 assumptum
3386 3994 3496 4034 non
3533 3985 3619 4036 est

2022 4083 2215 4125 verum
2235 4108 2251 4140 ,
2281 4072 2337 4124 et
2364 4082 2474 4122 non
2498 4071 2585 4122 est
2612 4082 2805 4137 parum
2836 4074 3286 4139 controversum,
3316 4083 3385 4122 an
3413 4067 3499 4124 lex
3522 4084 3619 4124 na-

2023 4156 2215 4213 turalis
2254 4154 2335 4212 vel
2376 4154 2555 4211 divina
2594 4155 2870 4211 interdum
2908 4156 3087 4212 irritet
3125 4162 3319 4226 actus,
3351 4157 3434 4212 vel
3465 4156 3618 4214 inha-

2023 4245 2193 4302 bilitet
2220 4260 2484 4317 personas
2512 4242 2578 4300 ad
2610 4243 2751 4314 illos,
2782 4242 2929 4316 quod
2958 4250 3150 4316 postca
3179 4244 3477 4302 videndum
3502 4252 3608 4309 est.

2089 4321 2155 4392 7.
2190 4332 2490 4390 Dicendum
2519 4347 2649 4404 ergo
2670 4338 2779 4400 est,
2810 4333 2956 4390 hunc
2980 4333 3237 4391 effectum
3259 4333 3505 4391 irritandi
3528 4334 3615 4396 vel

2021 4421 2391 4482 inhabilitandi
2432 4419 2536 4477 sub
2575 4420 2938 4492 prohibitione
2980 4421 3062 4478 vel
3103 4429 3395 4495 praecepto
3436 4425 3613 4482 conti-

2023 4515 2160 4572 neri.
2194 4511 2422 4570 Duobus
2448 4511 2595 4568 enim
2622 4510 2793 4567 modis
2820 4513 2937 4567 lieri
2964 4519 3147 4584 potest
3182 4512 3444 4587 irritatio,
3472 4514 3618 4571 scili·

2027 4611 2120 4661 cet
2166 4599 2591 4675 praescribendo
2638 4601 2869 4658 sormam
2916 4601 3293 4672 essentialem,
3344 4602 3459 4658 sine
3502 4617 3615 4677 qua

2025 4700 2186 4751 actus
2227 4708 2338 4748 non
2378 4691 2588 4762 valeat,
2631 4689 2717 4746 vel
2759 4689 3094 4761 prohibendo
3137 4691 3355 4746 omnino
3399 4698 3610 4750 actum.

2025 4785 2246 4840 Primus
2288 4785 2505 4852 spectat
2542 4778 2613 4835 ad
2651 4784 3007 4850 potestatem,
3051 4793 3217 4852 quam
3246 4780 3331 4837 lex
3360 4779 3521 4838 habet
3548 4783 3659 4842 ad.

2023 4872 2259 4932 taxanda
2298 4872 2473 4942 pretia
2512 4883 2697 4926 rerum
2726 4908 2741 4939 ,
2783 4884 2910 4924 nam
2950 4867 3193 4925 eiusdem
3233 4870 3457 4926 rationis
3488 4879 3621 4930 sunt

2023 4960 2403 5036 praescribere
2430 4957 2657 5016 modum
2686 4957 2739 5013 in
2769 4956 3103 5027 traslatione,
3124 4958 3506 5031 acquisitione,
3530 4959 3619 5017 vel

2025 5052 2319 5109 amissione
2361 5063 2587 5119 rerum3
2633 5045 2765 5103 haec
2808 5053 2992 5104 autem
3034 5047 3216 5104 omnia
3244 5047 3379 5104 fiunt
3409 5051 3621 5119 praeci·

2023 5139 2220 5216 piendo
2244 5137 2436 5196 saltem
2462 5135 2686 5194 modum
2708 5133 2993 5212 operandi,
3018 5133 3104 5190 vel
3126 5134 3459 5206 prohibendo
3483 5137 3619 5195 alios

2027 5229 2263 5306 modos,
2304 5233 2369 5286 ut
2414 5224 2703 5285 declaravi.
2749 5222 3041 5284 Secundus
3081 5229 3266 5283 autem
3305 5222 3503 5284 modus
3546 5223 3617 5290 ad
