4325 6267
1841 340 2050 390 CAPUT
2080 343 2142 390 V·

359 458 678 532 locutionis,
707 463 792 516 est
819 460 976 533 plane
1001 463 1296 535 confictus,
1327 470 1391 522 ut
1417 481 1586 538 supra
1613 464 1878 522 diximus:
1906 465 1949 520 si

358 557 541 606 autem
569 555 659 606 est
684 549 887 606 locutio
915 550 1122 624 aliqua,
1149 551 1366 610 habebit
1385 555 1647 612 rationem
1669 555 1830 628 signi3
1854 554 1954 626 igi-

361 645 456 694 tur
493 653 606 694 non
648 644 759 696 tam
796 641 901 697 erit
940 639 1060 712 lex,
1095 657 1262 714 quam
1302 644 1518 716 signum
1557 643 1718 716 legis,
1759 644 1840 700 vel
1882 642 1951 700 ad

357 743 641 786 summum
660 727 878 786 dicetur
899 728 1006 800 lex,
1029 730 1175 788 sieut
1193 730 1282 792 lex
1305 733 1530 804 scripta.
1553 741 1649 790 aut
1667 748 1802 788 voce
1825 747 1951 804 pro-

359 817 469 874 lata
507 815 594 872 lex
623 823 875 874 vocatur.
907 820 978 874 At
1005 835 1134 876 vero
1163 819 1297 876 haec
1329 821 1412 880 lex
1442 828 1662 880 externa
1693 838 1789 878 seu
1817 823 1954 878 scri-

357 913 453 980 pta
488 921 596 962 non
641 905 804 964 babet
839 909 949 964 vim
977 907 1142 982 logie,
1173 912 1274 968 nisi
1300 913 1428 986 quia
1459 912 1728 986 significat
1751 910 1954 986 aliquid

357 993 508 1052 aliud
523 1037 538 1062 ,
566 997 620 1052 in
647 1011 760 1068 quo
781 1003 872 1054 est
897 997 1072 1055 virtus
1093 999 1248 1071 legis,
1271 1008 1330 1058 et
1349 1000 1468 1058 ideo
1491 1004 1800 1060 necessario
1826 1017 1954 1072 sup-

361 1085 516 1157 ponit
551 1083 696 1141 allud
719 1126 734 1156 ,
772 1085 924 1158 quod
963 1088 1333 1160 principaliter
1367 1092 1438 1148 sit
1475 1090 1588 1163 lex3
1629 1098 1690 1148 et
1713 1091 1818 1148 hoc
1847 1097 1950 1162 est,

357 1172 508 1246 quod
539 1174 886 1248 inquirimus.
917 1173 1030 1234 Nec
1061 1180 1222 1236 etiam
1249 1179 1356 1237 dici
1387 1188 1592 1253 potest,
1621 1181 1952 1260 locutionem

361 1260 512 1319 illam
537 1263 826 1336 internam,
859 1273 1026 1336 prout
1052 1267 1438 1326 consideratur
1464 1271 1520 1325 in
1549 1277 1726 1328 mente
1755 1271 1954 1342 princi-

367 1353 485 1425 pis,
511 1367 636 1408 esse
665 1351 836 1426 legem
853 1395 870 1425 ,
899 1356 1030 1428 quia
1057 1357 1223 1414 etiam
1252 1357 1340 1415 illa
1366 1359 1548 1438 solum
1579 1359 1738 1416 habet
1765 1360 1870 1416 vim
1901 1365 1956 1416 et

363 1440 698 1514 efficaciam,
747 1450 1020 1526 qpatenus
1064 1451 1149 1504 est
1183 1447 1430 1522 signum3
1468 1464 1604 1523 ergo
1646 1448 1953 1505 necessario

364 1531 623 1604 supponit
645 1531 722 1602 id,
751 1533 902 1606 quod
931 1535 1296 1607 principaliter
1323 1544 1409 1595 est
1436 1536 1544 1594 lex.

443 1625 497 1680 4.
531 1624 820 1680 Praeterea
855 1626 1107 1682 occurrit
1135 1627 1380 1698 specialis
1408 1629 1546 1684 ratio
1573 1629 1626 1684 in
1655 1631 1795 1694 Deo,
1829 1645 1954 1699 pro-

368 1717 490 1783 pter
517 1727 684 1784 quam
723 1729 830 1770 non
874 1713 1122 1772 videatur
1151 1716 1268 1772 talis
1295 1723 1452 1774 actus
1479 1719 1528 1774 ei
1556 1716 1950 1787 attribuendus,

364 1807 626 1874 tanquam
667 1803 1011 1860 necessarius
1051 1803 1121 1861 ad
1164 1804 1337 1880 legem
1375 1805 1671 1865 serendam.
1709 1809 1844 1876 Quia
1871 1805 1953 1864 vel

367 1897 452 1946 est
490 1906 589 1961 per
629 1891 856 1949 modum
897 1892 1196 1965 impulsus,
1224 1899 1318 1969 qui
1349 1899 1417 1954 sit
1443 1899 1654 1955 activus
1681 1898 1746 1956 ad
1775 1905 1951 1969 extra,

365 1979 511 2037 sicut
541 1978 706 2052 aliqui
733 1979 886 2038 illum
916 1993 1146 2054 ponunt,
1175 1986 1342 2042 etiam
1367 1986 1420 2042 in
1448 1973 1558 2044 Deo
1583 1987 1893 2044 distinctum
1923 2003 1954 2042 a

367 2070 592 2141 proprio
631 2069 838 2127 iudicio
873 2079 932 2128 et
970 2074 1306 2148 cognitione,
1351 2075 1434 2132 vel
1469 2083 1560 2134 est
1597 2091 1695 2147 per
1732 2074 1952 2134 modum

365 2158 617 2216 mentalis
645 2160 965 2230 locutionis;
999 2171 1256 2220 neutrum
1284 2172 1468 2222 autem
1497 2166 1696 2223 horum
1725 2165 1829 2223 dici
1859 2183 1954 2238 po-

369 2255 498 2316 test3
527 2265 681 2322 ergo.
707 2250 878 2306 Minor
896 2252 1078 2323 quoad
1100 2255 1336 2324 priorem
1359 2262 1570 2326 partem
1593 2256 1808 2328 probari
1831 2272 1954 2326 pos-

370 2347 473 2410 set,
503 2339 842 2398 ostendendo
871 2341 1082 2400 nullum
1109 2359 1228 2412 esse
1259 2343 1420 2402 talem
1449 2352 1657 2414 actum,
1689 2347 1818 2420 quia
1837 2345 1954 2402 l'ru-

365 2435 480 2484 stra
507 2431 750 2502 ponitur,
782 2437 838 2487 et
863 2430 1080 2504 intelligi
1109 2449 1214 2489 non
1247 2442 1456 2504 potest:
1491 2434 1584 2492 sed
1613 2435 1718 2492 hoc
1741 2433 1972 2508 e'gimus‘

364 2516 416 2572 in
447 2519 623 2588 prima
643 2526 820 2590 parte,
854 2528 1021 2576 tract.
1053 2528 1111 2593 2,
1141 2520 1234 2579 lib.
1277 2529 1326 2594 1,
1355 2539 1480 2594 cap.
1523 2529 1604 2583 10.
1635 2527 1792 2582 Nunc
1824 2540 1951 2581 vero

365 2605 605 2664 breviter
639 2607 986 2676 declaratur,
1029 2611 1156 2683 quia
1195 2629 1262 2670 ex
1302 2621 1458 2685 parte
1499 2617 1589 2672 Dei
1631 2632 1734 2672 non
1773 2622 1956 2686 potest

363 2711 486 2754 esse
517 2699 861 2755 necessarius
899 2699 1022 2756 talis
1059 2700 1325 2772 impulsus
1353 2702 1420 2759 ad
1451 2703 1622 2776 legem
1651 2703 1951 2775 serendam,

271 2852 276 2858 ¹
364 2786 492 2858 quia
534 2789 680 2844 Deus
707 2787 929 2844 serendo
957 2789 1132 2862 legem
1163 2807 1268 2846 non
1299 2793 1525 2864 impellit
1549 2793 1774 2870 physice
1801 2793 1869 2852 ad
1898 2811 1954 2850 a-

364 2880 520 2931 ctum
567 2875 682 2948 lege
720 2886 1108 2949 praeceptum,
1137 2879 1232 2936 sed
1271 2881 1450 2938 solum
1493 2883 1644 2954 ponit
1679 2881 1954 2956 obligatio-

361 2979 486 3020 nem
505 3005 522 3036 ,
550 2981 696 3038 quae
720 2971 808 3023 est
834 2965 968 3040 quid
997 2968 1222 3040 morale,
1249 2976 1307 3026 et
1333 2987 1438 3026 non
1467 2979 1650 3043 potest
1674 2972 1762 3028 illo
1789 2973 1953 3030 modo

365 3051 598 3128 physico
629 3055 738 3112 lieri
757 3095 772 3126 ‚
805 3061 870 3114 ut
897 3055 1111 3114 videtur
1140 3073 1237 3129 per
1265 3075 1324 3116 se
1349 3059 1583 3117 clarum.
1615 3061 1798 3118 Altera
1825 3078 1954 3118 vero

363 3157 491 3214 pars
538 3143 761 3200 minoris
801 3143 870 3202 de
897 3145 1172 3204 locutione
1208 3154 1352 3218 patet
1379 3149 1563 3221 facile,
1593 3153 1722 3222 quin
1750 3150 1954 3208 locutio

363 3232 458 3288 Dei
501 3230 568 3288 ad
607 3239 762 3289 extra
803 3249 909 3292 non
952 3242 1070 3306 est,
1101 3236 1198 3292 nisi
1226 3237 1419 3294 infusio
1448 3238 1690 3310 luminis,
1723 3239 1806 3296 vel
1835 3255 1956 3312 spe-

363 3319 608 3390 cierum,
641 3321 726 3378 vel
753 3321 1007 3400 exhibitio
1036 3324 1270 3382 alicuius
1297 3327 1432 3398 signi
1459 3328 1850 3385 manifestantis
1877 3331 1958 3401 ip-

368 3427 524 3484 sum,
568 3411 650 3468 vel
693 3413 812 3470 eius
853 3412 1220 3486 voluntatem3
1266 3417 1442 3473 totum
1481 3424 1666 3474 autem
1697 3417 1798 3475 hoc
1830 3419 1959 3480 lacit

365 3503 514 3558 Deus
554 3517 652 3574 per
694 3500 1032 3561 voluntatem
1069 3519 1264 3576 suam,
1301 3521 1403 3562 nec
1431 3504 1499 3563 ad
1527 3505 1672 3562 hune
1701 3507 1954 3565 ellectum

364 3595 448 3645 est
473 3589 646 3662 magis
673 3593 1021 3648 necessarius
1043 3592 1182 3649 alius
1205 3593 1494 3667 impulsus,
1519 3595 1599 3652 vel
1622 3605 1780 3654 actus
1804 3597 1957 3654 intel-

363 3675 546 3734 lectus
571 3679 844 3751 posterior
867 3687 996 3736 actu
1022 3681 1334 3750 voluntatis,
1353 3700 1516 3756 quam
1539 3685 1606 3741 ad
1629 3686 1780 3742 alios.
1795 3687 1957 3745 Nullo

365 3783 500 3840 ergo
543 3769 706 3826 modo
747 3775 931 3840 potest
963 3771 1016 3826 in
1055 3772 1164 3827 Deo
1192 3771 1274 3827 lex
1303 3773 1564 3830 constitui
1593 3774 1642 3830 in
1671 3784 1800 3833 actu
1827 3791 1958 3833 con-

366 3865 632 3930 sequente
661 3857 1022 3918 voluntatem.
1051 3858 1202 3917 Unde
1229 3861 1372 3918 idem
1397 3869 1484 3920 est
1509 3863 1576 3920 de
1597 3864 1838 3936 quolibet
1856 3864 1956 3921 alio

367 3944 710 4020 legislatore,
753 3949 884 4020 quia
920 3963 1107 4004 omnes
1148 3949 1472 4022 participant
1497 3953 1764 4010 rationem
1795 3952 1955 4026 legis,

366 4051 509 4107 quae
540 4037 592 4091 in
625 4039 738 4092 Deo
765 4041 850 4092 est
877 4053 975 4108 per
1000 4040 1292 4096 essentiam
1311 4082 1326 4111 ,
1353 4045 1410 4096 et
1432 4039 1552 4098 ideo
1579 4057 1709 4116 cum
1731 4057 1960 4114 propor-

367 4125 516 4181 tione
547 4123 694 4180 illam
723 4125 1022 4182 imitantur.
1267 4123 1270 4130 '

444 4221 502 4294 5.
529 4215 630 4272 Est
656 4231 790 4290 ergo
830 4214 1074 4273 secunda
1111 4217 1290 4288 opinio
1319 4217 1627 4290 principalis
1654 4218 1954 4291 affirmans,

369 4303 542 4378 legem
583 4320 706 4362 esse
754 4305 1280 4374 actunbvoluntatis
1321 4305 1662 4380 legislatoris.
1707 4310 1810 4367 Pro
1853 4309 1955 4365 hac

367 4393 636 4451 seutentia
671 4393 860 4450 referri
902 4401 1134 4466 possunt
1173 4411 1394 4466 omnes,
1424 4398 1517 4469 qui
1553 4404 1767 4468 ponunt
1791 4400 1958 4470 impe-

367 4483 509 4540 rium
550 4483 602 4538 in
637 4482 944 4549 voluntate,
987 4490 1046 4540 ut
1072 4485 1236 4542 Henr.
1269 4484 1514 4558 quodlib.
1545 4491 1604 4558 9,
1631 4503 1687 4561 q.
1723 4494 1790 4557 63
1821 4488 1954 4548 Gab.

369 4575 426 4630 in
452 4578 520 4644 2,
550 4573 610 4630 (1.
647 4575 740 4646 37,
769 4589 827 4646 q.
866 4579 918 4644 1,
947 4581 1050 4630 art.
1093 4580 1142 4644 1,
1173 4580 1286 4632 not.
1319 4579 1382 4644 33
1415 4577 1578 4634 Maior
1605 4578 1658 4633 in
1689 4582 1743 4648 3,
1772 4577 1828 4635 d.
1863 4583 1954 4648 33,

371 4680 432 4737 q.
467 4667 522 4734 7,
553 4663 784 4722 Ochum.
815 4663 868 4719 in
899 4667 954 4730 3,
983 4679 1040 4736 q.
1069 4670 1168 4732 22,
1198 4673 1303 4722 art.
1337 4670 1404 4738 ⁴3
1433 4666 1668 4723 Almain.
1704 4673 1864 4725 tract.
1899 4673 1952 4726 3.

375 4753 731 4820 Moralium,
764 4769 887 4826 cap.
915 4758 980 4824 2;
1013 4757 1238 4826 Angest.
1261 4756 1315 4811 in
1341 4756 1530 4813 Moral.
1557 4762 1720 4812 tract.
1757 4762 1803 4824 1,
1829 4762 1957 4828 p.3,

371 4842 573 4900 (ποι-011.
601 4847 654 4902 3.
681 4844 854 4900 Sentit
877 4842 1038 4899 etiam
1066 4843 1362 4900 Bonavent.
1392 4845 1442 4900 in
1473 4849 1527 4914 3,
1559 4844 1616 4902 (1.
1655 4849 1741 4912 17,
1765 4854 1872 4903 art.
1909 4852 1956 4918 1,

376 4948 435 5005 q.
479 4938 526 5005 1,
557 4931 625 4988 ad
649 4930 862 5004 penult.
896 4931 986 4988 ubi
1015 4932 1110 5000 ait,
1141 4931 1506 4990 voluntalem
1533 4949 1654 4990 esse
1671 4933 1840 5000 illud,
1861 4951 1962 5009 pe·

371 5037 472 5080 nes
487 5020 648 5094 quod
665 5019 876 5079 residet
893 5037 1144 5092 requam
1163 5025 1218 5078 et
1235 5024 1555 5096 imperium
1569 5039 1792 5090 eorum,
1810 5039 1962 5096 quae

374 5115 516 5168 sunt
534 5114 601 5168 in.
621 5114 748 5186 ipso
766 5109 1004 5168 colente.
1021 5109 1168 5166 ldem
1191 5110 1382 5168 Medin.
1407 5110 1541 5168 Cod.
1565 5111 1630 5168 de
1653 5120 1794 5170 orat.
1819 5130 1872 5186 q.
1901 5118 1958 5172 2.

373 5201 649 5260 Tribuitur
667 5201 829 5261 etiam
851 5201 1092 5260 Duraud.
1120 5208 1174 5259 et
1197 5201 1422 5276 Gregor.
1457 5202 1510 5259 iu
1539 5206 1559 5262 l
1586 5245 1600 5274 ,
1625 5200 1679 5260 d.
1709 5205 1802 5274 ⁴7,
1827 5218 1963 5276 qua-

3438 325 3524 386 19·

2019 471 2181 520 tenus
2216 470 2473 522 asserunt
2494 507 2509 535 ,
2540 463 2875 522 voluntatem
2911 463 3147 522 divinam
3182 479 3305 522 esse
3330 463 3602 539 regulam,

2019 553 2113 610 cui
2150 568 2340 610 omnes
2380 559 2627 610 tenemur
2667 554 3015 611 conformari.
3056 555 3268 612 Citatur
3302 554 3465 611 etiam
3500 570 3603 626 pro

2019 641 2124 698 bac
2161 643 2431 700 sententia
2456 644 2611 700 Scot.
2644 642 2693 698 in
2722 647 2779 712 2,
2802 641 2857 698 (1.
2892 647 2959 714 6,
2988 659 3047 716 q.
3084 647 3138 715 1,
3166 645 3221 700 et
3243 641 3299 700 d.
3330 647 3424 715 38,
3454 659 3509 716 q.
3550 647 3599 712 1,

2022 730 2090 788 ad
2132 730 2235 789 ult.
2274 739 2333 788 et
2370 730 2616 805 quodlib.
2656 734 2753 802 17,
2792 739 3066 804 quatenus
3101 731 3183 788 his
3220 731 3353 788 locis
3392 734 3497 798 ait,
3540 732 3607 788 ad

2019 821 2359 880 voluntatem
2380 823 2652 895 pertinere
2674 819 2923 878 ordinare
2944 821 3109 878 alium
3132 821 3199 880 ad
3214 819 3416 895 aliquid
3444 839 3607 896 agen-

2019 910 2174 968 dum.
2204 913 2275 968 Et
2298 912 2351 966 in
2384 915 2440 980 3,
2470 909 2525 966 (1.
2562 914 2654 976 36,
2682 925 2742 982 q.
2780 914 2828 982 1,
2852 926 2905 966 a.
2930 915 2987 982 2,
3010 910 3271 968 voluntati
3294 911 3487 968 tribuit
3505 913 3608 966 im-

2019 1016 2235 1073 perare.
2257 1000 2515 1058 Eamdem
2546 998 2848 1071 opinionem
2870 998 2979 1058 late
3006 999 3243 1057 defendit
3267 1001 3417 1056 Cast.
3432 1000 3523 1057 lib.
3540 1006 3595 1058 2.

2023 1089 2095 1146 de
2122 1089 2247 1163 leqe
2268 1088 2527 1164 poenali,
2561 1105 2685 1162 cap.
2726 1091 2775 1146 1.

2101 1178 2331 1238 suaderi
2372 1185 2557 1236 autem
2600 1184 2783 1250 potest
2821 1178 3027 1249 primo,
3068 1178 3199 1249 quia
3236 1179 3517 1250 Scriptura
3554 1187 3614 1235 et

2021 1269 2201 1327 civilia
2239 1270 2361 1325 iu‘ra
2396 1268 2727 1324 voluntatem
2764 1267 2857 1323 Dei
2902 1272 2999 1324 aut
3024 1266 3287 1338 principis
3317 1267 3489 1339 legem
3518 1283 3613 1338 op·

2027 1358 2254 1430 pellant,
2285 1357 2421 1429 pspl.
2458 1359 2562 1414 32:
2592 1361 2781 1413 Notas
2790 1353 2945 1428 fecit
2968 1357 3099 1412 vias
3122 1371 3267 1412 swas
3298 1348 3509 1430 Moysi,
3530 1355 3613 1427 fi·-

2023 1446 2124 1504 liis
2160 1445 2355 1504 Israel
2386 1445 2719 1502 voluntates
2752 1461 2928 1512 suas,
2963 1443 3017 1501 id
3045 1451 3132 1500 est
3156 1449 3451 1514 praecepta
3479 1461 3610 1514 sua3

2023 1542 2080 1592 et
2107 1535 2245 1608 psal.
2278 1539 2376 1594 1-12
2399 1554 2413 1588 2
2437 1539 2595 1592 Doce
2614 1532 2932 1604 mefacere
2950 1533 3315 1591 voluntatem
3334 1539 3531 1602 tuam;
3554 1539 3583 1591 2
3596 1576 3609 1590 .

2023 1625 2273 1682 Machab.
2308 1627 2491 1683 lzDet
2516 1625 2675 1682 vobis
2700 1639 2804 1680 cor
2831 1623 3119 1685 omnibus,
3144 1628 3213 1680 ut
3231 1621 3437 1681 colatis
3456 1641 3606 1690 eum,

2023 1719 2078 1770 et
2088 1713 2348 1785 faciatis
2376 1717 2501 1770 eius
2528 1713 2905 1780 voluntatem,
2942 1711 2993 1769 id
3023 1719 3127 1786 est,
3152 1714 3378 1770 servetis
3398 1715 3517 1771 eius
3540 1714 3613 1771 le·

2023 1819 2169 1878 gem.
2202 1805 2289 1862 Sic
2314 1803 2451 1861 dixit
2468 1803 2719 1860 Christus
2748 1804 3009 1859 Dominus
3037 1803 3091 1858 in
3120 1803 3366 1884 oratione
3388 1804 3613 1860 domini-

2023 1909 2118 1950 ca:
2151 1897 2293 1950 Fiat
2317 1891 2589 1952 voluntas
2616 1895 2755 1958 tica,
2789 1891 2843 1948 id
2871 1897 2985 1964 est,
3014 1898 3267 1949 servetur
3294 1891 3379 1949 lex
3406 1900 3529 1966 tua3
3558 1900 3619 1950 et

2024 1982 2076 2039 in
2115 1984 2363 2039 oratione
2390 1983 2443 2038 in
2472 1981 2635 2038 horto
2662 1981 2825 2039 dixit:
2856 1985 2995 2038 Non
3021 1996 3158 2040 mea
3180 1980 3481 2048 voluntas,
3514 1979 3619 2038 sed
3644 2042 3665 2050 ,

2022 2075 2134 2130 tua
2147 2072 2287 2145 fiat,
2322 2071 2375 2128 id
2402 2077 2489 2128 est
2519 2079 2678 2128 tuum
2706 2076 3091 2142 praeceptum3
3124 2070 3203 2126 sic
3228 2073 3373 2128 enim
3400 2069 3466 2127 de
3492 2072 3613 2142 ipso

2023 2163 2293 2234 scriptum
2320 2168 2440 2218 erat
2467 2160 2604 2233 psal.
2634 2166 2726 2234 39:
2752 2163 2827 2218 In
2853 2163 3048 2234 capite
3068 2159 3205 2216 libri
3224 2164 3513 2234 scriptam
3534 2163 3619 2216 est

2021 2251 2096 2308 de
2121 2268 2245 2318 me,
2277 2255 2341 2308 iat
2362 2249 2643 2322 facerem
2668 2249 3035 2308 voluntatem
3061 2254 3259 2306 tuam.
3286 2235 3615 2322 Responderi

2023 2340 2167 2398 solet
2200 2357 2265 2398 ex
2306 2343 2564 2414 Magistro
2602 2342 2655 2396 in
2690 2344 2739 2410 1,
2768 2339 2827 2396 d.
2862 2342 2957 2411 47,
2986 2346 3044 2396 et
3068 2339 3124 2396 d.
3152 2339 3342 2396 Thom.
3382 2345 3431 2398 1.
3466 2325 3525 2412 ps
3552 2357 3609 2414 q.

2031 2434 2119 2501 19,
2137 2437 2243 2487 art.
2264 2435 2319 2503 9,
2345 2432 2397 2487 in
2419 2431 2499 2487 his
2524 2429 2658 2488 locis
2680 2444 2800 2486 esse
2822 2443 3129 2486 sermonem
3152 2428 3219 2486 de
3244 2428 3519 2486 voluntate
3540 2431 3611 2485 si-

2019 2523 2136 2595 gni,
2161 2537 2303 2594 quae
2324 2537 2429 2577 non
2451 2523 2690 2592 proprie,
2716 2517 2811 2576 sed
2830 2518 3205 2590 metaphorice
3222 2517 3475 2576 voluntas
3498 2527 3603 2576 est.

2095 2612 2483 2668 Verumtamen
2512 2610 2639 2666 licet
2664 2609 2883 2682 signum
2908 2607 3203 2666 voluntatis
3240 2608 3609 2681 metaphorice

2023 2701 2276 2758 voluntas
2302 2700 2553 2768 dicatur,
2592 2714 2817 2756 necesse
2840 2705 2928 2757 est
2944 2739 2958 2768 ‚
2982 2704 3051 2753 ut
3077 2696 3311 2771 aliquam
3337 2698 3609 2770 propriam

2023 2791 2358 2848 voluntatem
2396 2787 2616 2846 indicet.
2648 2789 2763 2844 Cur
2796 2788 2940 2844 enim
2968 2786 3221 2844 voluntas
3247 2786 3613 2859 metaphorice

2022 2879 2336 2950 diceretur,
2376 2879 2479 2935 nisi
2518 2879 2645 2950 quia
2681 2875 3049 2934 habitudinem
3078 2875 3240 2933 habet
3264 2877 3333 2934 nd
3361 2878 3609 2935 volunta-

2025 2974 2134 3026 tem
2175 2965 2485 3041 propriam3
2528 2983 2633 3024 non
2665 2966 2830 3024 habet
2855 2971 3036 3024 autem
3063 2967 3221 3023 aliam
3248 2966 3611 3026 habitudinem

2024 3059 2125 3114 nisi
2167 3059 2340 3130 signi,
2378 3065 2435 3116 et
2470 3056 2589 3115 ideo
2627 3055 2883 3113 voluntas
2918 3057 3059 3128 signi
3092 3054 3329 3127 dicitur‘3
3360 3072 3492 3129 ergo
3520 3056 3611 3114 illa

2025 3147 2283 3204 voluntas
2319 3145 2617 3220 significata
2652 3150 2773 3217 est,
2810 3159 2952 3217 quae
2987 3145 3207 3216 proprie
3244 3144 3529 3215 impletur,
3558 3152 3617 3202 et

2025 3251 2167 3308 quae
2196 3235 2298 3292 illis
2328 3231 2465 3291 locis
2493 3233 2829 3306 significatur
2856 3232 3072 3288 nomine
3098 3232 3255 3304 legis.
3276 3232 3427 3290 Unde
3448 3235 3611 3290 etiam

2025 3326 2081 3381 in
2111 3325 2230 3381 iure
2260 3323 2405 3380 civili
2432 3323 2633 3380 dicitur
2662 3321 2747 3378 lex
2774 3320 2973 3378 habere
3002 3320 3339 3378 voluntatem
3366 3337 3545 3393 suam,
3572 3323 3609 3378 l.

2025 3418 2094 3472 in
2123 3413 2437 3486 ambimur,
2472 3413 2528 3469 ll'.
2559 3412 2626 3468 de
2654 3411 2812 3484 legib.
2842 3411 2973 3482 quia
3000 3409 3254 3467 nimirum
3278 3410 3361 3469 lex
3382 3411 3627 3484 scripta,-

2027 3521 2127 3562 seu
2151 3503 2387 3560 exterior
2414 3501 2619 3558 indicat
2646 3499 2983 3556 voluntatem
3012 3499 3290 3570 principis,
3320 3515 3461 3573 quae
3480 3498 3613 3556 dici·

2027 3603 2122 3652 tur
2149 3593 2409 3650 voluntas
2436 3591 2609 3663 ipsius
2633 3589 2805 3663 legis3
2833 3604 2967 3660 ergo
2998 3588 3119 3645 talis
3149 3587 3400 3646 voluntas
3421 3599 3507 3646 est
3528 3589 3613 3646 lex

2027 3687 2082 3741 in
2123 3684 2240 3756 ipso
2282 3681 2550 3754 principe.
2595 3677 2749 3738 Unde
2776 3677 2814 3734 l.
2856 3680 2904 3748 1,
2936 3677 2991 3734 ff.
3022 3675 3091 3736 de
3118 3679 3341 3734 constit.
3372 3679 3605 3750 princip.

2027 3780 2086 3830 et
2108 3773 2134 3842 ἓ
2157 3771 2262 3828 sed
2289 3777 2345 3828 et
2370 3768 2539 3843 quod.
2578 3771 2705 3826 lnst.
2729 3767 2799 3824 de
2825 3767 3225 3838 iureflnaturali,
3246 3775 3394 3840 gent.
3420 3775 3477 3825 et
3498 3769 3605 3826 civ.

2036 3860 2213 3936 Quod
2250 3863 2509 3935 principi
2538 3857 2797 3936 placuit,
2830 3855 3057 3930 dicitur,
3087 3857 3232 3931 leqis
3256 3859 3430 3916 habet
3454 3862 3612 3933 vipo-

2025 3968 2174 4008 rem.
2206 3953 2353 4019 Quae
2382 3951 2549 4006 verba
2586 3951 2699 4004 siue
2736 3946 2904 4006 dubio
2942 3954 3129 4006 actum
3156 3948 3449 4006 voluntatis
3478 3949 3612 4007 indi-

2027 4048 2177 4098 cant.
2212 4041 2466 4096 Similiter
2494 4037 2693 4096 adduci
2734 4043 2969 4108 possunt
3006 4035 3306 4108 philosophi
3344 4037 3611 4111 dicentes,

2027 4130 2203 4205 legem
2230 4146 2351 4186 esse
2376 4128 2677 4186 decretum
2702 4131 2759 4184 et
2780 4129 3115 4184 institutum
3138 4129 3413 4198 civitatis,
3440 4135 3505 4185 ut
3528 4135 3615 4186 est

2025 4219 2171 4292 apud
2200 4219 2337 4276 Plat.
2368 4217 2499 4275 dict.
2526 4218 2729 4289 Dialog.
2757 4219 2993 4277 Minos.-
3021 4214 3103 4272 vel
3128 4232 3251 4273 esse
3278 4232 3610 4275 consensum

2027 4308 2284 4379 civitatis,
2314 4316 2375 4365 ut
2395 4313 2481 4364 est
2500 4304 2645 4378 apud
2666 4304 2832 4362 Arist.
2855 4305 3022 4362 Rhet.
3048 4303 3112 4360 ad
3134 4304 3287 4362 Alex.
3318 4322 3369 4361 c.
3402 4309 3450 4363 1.
3476 4314 3534 4364 et
3552 4312 3609 4366 2.

2027 4401 2159 4458 Nam
2185 4398 2467 4454 decretum
2498 4394 2836 4467 propositum
2866 4394 3161 4450 voluntatis
3180 4394 3406 4464 indicat,
3428 4401 3483 4452 et
3501 4396 3616 4452 cla-

2027 4491 2144 4547 rius
2174 4503 2479 4546 consensus
2506 4492 2667 4541 actus
2686 4490 2772 4540 est
2794 4482 3111 4540 voluntatis.
3135 4482 3423 4541 Anselmus
3451 4484 3609 4542 etiam

2027 4581 2082 4636 in
2123 4577 2216 4634 lib.
2260 4575 2331 4633 de
2366 4573 2667 4632 voluntate
2706 4575 2850 4640 Dei,¹
2884 4571 3151 4631 voluntati
3190 4571 3395 4630 divinae
3423 4573 3615 4632 tribuit

2029 4672 2352 4741 praecepta,
2388 4673 2451 4742 ,et
2490 4663 2584 4719 lib.
2626 4661 2697 4718 de
2733 4664 3089 4736 conception.
3126 4662 3353 4735 Viryin.
3388 4678 3512 4736 cap.
3554 4667 3609 4722 4.

2028 4759 2297 4829 imperare
2325 4753 2519 4810 tribuit
2544 4748 2831 4808 voluntati.

2107 4849 2163 4902 6.
2194 4842 2451 4901 Secundo
2480 4839 2845 4914 principaliter
2870 4838 2920 4896 id
2948 4839 3159 4898 ostendi
3187 4846 3371 4913 potest
3392 4855 3459 4898 ex
3487 4858 3611 4914 pro·

2029 4932 2351 5006 prietatibus
2390 4931 2557 5004 legis3
2587 4945 2709 4986 nam
2740 4944 2949 4998 omnes,
2980 4945 3121 5002 quae
3148 4931 3527 4988 tribuebantur
3555 4948 3612 4988 a-

2030 5024 2146 5082 ctui
2174 5021 2515 5092 intellectus,
2554 5021 2729 5092 magis
2766 5019 3097 5076 conveniunt
3133 5019 3411 5090 voluntati,
3440 5027 3496 5077 et
3518 5021 3613 5077 ali-

2030 5129 2173 5188 quae
2222 5112 2559 5170 conveniunt
2605 5109 2903 5180 voluntati,
2952 5098 3095 5182 qu'ae
3130 5109 3423 5168 intellectui
3455 5110 3615 5169 tribui

2030 5220 2140 5262 non
2184 5209 2447 5275 possunt3
2475 5217 2637 5275 ergo,
2666 5206 2777 5258 etc.
2807 5199 2969 5258 Uaior
2996 5207 3165 5272 patet,
3194 5201 3321 5274 quia
3347 5202 3401 5258 in
3431 5201 3614 5273 primis
