4325 6267
1796 364 2009 414 CAPUT
2038 365 2239 414 xvm.

377 494 575 550 tentiae
604 506 836 565 negare,
868 490 985 547 dari
1021 490 1247 563 aliquod
1278 491 1363 548 ius
1398 488 1679 563 gentium,
1720 486 1869 560 quod
1909 488 1981 543 sit

375 597 507 637 vera·
530 581 638 653 lex,
669 580 819 654 quod
851 596 959 636 non
981 578 1284 636 declarant.
1312 581 1425 635 Nec
1450 583 1684 650 possunt
1712 576 1979 633 rationem

375 670 626 740 reddere,
654 687 760 727 cur
783 668 1077 726 admittant
1098 669 1204 725 hoc
1234 667 1542 724 membrum
1574 668 1710 723 iuris
1738 665 1979 738 gentium

377 758 431 813 in
460 759 607 828 iure,
642 756 792 831 quod
822 759 891 814 sit
918 757 1151 814 facultas
1182 757 1401 827 utendi,
1444 762 1499 812 et
1524 772 1628 810 non
1660 755 1711 810 in
1743 754 1860 826 lege
1882 796 1895 823 ,
1926 760 1983 808 et

376 861 443 901 ex
472 845 717 902 dicendis
753 844 1028 901 constabit
1054 860 1175 901 esse
1204 845 1451 901 eamdem
1494 844 1782 916 utriusque
1815 844 1983 898 ratio-

376 950 524 991 nem.
559 936 613 990 Si
645 949 777 990 vero
806 932 1108 1007 loquantur
1136 935 1204 991 de
1234 936 1353 990 iure
1375 976 1389 1003 ,
1420 932 1568 1006 quod
1598 941 1685 989 est
1714 946 1843 987 vera
1870 930 1981 1001 lex,

306 1084 313 1089 .
379 1031 478 1080 aut
498 1022 691 1095 regula
714 1022 1037 1095 honestatis,
1062 1020 1217 1079 facile
1238 1022 1399 1079 etiam
1424 1027 1603 1093 potest
1618 1020 1712 1077 illa
1730 1018 1983 1076 doctrina

378 1112 624 1168 refutari.

462 1202 599 1257 Nam
629 1202 861 1259 ostendo
892 1203 941 1258 in
973 1203 1187 1273 primis,
1220 1200 1425 1257 nullam
1456 1216 1575 1257 esse
1608 1200 1869 1255 maiorem
1898 1213 1987 1253 ra·

386 1288 589 1345 tionem
618 1289 982 1363 distinguendi
1010 1292 1098 1346 ius
1124 1290 1368 1361 gentium
1396 1290 1782 1345 concessivum
1813 1303 1843 1343 a
1866 1288 1995 1365 iure⁵

384 1378 641 1447 naturali,
671 1394 835 1450 quam
867 1379 953 1433 ius
982 1378 1565 1449 praeceptivum.Quia
1594 1378 1646 1433 in
1674 1379 1797 1433 iure
1825 1382 1985 1432 natu-

386 1463 489 1520 rali
516 1466 689 1522 multa
718 1474 877 1538 sunt,
911 1481 1054 1538 quae
1084 1466 1312 1523 honeste
1339 1468 1452 1523 fieri
1475 1472 1709 1538 possunt
1735 1481 1799 1521 ex
1832 1467 1883 1520 vi
1913 1464 1987 1520 le-

385 1554 469 1626 gis
500 1554 788 1628 naturalis,
813 1569 955 1628 quae
986 1570 1093 1611 non
1124 1556 1558 1627 praecipiuntur,
1584 1569 1683 1610 nec
1710 1552 1985 1611 contraria

386 1644 783 1717 prohibentur,
820 1652 879 1701 et
920 1647 995 1701 ita
1032 1646 1197 1701 etiam
1240 1644 1357 1700 dari
1401 1651 1582 1715 potest
1616 1646 1702 1699 ius
1744 1642 1991 1699 naturale

385 1733 796 1805 concessivum,
835 1732 996 1807 quale
1022 1736 1217 1789 estius
1246 1733 1481 1790 ducendi
1513 1749 1763 1803 uxorem,
1789 1734 1875 1787 ius
1905 1746 1990 1786 re-

389 1821 589 1878 tinendi
608 1829 666 1879 et
686 1823 1053 1880 conservandi
1077 1824 1354 1895 propriam
1378 1822 1700 1892 libertatem3
1716 1821 1821 1878 hoc
1846 1822 1988 1877 enim

387 1909 681 1967 honestum
703 1918 877 1982 est,et
900 1911 1033 1968 illud
1056 1914 1143 1967 ius
1160 1916 1387 1968 naturae
1409 1911 1687 1977 concedit,
1706 1926 1810 1966 non
1834 1925 1989 1980 prae-

388 1999 544 2070 cipit.
579 2001 649 2056 Et
675 1999 727 2055 in
760 2000 863 2055 hoc
892 2016 1059 2057 sensu
1088 2002 1230 2057 solet
1257 2002 1519 2074 distingui
1547 2001 1745 2073 duplex
1783 2000 1868 2057 ius
1898 2015 1993 2056 na-

388 2094 583 2156 turae,
615 2088 761 2145 aliud
789 2090 1106 2161 positivum,
1136 2091 1190 2148 id
1218 2098 1304 2148 est
1336 2092 1693 2163 praecipiens,
1726 2089 1871 2146 aliud
1900 2105 1994 2146 ne-

390 2178 655 2249 gativum,
686 2176 738 2233 id
766 2183 853 2234 est
874 2194 983 2234 non
1013 2178 1327 2251 prohibens,
1368 2187 1428 2237 ut
1457 2180 1639 2236 videre
1672 2179 1798 2236 licet
1824 2179 1872 2234 in
1891 2179 1995 2234 Co-

390 2280 617 2323 varruv.
652 2267 844 2341 regula
862 2273 1203 2341 peccatum,
1235 2274 1289 2327 ’2.
1311 2286 1365 2342 p.
1398 2276 1431 2335 s
1463 2274 1547 2339 tl,
1574 2284 1627 2324 n.
1657 2273 1715 2339 3,
1738 2274 1796 2324 et
1825 2282 1995 2340 supra

391 2354 684 2411 tractando
710 2356 778 2412 de
799 2357 1237 2415 immutabilitate
1265 2358 1401 2431 legis
1431 2359 1721 2428 naturalis,
1747 2358 1894 2413 illam
1916 2356 1994 2411 di-

392 2444 741 2501 stinctionem
790 2446 1209 2517 explicavimus.
1250 2449 1322 2503 Et
1360 2450 1497 2505 ratio
1534 2453 1651 2520 est,
1692 2448 1817 2521 quia
1860 2448 1996 2503 ratio

394 2532 661 2589 naturalis
680 2550 799 2590 non
811 2534 991 2592 solum
1017 2535 1213 2608 dictat,
1238 2537 1367 2609 quid
1391 2537 1761 2593 necessarium
1787 2538 1873 2609 sit,
1902 2535 1998 2592 sed

393 2622 559 2678 etiam
598 2622 727 2696 quid
760 2623 942 2682 liceat.
972 2623 1199 2693 Quando
1224 2641 1355 2697 ergo
1382 2623 1609 2695 dicitur,
1639 2626 1726 2681 ius
1754 2626 1995 2698 gentium

394 2709 523 2766 dare
552 2710 869 2769 facultatem
900 2713 1125 2770 honeste
1152 2713 1407 2784 operandi
1434 2712 1660 2785 aliquid,
1693 2714 1993 2787 interrogo,

396 2814 463 2854 an
500 2797 589 2855 illa
616 2799 875 2873 facultas,
908 2809 969 2859 ut
994 2808 1079 2859 est
1104 2805 1255 2858 iusta
1274 2810 1329 2857 et
1356 2800 1607 2873 honesta,
1641 2801 1903 2858 habeatur
1929 2818 1997 2857 ex

396 2888 515 2958 ipsa
541 2892 751 2945 ratione
777 2891 1012 2948 naturali
1038 2893 1281 2963 praecise
1310 2898 1577 2964 spectata,
1612 2893 1694 2948 vel
1724 2909 1789 2949 ex
1814 2892 1997 2965 aliqua

396 2978 641 3034 omnium
672 2972 1051 3037 consensione.
1084 2982 1138 3037 Si
1167 2983 1401 3053 primum
1444 2980 1696 3052 dicatur,
1729 2982 1833 3037 iam
1862 2979 1996 3037 illud

396 3066 485 3120 ius
524 3066 629 3123 erit
663 3068 945 3139 naturale,
976 3068 1108 3126 licet
1143 3070 1214 3127 sit
1254 3076 1466 3126 tantum
1505 3070 1997 3126 concessivum.‘Si

276 3175 289 3185 ·
400 3169 535 3211 vero
564 3154 785 3213 dicatur
819 3158 1162 3230 secundum,
1193 3159 1281 3215 vel
1311 3159 1619 3229 procedunt
1650 3160 1893 3213 rationes
1921 3158 1999 3213 fa-

397 3250 551 3316 ctae,
590 3244 740 3317 quod
782 3245 917 3303 illud
954 3262 1061 3302 non
1102 3247 1172 3303 sit
1207 3248 1291 3302 ius
1328 3247 1571 3319 gentium
1609 3247 1930 3303 distinctum
1968 3262 1999 3303 a

398 3332 568 3404 civili,
592 3334 676 3390 vel
698 3336 743 3389 si
762 3350 830 3391 eo
851 3350 959 3391 non
984 3335 1257 3406 obstante,
1283 3341 1602 3407 potestesse
1628 3330 1733 3391 tale
1757 3336 1841 3391 ius
1864 3350 1999 3391 con-

398 3422 671 3479 cessivum
708 3423 1030 3482 distinctum
1059 3441 1090 3481 a
1118 3425 1285 3497 civili,
1314 3430 1371 3481 et
1398 3426 1557 3497 quasi
1588 3424 1824 3481 medium
1856 3426 2000 3482 inter

399 3510 647 3567 naturale
682 3518 740 3567 et
777 3512 965 3583 civile,
993 3512 1183 3569 eadem
1212 3513 1415 3569 ratione
1447 3514 1645 3583 poterit
1676 3512 1795 3569 dari
1830 3513 2001 3570 simile

397 3598 487 3653 ius
511 3600 940 3672 praeceptivum.

476 3686 809 3759 Responderi
840 3694 1039 3761 potest,
1068 3689 1203 3746 illud
1232 3690 1315 3746 ius
1348 3690 1533 3747 haberi
1553 3706 1623 3747 ex
1642 3692 1695 3747 vi
1716 3692 1887 3747 solius
1917 3706 1999 3746 ra-

402 3776 565 3832 tionis
592 3776 877 3849 naturalis,
914 3784 1091 3835 tamen
1118 3795 1227 3835 non
1258 3780 1549 3837 convenire
1577 3779 1886 3836 hominihus
1908 3778 2001 3833 ab·

402 3865 582 3922 solute
622 3868 913 3938 spectatis,
945 3866 1040 3923 sed
1072 3875 1136 3923 ut
1164 3870 1511 3942 congregatis
1542 3869 1592 3923 in
1620 3868 1803 3941 aliqua
1831 3868 2003 3925 socie-

404 3960 515 4011 tate
545 3954 803 4026 humana,
824 3962 883 4013 et
907 3955 1027 4012 ideo
1054 3956 1319 4031 distingui
1348 3972 1379 4013 a
1408 3959 1671 4029 primario
1700 3957 1817 4013 iure
1844 3964 2001 4013 natu·

400 4041 502 4099 rali
531 4049 791 4116 tanquam
820 4044 1215 4102 secundarium
1233 4086 1252 4118 ,
1284 4046 1583 4119 vocarique
1612 4048 1700 4102 ius
1728 4046 1997 4118 gentium.

403 4131 681 4202 Exemplis
717 4132 933 4189 usitatis
972 4136 1024 4189 in
1064 4134 1168 4190 hac
1209 4134 1434 4191 materia
1474 4133 1835 4206 declaratur3
1878 4148 2003 4191 nam

403 4219 609 4276 bellum
641 4238 693 4277 v.
725 4236 779 4293 g.
814 4221 1019 4278 dicitur
1043 4236 1163 4277 esse
1192 4222 1259 4280 de
1286 4223 1405 4279 iure
1433 4222 1705 4295 gentium,
1736 4238 1845 4278 non
1874 4210 2006 4295 q'uia

402 4311 780 4381 praecipiatur
812 4312 978 4367 etiam
1017 4312 1301 4383 supposito
1337 4313 1483 4368 iusto
1524 4311 1708 4382 titulo,
1739 4310 1838 4367 sed
1875 4312 2005 4383 quia

404 4397 731 4455 conceditur
754 4405 1011 4472 tanquam
1035 4399 1355 4471 honestum,
1384 4400 1487 4455 hoc
1518 4406 1701 4457 autem
1725 4416 1899 4471 genus
1923 4400 2005 4456 iu-

407 4489 485 4544 ris
512 4490 774 4561 supponit
813 4491 1265 4545 communitatem
1304 4488 1629 4558 humanam,
1672 4495 1735 4546 ut
1767 4494 2003 4546 constat.

404 4578 542 4633 ltem
571 4575 759 4635 divisio
788 4591 1051 4651 agrorum
1072 4617 1087 4647 ,
1120 4594 1219 4635 seu
1249 4583 1522 4635 terrarum
1545 4618 1560 4645 ,
1592 4578 1923 4649 acsedium,
1952 4585 2010 4634 et

407 4666 769 4722 terminorum
806 4667 857 4721 in
893 4666 1171 4722 communi
1210 4665 1415 4722 dicitur
1450 4680 1571 4722 esse
1613 4664 1679 4721 de
1717 4667 1837 4723 iure
1879 4682 2008 4739 gen-

407 4755 567 4827 tium,
594 4746 738 4847 'quae
768 4756 1049 4811 manifeste
1086 4755 1346 4828 supponit
1382 4756 1779 4811 institutionem
1816 4754 2013 4812 huma·

408 4859 603 4901 uarum
650 4844 1011 4915 societatum,
1043 4850 1099 4901 et
1126 4844 1217 4900 illa
1244 4844 1529 4917 supposita
1556 4859 1623 4899 ex
1652 4845 1701 4899 vi
1731 4844 1900 4900 solius
1927 4860 2011 4899 ra·

409 4934 567 4990 tionis
594 4933 858 4991 naturalis
888 4935 1069 4990 omnia
1094 4932 1183 4990 illa
1210 4934 1396 5001 licent,
1423 4933 1550 4990 licet
1571 4932 1886 5005 simpliciter
1913 4948 2006 4989 ne-

406 5024 649 5081 cessaria
676 5040 785 5081 non
823 5024 948 5080 sint.
983 5022 1091 5080 Sed
1132 5029 1329 5080 contra
1366 5022 1471 5079 hoc
1509 5028 1594 5078 est
1631 5022 1806 5095 primo
1828 5065 1842 5093 ,
1888 5023 2016 5095 quia

408 5116 641 5185 ipsamet
666 5112 912 5186 gentium
940 5113 1201 5170 discretio
1230 5118 1286 5170 et
1308 5128 1603 5185 regnorum
1624 5111 1819 5168 divisio
1842 5118 1930 5168 est
1947 5110 2016 5167 de

411 5203 527 5259 iure
553 5203 824 5277 gentium,
856 5208 917 5259 ut
942 5201 1149 5260 dicitur
1175 5204 1231 5258 in
1260 5200 1297 5257 l.
1331 5202 1545 5269 eoefioc
1568 5203 1719 5271 iure,
1750 5200 1804 5255 ff.
1838 5198 1905 5256 de
1934 5200 2017 5256 iu·

3447 348 3567 414 151

2050 488 2194 543 stitia
2213 492 2272 543 et
2289 488 2430 557 iure,
2455 493 2510 544 et
2531 494 2712 546 tamen
2735 495 2860 547 ante
2882 488 3024 545 illam
3047 486 3368 545 divisionem
3389 506 3496 548 non
3519 506 3653 563 sup-

2051 577 2278 647 ponitur
2308 576 2507 649 aliquid
2539 586 2756 651 praeter
2786 586 2990 635 statum
3013 580 3317 636 naturalem
3343 579 3648 652 hominum3

2051 679 2186 739 ergo
2205 682 2311 721 non
2331 682 2545 739 semper
2563 668 2645 723 ius
2662 669 2908 739 gentium
2940 668 3117 724 oritur
3136 684 3201 725 ex
3217 667 3307 725 illa
3323 670 3654 743 suppositio-

2053 770 2143 823 ne,
2172 754 2266 810 sed
2291 755 2467 811 solum
2491 773 2552 811 ex
2579 772 2717 827 pura
2741 757 3050 813 conditione
3073 758 3326 831 naturali,
3354 776 3464 833 qua
3490 759 3654 815 homo

2055 849 2143 898 est
2165 843 2362 899 animal
2395 845 2616 910 sociale,
2643 845 2900 901 adiuncto
2927 846 3160 903 naturali
3179 848 3342 904 etiam
3366 849 3652 921 principio,

2052 931 2205 1002 quod
2226 930 2420 989 divisio
2449 933 2730 990 civitatum
2749 942 2831 990 est
2849 936 3020 1007 magis
3035 937 3447 995 accommodata
3465 938 3530 995 ad
3555 939 3654 995 ho-

2056 1019 2260 1076 minum
2293 1024 2789 1079 conservationem.
2821 1024 3078 1081 Secundo
3109 1034 3494 1099 argumentor,
3525 1030 3655 1099 quia

2053 1109 2203 1181 quod
2226 1110 2275 1164 in
2303 1109 2616 1168 huiusmodi
2634 1112 2798 1169 rebus
2821 1119 2919 1169 aut
2941 1114 3145 1169 iuribus
3167 1122 3545 1187 supponantur
3564 1132 3653 1173 so-

2054 1197 2280 1253 cietates
2312 1199 2619 1272 hominum,
2651 1217 2756 1257 uon
2789 1201 2958 1271 tollit,
2989 1203 3120 1275 quin
3150 1203 3282 1259 illud
3313 1204 3400 1259 ius
3427 1219 3661 1260 conces-

2056 1286 2233 1341 sivum
2265 1288 2510 1343 naturale
2543 1290 2633 1360 sit,
2668 1290 2793 1363 quia
2823 1290 2908 1345 illa
2931 1291 3232 1363 suppositio
3276 1292 3454 1348 solum
3495 1310 3654 1365 prae·

2056 1375 2380 1447 requiritur,
2416 1384 2476 1433 ut
2503 1380 2737 1436 resultet
2764 1364 2988 1436 materia
3021 1379 3141 1435 talis
3163 1379 3323 1451 iuris3
3349 1381 3539 1454 regula
3563 1399 3662 1439 au-

2056 1470 2168 1519 tem
2199 1464 2315 1534 ipsa
2345 1467 2575 1522 rationis
2603 1473 2761 1524 antea
2784 1474 2924 1538 erat,
2951 1474 3006 1524 et
3025 1484 3242 1540 semper
3265 1470 3528 1526 naturalis
3549 1478 3654 1527 est.

2056 1553 2348 1619 Probatur,
2375 1557 2500 1627 quia
2524 1556 2608 1611 ius
2633 1558 3042 1628 praeceptivum
3068 1573 3228 1631 saepe
3248 1560 3410 1615 etiam
3433 1575 3540 1616 non
3565 1560 3661 1616 ha·

2057 1640 2148 1697 bet
2178 1644 2478 1714 materiam,
2509 1646 2562 1699 in
2585 1660 2693 1717 qua
2717 1652 2844 1702 actu
2868 1645 3087 1719 obliget,
3109 1647 3214 1702 nisi
3235 1650 3524 1718 supposita
3547 1650 3659 1705 vita

2058 1728 2339 1786 hominum
2379 1734 2430 1787 in
2469 1733 2862 1790 communitate
2881 1741 2954 1807 ‚et
2993 1735 3281 1807 societate3
3312 1743 3368 1791 et
3391 1736 3660 1793 nihilomi-

2060 1834 2165 1875 nus
2199 1820 2324 1877 talia
2354 1829 2646 1895 praecepta
2675 1839 2891 1894 semper
2919 1830 3051 1879 sunt
3087 1824 3225 1878 iuris
3265 1826 3562 1895 naturalis,
3597 1834 3660 1884 ut

2061 1923 2228 1978 supra
2261 1909 2552 1979 probatum
2581 1918 2685 1986 est,
2717 1918 2772 1969 et
2797 1912 2928 1968 dicti
2971 1918 3227 1967 auctores
3262 1913 3422 1969 etiam
3461 1930 3664 1971 conce·

2059 1994 2228 2068 dunt3
2261 2012 2392 2071 ergo
2421 1998 2560 2055 idem
2589 2002 2694 2057 erit
2733 2016 2866 2057 cum
2897 2001 3250 2072 proportione
3289 2003 3338 2057 in
3383 2002 3502 2060 iure
3531 2020 3664 2061 con-

2061 2087 2311 2159 cessivo,
2343 2087 2492 2143 nulla
2520 2092 2662 2144 enim
2703 2089 3005 2145 verisimilis
3033 2089 3173 2146 ratio
3207 2088 3540 2149 differentiae
3570 2109 3660 2149 as-

2062 2173 2267 2245 signari
2299 2192 2460 2247 posse
2493 2176 2726 2234 videtur.

2138 2263 2342 2320 Deinde
2372 2266 2626 2333 ostendo,
2659 2283 2767 2323 non
2797 2268 3038 2340 separari
3065 2270 3151 2323 ius
3181 2271 3563 2328 concessivum
3594 2274 3664 2331 ab

2064 2354 2211 2409 omni
2240 2354 2358 2410 iure
2387 2356 2784 2428 praecipiente,
2829 2357 2911 2413 vel
2943 2356 3294 2429 prohibente,
3325 2366 3380 2415 et
3417 2360 3468 2416 in
3507 2376 3664 2433 prae-

2064 2446 2204 2500 senti
2235 2447 2461 2501 materia
2489 2447 2534 2501 si
2565 2462 2738 2503 unum
2767 2446 2839 2503 sit
2867 2446 2996 2502 iuris
3024 2447 3298 2519 gentium,
3333 2450 3493 2505 etiam
3523 2451 3666 2508 alte-

2067 2548 2219 2605 rum,
2253 2532 2336 2588 vel
2366 2534 2410 2590 si
2440 2551 2610 2591 unum
2633 2542 2720 2592 est
2749 2535 2879 2591 iuris
2909 2535 3192 2609 naturalis,
3223 2538 3381 2593 etiam
3411 2538 3580 2609 aliud,
3611 2546 3669 2596 et

2065 2623 2138 2677 ita
2169 2638 2272 2677 non
2305 2623 2606 2680 subsistere
2633 2623 3031 2681 distinctionem
3059 2624 3262 2681 datam.
3296 2628 3538 2684 Primum
3569 2628 3664 2686 de·

2069 2710 2313 2767 claretur
2350 2712 2400 2767 in
2431 2714 2624 2783 primis
2654 2713 2902 2791 extemplo
2931 2714 3222 2785 privilegii3
3256 2730 3380 2771 nam
3410 2732 3476 2772 eo
3513 2718 3655 2789 ipso,

2064 2797 2211 2869 quod
2237 2800 2329 2855 uni
2351 2800 2698 2872 conceditur,
2724 2803 3058 2873 praecipitur
3081 2802 3221 2875 aliis,
3247 2818 3314 2859 ne
3337 2819 3498 2860 usum
3523 2803 3667 2862 illius

2068 2885 2378 2957 impediant.
2411 2890 2482 2945 Et
2509 2889 2612 2944 hac
2640 2892 2848 2947 ratione
2869 2890 3278 2961 explicabamus
3302 2908 3469 2963 supra
3491 2894 3665 2949 ratio·

2066 2990 2188 3031 nem
2217 2975 2348 3049 legis
2377 2976 2426 3032 in
2453 2977 2765 3051 privilegio,
2795 2979 2896 3035 hoc
2919 2985 3104 3035 autem
3129 2980 3372 3036 eamdem
3399 2983 3666 3039 rationem

2068 3062 2230 3119 habet
2255 3065 2306 3119 in
2337 3066 2479 3121 omni
2511 3066 2628 3123 iure
2666 3069 3018 3124 concessivo.
3049 3068 3306 3125 Secundo
3344 3069 3667 3144 declaratur

2064 3150 2432 3209 discurrendo
2460 3169 2557 3225 per
2582 3155 2828 3225 exempla
2856 3156 2990 3212 iuris
3019 3158 3260 3229 gentium
3281 3200 3296 3223 ,
3329 3173 3470 3229 quae
3498 3160 3667 3217 lsido-

2069 3257 2165 3297 rus
2211 3242 2414 3313 posuit.
2452 3244 2698 3299 Primum
2738 3252 2826 3301 est
2864 3242 3097 3300 sedium
3133 3249 3478 3318 occupatio,-
3526 3245 3667 3304 haec

2066 3332 2205 3387 enim
2238 3331 2308 3387 ita
2337 3338 2425 3388 est
2449 3331 2597 3389 licita
2627 3332 2920 3405 unicuique
2942 3334 3060 3390 iure
3080 3334 3347 3406 gentium,
3375 3337 3456 3391 vel
3483 3336 3668 3407 potius

2069 3420 2328 3483 naturali,
2350 3426 2412 3477 ut
2431 3435 2591 3476 nemo
2612 3420 2755 3477 >iuste
2780 3419 3040 3492 impedire
3062 3421 3235 3492 possit
3253 3421 3450 3492 alium,
3474 3437 3670 3494 quam-

2070 3510 2146 3565 vis
2178 3519 2418 3583 occupet
2457 3509 2639 3567 sedem
2682 3510 2750 3567 ab
2789 3510 2894 3590 alio
2935 3526 3043 3567 non
3086 3520 3582 3584 praeoccupatam,
3613 3520 3670 3569 et

2069 3601 2144 3655 ita
2182 3598 2264 3654 illa
2293 3598 2580 3655 concessio
2621 3598 2784 3655 habet
2825 3613 3093 3655 annexum
3136 3597 3241 3654 hoc
3283 3606 3662 3672 praeceptum.

2071 3686 2389 3744 Secundum
2418 3687 2732 3759 exemplum
2761 3694 2849 3745 est
2875 3686 3241 3760 aedificati&
3281 3690 3505 3745 tertium
3537 3705 3671 3747 mu·

2073 3777 2244 3842 nitio,
2278 3774 2344 3831 de
2374 3775 2577 3847 quibus
2601 3782 2690 3833 est
2707 3775 2898 3833 eadem
2924 3776 3079 3832 ratio.
3105 3776 3238 3832 Nam
3261 3784 3551 3850 repugnat,
3579 3778 3673 3835 ali·

2072 3880 2236 3938 quem
2261 3864 2463 3921 habere
2483 3864 2706 3921 liberam
2728 3864 3046 3921 facultatem
3068 3864 3412 3937 aedificandi,
3437 3865 3523 3922 vel
3549 3882 3672 3923 mu-

2071 3951 2255 4010 niendi
2284 3960 2508 4025 terram,
2534 3960 2631 4010 aut
2651 3954 3052 4025 possessionem
3084 3970 3116 4010 a
3144 3971 3204 4010 se
3231 3963 3585 4029 occupatam,
3615 3962 3674 4016 et

2074 4058 2240 4113 posse
2275 4043 2344 4099 ah
2382 4042 2498 4098 aliis
2527 4044 2672 4099 iuste
2702 4042 2980 4115 impediri,
3012 4051 3108 4099 aut
3138 4044 3442 4115 perturbari
3480 4045 3530 4101 in
3560 4063 3667 4103 usu

2073 4132 2220 4189 illius
2253 4132 2558 4199 facultatis3
2591 4147 2726 4206 ergo
2765 4139 2850 4189 est
2877 4133 3182 4189 necessaria
3225 4135 3489 4190 connexio
3530 4134 3673 4192 inter

2072 4223 2159 4278 ius
2200 4224 2586 4277 concessivum
2626 4226 2682 4277 et
2723 4223 3150 4293 praeceptivum.
3182 4223 3447 4289 Quartum
3485 4236 3671 4279 exem·

2075 4310 2230 4383 plum
2257 4316 2342 4387 est
2369 4308 2542 4373 bella,
2578 4312 2632 4364 in
2673 4324 2786 4381 quo
2829 4309 2880 4365 id
2921 4310 3224 4366 evidentius
3265 4317 3499 4368 constat.
3532 4313 3668 4368 Nam

2078 4402 2128 4456 in
2155 4400 2345 4470 primis
2371 4400 2632 4470 supponit
2655 4404 3016 4475 praeceptum
3037 4396 3331 4469 prohibens
3353 4402 3669 4472 aggressuri

2078 4490 2184 4546 tale
2211 4488 2449 4559 bellum,
2480 4487 2600 4544 ideo
2628 4488 2773 4544 enim
2805 4488 2897 4544 uni
2928 4488 3055 4544 licet
3080 4486 3345 4557 defensio,
3378 4489 3502 4560 quia
3534 4488 3673 4547 alter

2078 4580 2276 4634 iniuste
2297 4576 2498 4632 bellum
2520 4575 2861 4649 aggreditur.
2895 4576 3098 4633 Deinde
3122 4582 3377 4648 respectu
3399 4571 3516 4633 eiu’s
3537 4620 3550 4645 ,
3577 4578 3671 4651 qui

2080 4684 2139 4725 se
2169 4665 2436 4734 defendit,
2471 4680 2630 4736 saepe
2673 4665 2778 4722 tale
2821 4667 2904 4722 ius
2946 4681 3051 4721 non
3093 4664 3274 4722 solum
3315 4665 3571 4723 concedit
3597 4666 3676 4723 fa-

2079 4755 2345 4813 cultatem
2380 4794 2394 4825 ,
2439 4754 2532 4811 sed
2572 4753 2736 4810 etiam
2788 4754 3052 4825 praecipit
3101 4769 3264 4809 usum
3299 4794 3314 4823 ,
3355 4756 3678 4826 praesertim

2080 4846 2316 4917 principi
2351 4883 2366 4916 ,
2409 4843 2504 4916 qui
2547 4849 2762 4899 tenetur
2801 4841 3090 4899 defendere
3141 4842 3559 4914 rempublicam.
3604 4844 3674 4899 Et

2081 4934 2218 4991 idem
2248 4938 2333 4989 est
2357 4932 2426 4989 de
2455 4932 2602 5003 aliis,
2631 4932 2724 5005 qui
2755 4936 3009 4987 tenentur
3048 4929 3339 4987 defendere
3382 4946 3679 4989 commune

2084 5025 2310 5093 bonum,
2343 5021 2427 5079 vel
2456 5022 2618 5078 etiam
2645 5019 2922 5078 interdum
2964 5020 3241 5092 propriam
3285 5022 3469 5076 vitam.
3501 5020 3556 5077 Si
3585 5034 3683 5075 au-

2083 5119 2195 5169 tem
2221 5111 2428 5168 bellum
2459 5112 2528 5167 sit
2554 5109 2956 5183 aggressivum,
2988 5124 3054 5166 eo
3085 5108 3222 5180 ipso,
3255 5108 3403 5181 quod
3434 5108 3527 5164 uni
3557 5108 3686 5164 licet

2085 5206 2279 5257 contra
2308 5199 2564 5271 alterum,
2590 5199 2722 5257 huic
2749 5204 2837 5256 est
2864 5198 3136 5271 prohibita
3162 5197 3428 5269 defensio,
3453 5198 3582 5271 quia
3604 5203 3686 5254 te-
