4325 6267
805 286 928 351 112

734 434 866 486 sunt
904 427 1207 501 generalia,
1248 436 1312 485 ut
1351 429 1545 485 virtute
1588 427 2051 501 comprehendant
2090 442 2309 483 omnem

729 516 1145 590 obligationem,
1190 518 1265 573 ita
1302 522 1366 574 ut
1402 517 1550 575 nulla
1590 519 1759 590 possit
1795 517 1995 575 homini
2024 516 2304 589 applicari,

728 609 830 665 nisi
859 607 1219 679 mediantibus
1250 607 1351 664 illis
1372 608 1679 680 principiis;
1704 624 1835 680 ergo
1858 607 2193 664 sicutomnis
2215 622 2308 663 co-

726 696 898 771 gnitio
926 696 1163 754 humana
1188 703 1271 753 est
1298 696 1525 753 effectus
1554 699 1854 769 primorum
1885 698 2300 770 principiorum,

728 789 803 843 ita
834 790 1008 844 omnis
1036 788 1299 860 obligatio
1336 788 1385 843 in
1417 788 1749 844 conscientia
1788 788 1889 844 erit
1915 787 2143 844 effectus
2173 787 2307 859 legis

726 878 1017 947 naturalis,
1062 876 1255 935 saltem
1294 883 1564 951 quatenus
1603 876 1691 934 illa
1730 877 1903 947 prima
1941 876 2198 948 principia
2227 877 2305 933 in-

726 965 919 1023 cludit.

810 1060 863 1115 7.
893 1054 1161 1114 D‘ubitatio
1190 1054 1323 1111 haec
1346 1054 1583 1111 breviter
1610 1054 1939 1127 expedienda
1959 1061 2045 1112 est
2062 1056 2210 1111 iuxta
2225 1054 2307 1112 di-

726 1148 1067 1203 stinctionem
1104 1143 1399 1218 quamdam
1436 1146 1690 1216 superius
1717 1147 2077 1217 insinuatam,
2110 1152 2310 1200 aucto-

724 1252 814 1293 res
841 1236 981 1291 enim
1022 1235 1148 1291 nihil
1188 1233 1255 1291 de
1282 1250 1343 1291 ea
1373 1241 1626 1293 tractant.
1661 1236 1964 1292 Possumus
1990 1250 2121 1307 ergo
2152 1234 2303 1308 loqui

724 1326 793 1382 de
830 1325 1029 1382 effectu
1068 1323 1411 1396 immediato,
1443 1339 1506 1380 ac
1547 1340 1643 1396 per
1670 1341 1757 1399 se,
1790 1325 1870 1381 vel
1900 1324 1966 1382 de
1994 1323 2194 1381 effectu
2222 1340 2308 1380 re-

726 1423 907 1487 moto,
931 1414 1024 1488 qui
1043 1413 1311 1470 interdum
1332 1420 1654 1486 potestesse
1678 1430 1772 1486 per
1795 1431 1853 1471 se
1868 1454 1883 1485 ,
1908 1413 2186 1471 interdum
2209 1430 2307 1487 per

726 1506 999 1565 accidens.
1035 1506 1161 1561 Dico
1200 1518 1334 1577 ergo
1384 1504 1591 1575 primo,
1634 1520 1741 1561 non
1782 1520 1995 1561 omnem
2025 1503 2308 1577 obligatio-

724 1612 847 1653 nem
875 1597 929 1651 in
957 1594 1289 1652 conscientia
1329 1609 1450 1650 esse
1477 1593 1843 1652 immediatum
1880 1600 1937 1649 et
1960 1609 2058 1666 per
2086 1608 2144 1648 se
2183 1594 2310 1651 effe·

731 1694 884 1743 ctum
906 1684 1038 1757 legis
1050 1683 1338 1740 naturalis.
1354 1684 1469 1739 Hoc
1493 1683 1723 1754 probant
1742 1685 1979 1740 rationes
1997 1682 2160 1754 priori
2183 1682 2306 1739 loco

728 1776 936 1846 sactae3
960 1773 1143 1830 nullus
1169 1772 1311 1829 enim
1332 1772 1503 1839 dicet,
1527 1773 1909 1845 obligationem
1932 1773 2200 1830 ieiunandi
2223 1773 2307 1831 die

726 1865 795 1922 ab
830 1862 1081 1922 Ecclesia
1117 1870 1407 1935 praecepto
1456 1877 1577 1918 esse
1624 1878 1688 1918 ex
1731 1862 1847 1934 lege
1891 1868 2155 1931 naturae,
2207 1876 2308 1918 nee

723 1956 893 2012 etiam
922 1952 1299 2025 obligationem
1330 1951 1473 2023 fidei,
1507 1953 1719 2024 proprie
1748 1951 2044 2025 loquendo.
2076 1950 2232 2009 Unde
2252 1954 2306 2008 in

730 2047 885 2104 tertio
914 2049 1205 2116 praecepto
1233 2040 1511 2115 Decalogi,
1536 2049 1705 2114 prout
1732 2042 1784 2097 in
1814 2040 1933 2113 lege
1962 2042 2168 2113 scripta
2197 2048 2307 2098 tra·

728 2137 903 2194 ditum
920 2141 1033 2197 est,
1060 2132 1293 2205 theologi
1322 2133 1433 2189 duo
1455 2132 1827 2204 distinguunt,
1854 2131 2069 2188 scilicet
2090 2132 2307 2189 cultum

727 2228 824 2285 Dei
861 2232 918 2282 et
958 2223 1430 2281 circumstantiam
1470 2221 1571 2278 diei
1610 2222 1853 2293 sabbati3
1882 2229 1941 2278 et
1965 2222 2204 2293 primum
2232 2223 2311 2280 di-

730 2322 896 2386 cunt,
920 2328 1042 2371 esse
1070 2314 1322 2369 effectum
1351 2311 1485 2383 legis
1506 2309 1765 2367 naturalis
1785 2351 1800 2382 ,
1825 2326 1931 2368 non
1958 2327 2083 2369 vero
2108 2327 2306 2369 secun-

726 2406 893 2475 dum,
924 2404 1052 2478 quia
1092 2417 1199 2459 non
1242 2400 1465 2457 caderet
1504 2400 1606 2457 sub
1648 2400 2055 2473 obligationem,
2098 2404 2199 2459 nisi
2226 2403 2310 2459 lex

727 2495 958 2569 positiva
987 2492 1079 2550 Dei
1111 2492 1474 2549 interveniret.
1508 2491 1665 2571 {tatio
1693 2488 1926 2563 denique
1954 2506 1986 2547 a
2013 2492 2179 2565 priori
2201 2500 2307 2564 est,

730 2570 967 2659 quia’lex
992 2581 1257 2639 naturalis
1306 2596 1413 2637 nou
1449 2585 1535 2638 est
1568 2581 1813 2652 proxima
1846 2584 2037 2655 regula
2066 2586 2310 2641 omnium

729 2674 1093 2732 humanarum
1122 2671 1422 2729 actionum.

808 2770 861 2822 8.
895 2761 1141 2821 Secundo
1176 2777 1304 2816 vero
1336 2757 1769 2831 dicendumest,
1801 2760 2005 2823 nullam
2032 2777 2151 2818 esse
2179 2762 2311 2819 obli-

614 2868 617 2873 ·
728 2856 999 2929 gationem
1041 2853 1093 2907 in
1133 2849 1495 2917 couscientia,
1529 2864 1667 2921 quae
1706 2865 1811 2905 non
1841 2850 1911 2905 sit
1938 2851 2121 2923 aliquo
2150 2852 2310 2909 modo

728 2945 956 3001 effectus
997 2941 1127 3015 legis
1170 2938 1467 3009 naturalis,
1499 2940 1688 2995 saltem
1724 2939 1956 2997 mediate
1998 2946 2054 2997 et
2082 2948 2304 2999 remote.

728 3037 845 3091 Hoc
886 3034 1116 3106 probant
1152 3036 1471 3102 argumenta
1510 3029 1797 3101 posteriori
1836 3028 1961 3087 loco
2001 3030 2166 3087 facta.
2207 3032 2309 3087 Est

728 3132 911 3181 autem
956 3121 1189 3178 notanda
1227 3118 1523 3175 differentia
1548 3118 1693 3175 inter
1726 3118 2135 3193 obligationem,
2167 3136 2308 3195 quae

729 3216 903 3271 oritur
942 3228 1009 3269 ex
1048 3212 1165 3283 lege
1205 3209 1350 3266 civili
1391 3208 1490 3264 seii
1518 3223 1666 3265 mere
1694 3207 1930 3266 humana
1958 3209 2133 3283 (quod
2160 3210 2306 3282 dico,

727 3310 791 3361 ut
813 3300 1101 3360 excludam
1129 3298 1480 3370 canonicam,
1503 3312 1669 3369 quam
1696 3315 1841 3356 nunc
1866 3302 2036 3371 magis
2062 3299 2310 3373 sublege

727 3389 1130 3466 supernaturali
1174 3387 1601 3460 comprehendo)
1620 3430 1636 3457 ,
1664 3394 1721 3447 et
1748 3388 1922 3460 legem
1948 3387 2184 3444 divinam
2215 3405 2309 3445 su-

726 3480 1147 3556 pernaturaliter
1193 3495 1226 3536 a
1265 3482 1371 3535 Deo
1412 3480 1679 3550 positam,
1711 3478 1861 3552 quod
1889 3485 2145 3549 respectu
2176 3477 2308 3551 legis

728 3574 1027 3643 humanae,
1058 3579 1113 3627 et
1152 3567 1489 3640 obligationis
1528 3568 1593 3624 ab
1620 3584 1682 3625 ea
1712 3567 2076 3640 provenientis
2098 3566 2188 3623 lex
2217 3580 2309 3622 na-

727 3660 919 3719 turalis
948 3660 1051 3717 dici
1081 3664 1262 3731 potest
1286 3672 1456 3713 causa
1492 3671 1588 3728 per
1618 3674 1707 3727 se,
1736 3659 1865 3730 quia
1893 3672 1951 3713 re
1982 3672 2110 3713 vera
2136 3656 2310 3713 omnis

730 3750 818 3808 iila
856 3749 1109 3823 obligatio
1149 3742 1255 3820 per*
1290 3763 1347 3803 se
1377 3744 1639 3803 fundatur
1665 3746 1716 3802 in
1746 3746 2019 3817 principiis
2051 3746 2311 3818 legis-na·

725 3840 946 3912 turalis,
985 3845 1041 3895 et
1076 3837 1307 3910 cognitis
1345 3851 1443 3907 per
1481 3835 1663 3891 lumen
1704 3835 1969 3891 naturale.
2010 3836 2143 3891 Nam
2176 3836 2308 3892 licet

728 3932 814 3989 lex
843 3928 1019 3987 civilis
1042 3943 1149 3984 non
1178 3927 1441 3983 inseratur
1468 3926 1625 3997 quasi
1665 3924 1999 3996 speculative
2028 3941 2125 3997 ρει·
2152 3926 2311 3982 abso·

728 4018 901 4076 lutam
929 4017 1219 4075 illationem
1246 4032 1311 4073 ex
1342 4014 1617 4086 principiis
1648 4014 1779 4087 legis
1804 4012 2083 4083 naturalis,
2108 4014 2206 4071 sed
2228 4014 2306 4070 fe-

728 4116 886 4165 ratur
926 4122 1024 4179 per
1066 4104 1291 4163 modum
1332 4103 1791 4161 determinationis
1832 4119 1930 4174 per
1973 4102 2312 4161 voluntatem

730 4198 1019 4270 principis,
1052 4194 1428 4265 nihilominus,
1460 4194 1741 4265 supposita
1774 4191 1879 4248 hac
1907 4191 2313 4250 determinatio-

730 4302 820 4360 ne,
837 4303 902 4343 ex
924 4284 1203 4357 principiis
1226 4282 1563 4339 naturalibus
1584 4280 1818 4338 insertur
1835 4281 2024 4338 saltem
2044 4284 2307 4353 practice,

734 4374 1051 4433 servandam
1091 4387 1211 4430 esse
1253 4370 1418 4428 talem
1456 4371 1630 4443 legem
1660 4370 1983 4443 humanam;
2013 4379 2176 4443 atque
2207 4370 2310 4427 hoc

730 4462 891 4521 modo
919 4462 1173 4535 obligatio
1195 4460 1343 4517 illius
1372 4460 1505 4534 legis
1527 4458 1697 4515 civilis
1718 4459 1919 4516 dicitur
1938 4475 2061 4517 esse
2080 4460 2310 4516 effectus

727 4555 864 4628 legis
903 4553 1167 4610 naturalis
1210 4558 1471 4624 tanquam
1510 4564 1711 4606 causae
1750 4564 1847 4621 per
1874 4564 1961 4612 se,
1993 4564 2099 4605 non
2128 4551 2313 4620 proxi-

730 4658 871 4717 mae,
901 4643 997 4700 sed
1025 4643 1181 4716 quasi
1214 4641 1553 4713 universalis,
1580 4645 1638 4697 et
1664 4640 1994 4697 modificatae
2023 4655 2119 4711 per
2140 4642 2306 4713 parti-

731 4735 1010 4805 cularem,
1038 4748 1179 4805 quae
1220 4740 1303 4788 est
1344 4731 1429 4788 lex
1457 4730 1716 4786 humana.
1747 4732 1805 4786 Iu
1834 4746 1945 4803 quo
1971 4732 2133 4787 etiam
2161 4736 2312 4804 (pro-

730 4830 852 4896 pter
880 4821 1150 4895 quaedam
1178 4826 1503 4893 argumenta
1528 4818 1697 4893 sacta)
1721 4819 2177 4876 considerandum
2197 4827 2305 4891 est,

732 4912 903 4986 legem
934 4911 1222 4968 humanam
1252 4908 1543 4983 aliquando
1570 4909 1769 4965 habere
1790 4910 2045 4966 effectum
2070 4908 2310 4983 obligan-

730 5002 783 5060 di
819 5008 1035 5060 tantum
1078 4999 1146 5058 ad
1174 4979 1389 5073 *aliquid
1429 4998 1728 5073 agendum,
1762 5000 1845 5057 vel
1872 5016 1983 5056 uon
2010 5000 2303 5073 agendum.

733 5094 801 5151 Et
828 5100 960 5149 tunc
990 5089 1242 5164 obligatio
1270 5088 1363 5146 illa
1386 5095 1471 5146 est
1495 5090 1713 5163 proprie
1732 5096 1788 5147 et
1804 5089 2112 5147 immediate
2132 5106 2163 5148 a
2191 5091 2306 5165 lege

734 5182 970 5240 humana
987 5221 1003 5254 ,
1024 5185 1231 5237 remote
1256 5194 1383 5237 vero
1404 5195 1436 5236 a
1457 5180 1710 5239 naturali.
1736 5179 2039 5254 Aliquando
2064 5196 2190 5239 vero
2211 5181 2304 5238 ha-

2211 304 2412 352 LIBER
2453 304 2529 351 11.

2379 428 2471 484 bet
2497 426 2581 484 lex
2614 426 2850 485 humana
2878 429 3012 485 alios
3033 430 3262 487 effectus
3291 432 3442 489 circa
3467 447 3554 488 res
3573 433 3747 505 ipsas,
3771 431 3825 488 in
3847 435 3970 505 qui-

2379 516 2484 575 bus
2527 522 2686 575 actus
2729 519 2990 575 virtutum
3035 527 3360 593 versantur,
3403 527 3460 578 et
3499 529 3633 578 tunc
3665 536 3824 595 saepe
3853 522 3968 579 lieri

2377 612 2590 679 potest,
2626 615 2684 663 ut
2713 607 2836 664 licet
2863 608 3044 682 aliqua
3072 611 3300 667 mutatio
3330 611 3380 667 in
3408 609 3574 667 rebus
3601 610 3746 667 sacta
3767 612 3840 667 sit
3865 626 3966 686 per

2380 695 2558 769 legem
2600 694 2930 767 humanam,
2975 704 3068 754 aut
3109 714 3205 770 per
3245 700 3328 755 ius
3367 701 3644 772 gentium,
3673 703 3962 761 autetiam

2379 800 2476 857 per
2520 784 2852 844 voluntatem
2897 787 3191 858 privatam,
3223 787 3481 862 obligatio
3519 797 3711 861 postea
3737 790 3848 859 sic,
3881 791 3965 847 vel

2377 875 2534 933 aliter
2561 875 2822 949 operandi
2848 876 3153 934 immediate
3181 886 3440 935 nascatur
3461 895 3527 935 ex
3551 879 3670 953 iege
3707 879 3966 936 naturali.

2378 967 2446 1022 Et
2475 968 2554 1023 ita
2582 968 2844 1039 contingit
2871 969 2923 1024 in
2945 966 3109 1025 dictis
3129 970 3390 1041 exemplis
3413 968 3480 1025 de
3511 972 3966 1043 praescriptione,

2381 1061 2439 1112 et
2464 1054 2532 1113 de
2563 1072 2750 1113 rerum
2778 1056 3071 1129 divisione,
3103 1057 3248 1115 etde
3277 1065 3424 1116 voto.
3457 1061 3612 1117 Ratio
3645 1067 3828 1118 autem
3856 1068 3964 1131 est,

2379 1147 2508 1219 quia
2539 1151 2671 1203 tunc
2703 1149 2936 1204 mutatio
2967 1148 3025 1205 fit
3050 1148 3100 1204 in
3123 1150 3382 1220 materia3
3408 1148 3540 1205 nihil
3568 1158 3750 1207 autem
3785 1151 3971 1223 refert,

2381 1234 2530 1307 quod
2559 1235 2627 1291 ab
2656 1252 2760 1293 una
2791 1237 2872 1292 vel
2905 1236 3004 1293 alia
3032 1239 3349 1310 causa.liat;
3377 1255 3500 1295 nam
3530 1239 3672 1295 sacta
3711 1239 3971 1298 mutatio-

2379 1340 2468 1390 ne,
2495 1327 2680 1381 statim
2702 1325 2892 1381 eodem
2915 1325 3078 1383 modo
3100 1325 3305 1399 obligat
3328 1328 3413 1385 lex
3435 1336 3686 1398 naturae,
3703 1335 3763 1385 ut
3782 1344 3966 1386 exem-

2379 1412 2466 1486 pla
2495 1412 2732 1471 adducta
2751 1414 3052 1486 declarant,
3077 1422 3133 1471 et
3158 1416 3208 1472 in
3231 1416 3586 1489 sequentibus
3608 1418 3844 1490 amplius
3877 1435 3972 1475 ex-

2379 1502 2689 1575 plicabitur.
3283 1550 3300 1568 .

2454 1594 2525 1649 At
2553 1608 2684 1649 vero
2724 1599 2981 1665 respectu
3011 1593 3348 1667 obligationis
3376 1596 3808 1666 supernaturalis
3835 1612 3963 1669 pro-

2377 1682 2642 1738 venientis
2681 1698 2749 1738 ex
2789 1681 2904 1755 lege
2943 1681 3120 1739 divina
3147 1682 3593 1756 distinguendum
3624 1684 3856 1742 ulterius
3886 1692 3974 1742 est

2376 1772 2560 1844 quoad
2585 1771 2890 1828 naturalem
2915 1773 3111 1845 legem3
3127 1788 3248 1829 nam
3271 1776 3314 1829 si
3340 1773 3632 1846 loquamur
3651 1773 3718 1830 de
3739 1774 3826 1831 illa
3849 1774 3966 1847 lege

2376 1864 2638 1934 naturali,
2662 1879 2803 1936 quae
2824 1862 3196 1920 connaturalis
3215 1869 3300 1919 est
3321 1866 3560 1936 gratiae,
3585 1863 3773 1921 eodem
3798 1863 3964 1921 modo

2377 1953 2788 2025 comparabitur
2823 1952 2893 2009 ad
2920 1968 3328 2025 quamcumque
3355 1952 3530 2027 legem
3558 1954 3842 2025 positivam
3872 1970 3965 2010 or-

2379 2040 2516 2097 dinis
2561 2042 3030 2113 supernaturalis,
3059 2058 3170 2114 quo
3214 2040 3298 2099 lex
3327 2057 3478 2099 mere
3503 2044 3766 2099 naturalis
3795 2043 3862 2100 ad
3892 2042 3968 2099 le-

2376 2147 2500 2205 gem
2523 2131 2769 2204 civilem3
2800 2147 2922 2188 nam
2951 2138 3038 2187 est
3058 2131 3245 2188 eadem
3268 2133 3566 2205 proportio.
3593 2135 3704 2190 imo
3729 2131 3868 2189 idern
3889 2132 3971 2189 di-

2377 2220 2616 2278 cendum
2655 2230 2744 2278 est
2783 2221 2849 2278 de
2878 2221 2994 2293 lege
3021 2222 3260 2278 humana
3289 2224 3584 2295 canonica3
3620 2238 3745 2279 nam
3773 2232 3965 2296 quate·

2378 2327 2486 2366 nus
2518 2310 2770 2382 procedit
2797 2328 2864 2367 ex
2892 2317 3163 2381 potestate
3185 2312 3618 2383 supernaturali,
3643 2328 3739 2383 per
3761 2329 3819 2368 se
3841 2312 3968 2368 sun-

2379 2399 2546 2457 datur
2588 2400 2639 2455 in
2681 2400 2953 2473 principiis
2982 2400 3488 2473 supernaturalibus
3517 2401 3972 2459 connaturalibus

2378 2490 2478 2563 ipsi
2519 2491 2762 2563 gratiae;
2794 2488 3004 2547 et-ideo
3033 2489 3264 2548 mediate
3295 2491 3545 2564 quidem,
3579 2499 3760 2548 tamen
3789 2507 3886 2564 per
3913 2506 3972 2547 se

2379 2588 2436 2637 et
2465 2581 2810 2637 connaturali
2839 2567 3003 2637 modo
3029 2596 3096 2637 ex
3123 2580 3215 2638 illa
3243 2580 3437 2648 oritur,
3464 2589 3528 2638 ut
3552 2596 3617 2637 ex
3637 2598 3812 2637 causa
3851 2582 3973 2637 uni-

2379 2671 2596 2727 versali.
2631 2668 2927 2745 Loquendo
2950 2677 3130 2727 autem
3151 2669 3219 2726 de
3242 2670 3474 2729 naturali
3503 2670 3618 2743 lege
3641 2672 3812 2744 magis
3839 2672 3973 2728 stri-

2379 2767 2468 2817 cte
2486 2802 2500 2830 ,
2533 2766 2594 2816 ut
2619 2766 2707 2817 est
2733 2776 2766 2816 a
2793 2759 2912 2816 solo
2941 2758 3142 2815 lumine
3164 2767 3421 2832 naturae,
3447 2763 3526 2817 sic
3547 2759 3769 2833 quidem
3807 2761 3972 2815 etiam

2379 2850 2640 2924 obligatio
2669 2849 3100 2921 supernaturalis
3126 2856 3215 2906 est
3241 2849 3422 2922 aliquo
3453 2850 3614 2907 modo
3653 2849 3881 2906 effectus
3903 2849 3967 2904 il-

2379 2940 2483 2997 lius
2511 2940 2675 3012 legis,
2708 2954 2814 2997 non
2845 2947 3022 2997 tamen
3052 2955 3146 3012 per
3174 2955 3264 3009 se,
3298 2939 3396 2997 sed
3429 2946 3638 2996 tantum
3692 2954 3787 3012 per
3815 2941 3966 2996 acci·

2378 3029 2532 3086 dens.
2575 3032 2818 3086 Priorem
2863 3037 3072 3101 partem
3116 3029 3350 3101 probant
3393 3012 3650 3100 superius
3698 3028 3964 3086 adducta.

2379 3122 2538 3178 Ratio
2577 3117 2764 3177 autem
2806 3121 3121 3192 posterioris
3161 3120 3331 3191 partis
3369 3125 3484 3191 est,
3529 3121 3660 3192 quia
3699 3119 3970 3175 naturalis

2377 3211 2620 3283 cognitio
2647 3226 2754 3267 non
2783 3216 2963 3281 potest
2989 3225 3109 3265 esse
3136 3224 3306 3266 causa
3331 3224 3426 3280 per
3448 3224 3506 3265 se
3543 3208 3973 3281 supernaturalis

2377 3302 2700 3375 cognitionis
2720 3340 2736 3365 ,
2763 3316 2892 3357 cum
2920 3300 2992 3355 sit
3019 3299 3288 3357 inferioris
3316 3298 3540 3355 ordinis.
3571 3302 3754 3356 Potest
3786 3306 3973 3355 autem

2378 3406 2499 3447 esse
2525 3389 2762 3448 conditio
2789 3390 3116 3460 necessaria,
3144 3396 3206 3446 ut
3226 3388 3530 3461 applicetur
3551 3388 3826 3446 obiectum
3851 3388 3967 3444 sus-

2378 3482 2638 3552 lieienter,
2676 3482 2971 3552 cognitioni
3003 3478 3428 3551 supernaturali,
3463 3486 3524 3537 ut
3550 3494 3617 3535 ex
3646 3480 3870 3535 materia
3907 3477 3976 3534 de

2363 3573 2482 3630 -fide
2519 3576 2759 3628 constat.
2791 3572 2904 3627 Hoc
2945 3584 3076 3643 ergo
3107 3568 3268 3625 modo
3295 3574 3472 3642 potest
3500 3570 3771 3626 dictamen
3807 3575 3969 3624 natu·

2380 3661 2493 3719 rale
2538 3661 2797 3732 supponi,
2827 3666 2886 3715 et
2921 3673 3042 3715 esse
3076 3658 3482 3732 necessarium,
3512 3666 3576 3715 ut
3612 3664 3974 3731 praeceptum

2378 3749 2793 3823 supernaturale
2820 3748 2992 3821 possit
3018 3746 3280 3822 obligare.

2963 3938 3240 4021 CAPUT
3284 3938 3372 4006 X.

2385 4136 2601 4194 Utrum
2616 4132 2714 4189 lex
2734 4097 3033 4190 naturalis
3053 4130 3266 4207 obliqet
3287 4148 3402 4188 non
3423 4130 3617 4188 solum
3632 4130 3716 4188 ad
3729 4137 3956 4200 actum,

2454 4221 2557 4279 sed
2593 4225 2780 4279 etiam
2815 4220 2898 4279 ad
2931 4220 3172 4277 modum
3207 4223 3468 4287 virtutis,
3501 4224 3593 4278 ita
3617 4227 3684 4277 ιιι
3710 4224 3831 4277 nisi
3853 4238 3964 4295 per

2453 4317 2660 4370 actum
2697 4314 2858 4367 omni
2895 4326 2970 4367 em
3004 4316 3178 4383 parte
3215 4310 3524 4368 honestum
3563 4310 3800 4387 impleri
3840 4329 3962 4369 non

2450 4404 2662 4477 possit.

2928 4576 3410 4643 summarium

2380 4768 2426 4817 1.
2457 4767 2748 4818 Differentia
2771 4766 2908 4816 iuter
2933 4770 3205 4829 praecepta
3229 4764 3526 4815 affirmativa
3551 4772 3604 4815 et
3630 4768 3888 4829 negativa.
3907 4796 3978 4806 --

2446 4836 2497 4886 2.
2512 4836 2804 4888 Differentia
2825 4837 2960 4885 inter
2980 4835 3323 4898 impletionem
3335 4837 3594 4900 praecepti
3615 4842 3670 4887 et
3683 4849 3784 4888 non
3807 4845 3976 4889 trans-

2443 4908 2755 4969 gressionem
2778 4905 3078 4956 illius—3.
3101 4906 3171 4956 De
3194 4904 3574 4956 conditionibus
3595 4905 3659 4955 ad
3684 4914 3858 4959 actum
3874 4910 3970 4959 bo-

2443 4990 2566 5027 num
2587 4976 2826 5027 moralem
2850 4975 3131 5040 requisitis.
3153 5002 3223 5012 —
3239 4975 3292 5025 4.
3321 4975 3486 5025 Prima
3511 4977 3760 5027 assertio:
3789 4977 3970 5030 nodus

2444 5045 2686 5112 operandi
2709 5046 2996 5096 voluntarie
3017 5044 3153 5094 eadit
3175 5046 3276 5095 sub
3299 5050 3626 5109 praeceptum
3652 5047 3782 5109 legis
3807 5054 3965 5097 natu-

2444 5118 2588 5178 ralis,
2633 5122 2687 5165 et
2727 5122 2806 5165 est
2849 5114 2913 5165 ad
2956 5114 3081 5164 illud
3123 5114 3495 5165 observandum
3528 5117 3868 5167 necessarius.
3893 5143 3965 5153 —

2443 5188 2494 5237 5.
2515 5186 2764 5238 obiectio.
2785 5184 3100 5235 —Solvitur.
3116 5185 3248 5236 —6.
3270 5185 3478 5247 Aliquot
3502 5185 3821 5237 obiectiones
3839 5199 3964 5235 con-
