4325 6267
751 348 872 410 172
2132 364 2332 413 unna
2358 360 2463 411 111.

1268 487 1546 557 CAPUT
1590 488 1673 555 V.

680 688 777 742 An
817 685 1077 755 potestas
1110 678 1353 752 serendi
1398 680 1551 754 (eyes
1597 681 1795 739 civiles
1838 685 2163 755 perseveret
2207 683 2270 737 in

758 770 984 827 Christi
1031 768 1328 837 Ecclesia,
1383 774 1439 826 et
1474 786 1581 845 per
1627 786 1730 828 eas
1776 770 2037 845 obliqare
2078 772 2270 845 possit

750 860 1104 915 christianos
1132 874 1233 915 seu
1244 856 1458 931 fideles
1487 859 1842 935 baptizatos.

1257 1038 1699 1103 summarium

682 1213 731 1263 1.
760 1212 917 1263 Error
942 1212 1091 1262 iudae
1115 1212 1338 1274 galilaei.
1362 1240 1431 1249 —
1448 1212 1499 1263 2.
1525 1214 1849 1277 Magistratus
1874 1215 2043 1265 civilis
2080 1214 2129 1263 in
2158 1213 2272 1275 lege

751 1283 949 1345 gratiae
994 1282 1289 1345 permansit.
1308 1283 1447 1333 —3.
1484 1282 1634 1335 Ratio
1676 1284 2035 1336 conclusionis,
2056 1311 2127 1319 —
2148 1282 2273 1332 Nota

753 1354 922 1402 inusta
948 1352 1237 1416 primitivae
1260 1352 1518 1403 Ecclesiae
1549 1368 1699 1417 quae.
1720 1381 1790 1391 -—
1808 1355 1862 1403 4.
1888 1353 2119 1404 Secunda
2144 1352 2278 1401 ratio

754 1422 1093 1471 conclusionis
1126 1434 1188 1471 ex
1220 1422 1523 1489 Augustino.
1548 1424 1688 1475 -5,
1714 1423 2065 1487 Respondetur
2098 1421 2278 1471 haere-

762 1492 899 1541 ticiS.

772 1656 818 1707 l.
860 1649 1005 1716 Quae
1046 1649 1311 1705 hactenus
1352 1648 1581 1707 diximus
1620 1651 1688 1708 de
1730 1651 1963 1708 naturali
2007 1658 2278 1723 potestate

687 1740 923 1796 humana
953 1739 1018 1794 ad
1060 1738 1203 1810 leges
1232 1739 1418 1795 civiles
1448 1739 1693 1796 serendas
1713 1782 1728 1811 ,
1761 1740 2032 1813 generalia
2057 1747 2189 1796 sunt
2212 1738 2278 1795 ad

688 1844 875 1887 omnes
913 1827 1161 1883 ethnicos
1188 1834 1241 1882 et
1269 1827 1535 1899 infideles,
1568 1834 1629 1885 ut
1658 1844 1793 1901 ergo
1823 1828 1977 1885 uobis
2007 1830 2130 1883 usui
2158 1844 2279 1884 esse

686 1920 897 1989 possint
926 1918 1085 1989 (quia
1114 1916 1181 1972 de
1211 1917 1293 1973 his
1323 1917 1533 1990 legibus
1553 1961 1567 1988 ,
1607 1926 1771 1990 prout
1798 1925 1928 1975 sunt
1956 1921 2005 1975 in
2038 1936 2146 1975 usu
2175 1920 2280 1975 Ec-

688 2006 911 2073 clesiae,
958 2011 1010 2062 et
1050 2005 1116 2061 ad
1159 2023 1338 2062 mores
1368 2007 1611 2065 fidelium
1640 2010 1905 2080 pertinere
1934 2016 2194 2082 possunt,
2229 2008 2281 2064 in

690 2096 955 2167 praesenti
1001 2098 1363 2169 tractamus),
1407 2100 1777 2155 necessarium
1816 2107 1931 2171 est,
1974 2098 2282 2156 doctrinam

688 2184 868 2241 datam
912 2184 981 2240 ad
1022 2185 1323 2242 Ecclesiam
1358 2186 1557 2243 Christi
1587 2188 1861 2260 applicare
1886 2228 1901 2259 ,
1926 2194 1984 2245 et
2005 2187 2284 2261 quomodo

690 2277 744 2330 in
774 2291 838 2331 ea
866 2272 1050 2329 locum
1074 2274 1300 2345 haheat,
1325 2283 1383 2332 et
1404 2276 1668 2333 servanda
1692 2277 1789 2349 sit,
1812 2292 2100 2349 exponere.
2124 2278 2282 2333 Circa

692 2364 1025 2437 propositam
1064 2379 1197 2437 ergo
1236 2366 1603 2436 quaestionem
1647 2366 1749 2423 fuit
1784 2382 1944 2423 error
1972 2368 2121 2422 circa
2151 2371 2284 2422 tem-

688 2468 826 2524 pora
851 2452 1047 2509 Christi
1084 2459 1139 2509 et
1164 2454 1538 2525 apostolorum
1572 2462 1792 2513 exortus
1818 2454 2181 2528 quorumdam
2208 2455 2287 2513 di-

692 2542 973 2613 centium,
1004 2558 1108 2598 non
1141 2559 1263 2599 esse
1298 2544 1503 2601 licitum
1535 2546 1781 2603 fidelibus
1812 2546 1973 2603 alium
2003 2545 2284 2602 dominum

694 2646 1087 2703 recognoscere
1131 2641 1345 2703 praeter
1383 2637 1593 2708 Deum,
1640 2636 1867 2709 ideoque
1908 2636 2285 2693 saecularibus

694 2720 1052 2791 principibus,
1073 2730 1168 2777 aut
1188 2738 1381 2779 eorum
1402 2724 1611 2813 legibus
1632 2725 1989 2783 obediendum
2003 2741 2111 2781 non
2134 2740 2277 2782 esse.

694 2811 777 2865 lta
804 2810 967 2866 refert
992 2811 1350 2887 Hieronymus
1375 2812 1441 2870 ad
1469 2816 1571 2872 Tit.
1602 2820 1654 2872 3.
1680 2816 1731 2871 in
1760 2814 2042 2887 principio,
2071 2820 2284 2870 censet·

694 2913 833 2971 quie,
866 2898 1143 2955 auctorem
1175 2901 1335 2957 huius
1362 2906 1565 2959 erroris
1599 2904 1769 2960 fuisse
1796 2903 1984 2960 ludam
2010 2902 2161 2961 illum
2191 2919 2282 2975 ga·

693 2987 912 3045 lilaeum
929 3030 942 3057 ,
973 2987 1041 3045 de
1068 3005 1177 3062 quo
1205 2989 1438 3048 refertur
1466 2995 1649 3049 Actor.
1681 2998 1731 3050 5:
1764 2995 2087 3051 Extitisse
2065 3010 2129 3048 tn
2157 2990 2279 3048 die·

696 3076 800 3132 bus
832 3076 1239 3150 profess-ionis,
1276 3079 1325 3136 id
1360 3087 1446 3138 est
1473 3088 1626 3139 ortus
1654 3089 1709 3140 et
1735 3083 2027 3139 nativitatis
2054 3081 2276 3152 Christi,

695 3165 913 3239 quando
941 3170 1084 3223 exiit
1107 3168 1363 3227 edietum
1388 3187 1432 3227 a
1464 3174 1725 3230 Caesare
1751 3175 2011 3247 Anqusto
2028 3214 2042 3238 ,
2076 3176 2142 3229 nt
2183 3171 2284 3228 de·

692 3255 1041 3312 scriberetur
1076 3260 1380 3332 universas
1416 3261 1590 3322 orbis.
1638 3268 1695 3318 et
1730 3262 1898 3319 ibant
1942 3277 2145 3318 omnes
2165 3306 2180 3327 ‚
2213 3266 2281 3318 at

688 3344 1131 3417 profiterentur,
1170 3355 1230 3404 ut
1255 3348 1454 3407 dicitur
1481 3354 1659 3408 Lucae
1686 3358 1741 3409 2.
1768 3352 1837 3408 Et
1863 3350 2077 3408 additur
2100 3351 2170 3407 de
2190 3351 2278 3408 illo

693 3434 856 3510 luda,
897 3434 1057 3508 qaod
1090 3442 1302 3494 avertit
1328 3438 1619 3515 populum
1646 3446 1783 3515 post
1810 3457 1909 3503 se:
1936 3440 2069 3513 quid
2097 3446 2277 3497 autem

693 3523 782 3579 ille
831 3525 1196 3598 praedicaret,
1251 3531 1427 3585 Lucas
1468 3546 1575 3586 non
1615 3531 1870 3603 explicat.
1919 3532 2281 3605 Hieronymus

697 3621 879 3669 autem
911 3615 1093 3687 refert,
1123 3615 1332 3674 dicens:
1364 3622 1529 3675 Inter
1554 3627 1791 3677 caetera
1815 3621 1924 3678 hoc
1948 3624 2123 3695 qnasi
2142 3638 2281 3695 pro-

697 3701 889 3758 babile
918 3704 1259 3779 prqferebat
1295 3723 1371 3766 ea:
1410 3707 1530 3781 leqe
1546 3752 1559 3774 ,
1606 3708 1839 3765 nullum
1867 3708 2067 3767 debere
2093 3708 2279 3765 domi·

694 3808 869 3858 nam,
906 3796 1026 3849 nisi
1064 3794 1255 3851 solam
1297 3802 1483 3858 Deum
1520 3801 1757 3865 vocari,
1806 3804 1862 3855 et
1900 3815 2021 3865 eos,
2056 3801 2159 3871 qni
2197 3798 2281 3855 ad

695 3880 981 3954 templum
998 3882 1261 3941 decimas
1280 3884 1589 3957 deferrent,
1628 3888 1881 3945 Caesari
1902 3886 2132 3944 tributa
2158 3904 2278 3944 non

695 3968 957 4029 reddere.
987 3975 1055 4029 Et
1073 3972 1212 4031 hanc
1235 3974 1496 4033 haeresim
1514 4020 1528 4047 ,
1554 3980 1657 4047 ait,
1683 3977 1913 4035 multum
1937 3977 2280 4049 percrebuis-

700 4076 758 4115 se
788 4074 961 4133 usque
990 4063 1056 4119 ad
1084 4070 1327 4137 tempora
1357 4067 1769 4138 praedicationis
1796 4066 2020 4136 Christi,
2052 4074 2107 4123 et
2131 4066 2279 4123 illius

698 4153 993 4209 occasione
1006 4154 1327 4224 pharisaeos
1349 4156 1559 4213 misisse
1577 4156 1872 4229 discipulos
1892 4172 2024 4213 suos
2040 4156 2105 4211 ad
2127 4156 2278 4213 Chri·

698 4248 847 4297 stum
875 4242 1345 4317 interrogandum,
1371 4262 1437 4303 an
1461 4247 1655 4304 liceret
1674 4262 1901 4304 censum
1923 4246 2055 4302 dare
2083 4247 2276 4303 Caesa·

695 4331 771 4399 ri,
816 4338 922 4387 etc.
968 4334 1154 4389 Matth.
1198 4340 1291 4392 22.
1336 4336 1498 4393 Addit
1523 4338 1840 4394 Anastasius
1868 4338 2057 4393 Nicen.
2090 4352 2145 4409 q.
2181 4338 2271 4393 67.

695 4421 748 4475 in
780 4421 1150 4495 scripturam,
1191 4433 1493 4482 sectatores
1533 4427 1696 4484 huius
1734 4426 1900 4483 Iudae
1940 4426 2147 4500 galilaei
2184 4444 2276 4483 vo·

612 4552 615 4563 .
696 4520 851 4568 catos
880 4513 1043 4569 fuisse
1072 4514 1365 4588 Galilaeos3
1395 4524 1452 4572 et
1487 4517 1825 4588 prohibuisse
1855 4517 2049 4573 offerre
2076 4516 2280 4572 sacriti-

695 4601 779 4656 cia
808 4616 905 4672 pro
932 4604 1253 4674 imperatore
1281 4613 1335 4661 et
1365 4607 1565 4677 populo
1602 4622 1854 4675 romano,
1884 4613 1942 4664 et
1968 4604 2174 4662 idcirco
2199 4606 2276 4661 in-

697 4690 955 4748 terfectos
992 4693 1160 4751 fuisse
1200 4712 1231 4751 a
1273 4694 1457 4753 Pilato.
1491 4698 1602 4753 Hos
1644 4699 1785 4753 enim
1812 4696 1987 4753 credit
2012 4712 2129 4752 esse
2158 4695 2276 4761 illos

693 4779 974 4853 galilaeoS,
1006 4799 1241 4855 quorum
1290 4785 1603 4859 sanguinem
1652 4786 1870 4845 miscuit
1896 4784 2107 4853 ‚Pilatus
2145 4800 2274 4842 cum

694 4871 979 4928 sacrificiis
1007 4889 1219 4945 eorum,
1253 4883 1315 4931 ut
1340 4877 1520 4948 attigit
1545 4878 1723 4934 Lucas
1749 4892 1870 4948 cap.
1904 4880 1988 4934 l3.
2012 4878 2123 4933 Nec
2146 4891 2275 4951 vero

690 4960 814 5016 ideo
844 4960 1078 5017 haeresis
1108 4963 1221 5034 ipsa
1246 4966 1485 5021 extincta
1522 4971 1627 5037 est,
1658 4965 1754 5022 sed
1784 4982 1957 5039 usque
1980 4964 2047 5021 ad
2070 4970 2275 5036 tempo-

692 5066 752 5107 ra
779 5050 1155 5122 apostolorum
1192 5052 1423 5110 durasse
1457 5054 1733 5126 ereditur,
1774 5056 1899 5128 quia
1926 5056 2151 5128 apostoli
2181 5062 2276 5129 ga-

688 5139 826 5197 lilaei
861 5148 1052 5210 erant,
1082 5149 1139 5198 et
1174 5159 1369 5199 novam
1406 5145 1707 5203 doctrinam
1738 5146 2153 5218 praedicabant,
2187 5162 2276 5202 ve·

688 5230 832 5286 nisse
851 5228 1117 5289 dicuntur
1139 5234 1188 5288 in
1211 5235 1614 5307 suspicionem,
1636 5236 1785 5308 quod
1808 5236 2093 5337 c‘redentes
2112 5236 2274 5294 etiam

2335 493 2645 543 averterent
2681 486 2748 543 ab
2787 484 3089 541 ohedientia
3129 486 3438 556 principum
3467 483 3830 541 saecularium
3857 501 3924 540 ac

2341 577 2524 649 legum
2545 574 2806 631 civilium.
2833 575 2908 629 Ita
2932 575 3095 630 sentit
3113 574 3475 649 Hieronymus
3499 590 3683 646 supra,
3707 572 3917 640 dicens,

2337 665 2460 721 ideo
2495 664 2726 721 Paulum
2757 671 2871 719 tum
2899 662 2989 735 ibi,
3015 670 3130 719 tum
3154 662 3218 719 ad
3242 664 3399 720 Rom.
3433 668 3516 720 13.
3545 678 3760 719 monere
3782 663 3926 718 chri-

2339 742 2540 813 stianos
2560 796 2574 821 ,
2623 761 2686 810 ut
2724 752 2977 809 obediant
3005 753 3345 824 principibus
3365 793 3380 822 ,
3411 753 3539 825 quia
3569 751 3755 811 Indae
3777 752 3930 825 aali-

2338 845 2456 902 laei
2477 844 2696 919 doqma
2715 842 2914 901 adbuc
2928 859 3037 918 per
3057 840 3210 899 illud
3229 848 3455 917 tempus
3475 842 3726 915 viqebat.
3745 842 3916 918 Chry-

2339 942 2616 991 sostomus
2641 934 2800 989 etiam
2829 931 2976 989 hom.
3003 936 3097 989 23.
3123 931 3190 988 ad
3215 934 3372 989 Rom.
3399 932 3696 1000 Plurima,
3731 932 3926 1003 inquit,

2297 1102 2302 1105 Ι
2341 1031 2484 1082 tunc
2525 1025 2804 1097 temporis
2838 1018 3368 1093 circumferebatur
3386 1019 3578 1094 sama
3608 1019 3922 1077 traducens

2345 1110 2638 1185 apostolos
2677 1110 2860 1168 velati
2888 1109 3190 1167 seditiosos
3210 1153 3223 1176 ,
3262 1126 3572 1183 rerumque
3596 1114 3924 1176 novatores,

2341 1206 2443 1277 qni
2466 1206 2670 1259 omnia
2697 1199 2782 1258 ad
2815 1198 3191 1257 evertendam
3217 1198 3371 1274 leyes
3396 1216 3730 1257 communes
3756 1200 3930 1273 ensa-

2343 1296 2563 1357 cerent,
2597 1296 2654 1347 et
2679 1290 2954 1346 dicerent.

2419 1384 2535 1437 Non
2577 1382 2790 1438 invenio
2833 1387 3017 1437 autem
3058 1380 3138 1435 vel
3181 1380 3248 1437 ab
3289 1380 3408 1436 aliis
3436 1380 3707 1452 patribus,
3739 1380 3818 1436 vel
3860 1381 3932 1436 ab

2345 1471 2529 1544 aliquo
2571 1488 2638 1529 ex
2682 1471 2920 1543 antiquis
2961 1470 3325 1541 scriptoribus
3363 1468 3732 1535 declaratum,
3762 1485 3828 1525 an
3868 1485 3928 1525 re

2345 1575 2472 1617 vera
2502 1560 2603 1616 illis
2632 1561 2968 1631 temporibus
2997 1559 3160 1615 suerit
3183 1558 3377 1633 aliquis
3395 1558 3701 1615 haereticus
3727 1566 3783 1615 et
3801 1574 3936 1629 apo-

2346 1656 2487 1706 stata
2515 1666 2544 1705 a
2573 1649 2672 1704 fide
2700 1648 2933 1719 Christi,
2962 1649 3057 1720 qui
3080 1647 3380 1719 specialiter
3402 1655 3635 1704 conatus
3659 1647 3818 1703 tuerit
3842 1663 3934 1703 er-

2347 1756 2530 1796 rorem
2561 1738 2708 1795 hunc
2739 1741 2791 1794 in
2821 1738 3122 1795 Ecclesiam
3153 1736 3520 1807 introducere,
3545 1744 3600 1794 et
3619 1736 3934 1793 christianis

2349 1827 2611 1895 suadere,
2657 1827 2866 1900 legibus
2907 1827 3294 1899 imperatorum
3337 1842 3444 1881 nen
3483 1842 3604 1884 esse
3629 1828 3927 1883 subiectos.

2349 1921 2487 1976 Nam
2515 1917 2676 1974 ludas
2705 1917 2796 1973 ille
2822 1916 3085 1990 galilaeus
3114 1923 3172 1973 et
3197 1922 3320 1973 ante
3346 1916 3542 1973 Christi
3571 1917 3930 1987 praedicatio-

2350 2024 2470 2064 nem
2499 2007 2627 2079 fuit,
2655 2013 2712 2062 et
2737 2006 2805 2063 de
2833 2005 2960 2061 solis
3002 2003 3203 2062 iudaeis
3241 1993 3454 2062 videtur
3488 2005 3656 2061 fuisse
3685 2004 3926 2061 locutus.

2347 2103 2428 2154 An
2469 2113 2596 2153 vero
2635 2102 2760 2167 post
2795 2094 2947 2151 illum
2987 2094 3151 2151 fuerit
3185 2096 3380 2168 aliquis
3405 2095 3550 2155 idem
3576 2110 3825 2152 asserens
3853 2095 3924 2153 de

2348 2185 2685 2255 christianis,
2727 2184 2810 2240 vel
2849 2184 3025 2240 solum
3061 2200 3157 2255 per
3183 2184 3348 2241 salsos
3377 2200 3630 2241 rumores
3658 2201 3722 2241 ea
3749 2186 3925 2256 suspi-

2349 2280 2438 2333 cio
2466 2292 2654 2348 sparsa
2682 2275 2846 2332 suerit
2871 2280 3060 2331 contra
3086 2273 3414 2331 christianos
3440 2281 3686 2344 tempore
3715 2282 3931 2344 aposto-

2351 2365 2560 2433 lorum,
2593 2364 2719 2421 mihi
2756 2380 2861 2420 non
2901 2369 3145 2419 constat:
3185 2364 3610 2439 chrysostomus
3638 2370 3848 2434 autem,
3875 2370 3934 2421 et

2349 2455 2436 2511 alii
2464 2456 2634 2527 magis
2662 2454 2764 2509 hoc
2793 2454 3062 2524 posterius
3089 2452 3363 2524 iudicant,
3385 2468 3487 2509 nec
3511 2454 3649 2509 inter
3677 2454 3927 2511 haereses

2351 2546 2619 2617 antiquas,
2643 2559 2784 2616 quae
2807 2550 2934 2615 post
2954 2542 3232 2599 Christum
3253 2543 3500 2611 fuerunt,
3531 2544 3764 2613 invenio,
3791 2543 3930 2601 hanc

2351 2636 2538 2692 referri
2561 2635 2628 2691 ah
2651 2633 2972 2706 Epiphanio,
2995 2633 3326 2705 Augustino,
3355 2635 3686 2689 Damascene
3717 2640 3774 2691 et
3793 2634 3929 2689 aliis.

2351 2726 2560 2782 Nostris
2606 2740 2736 2781 vero
2787 2723 3122 2795 temporibus
3171 2723 3444 2780 Lutherus
3482 2724 3620 2779 hanc
3671 2724 3932 2781 baeresim

2350 2831 2547 2888 magna
2574 2815 2984 2888 exaggeratione
3012 2811 3234 2884 docuit,
3263 2812 3395 2870 dixit
3419 2816 3564 2870 enim
3582 2855 3597 2882 ,
3626 2814 3934 2871 christianis

2349 2905 2583 2975 nullam,
2613 2906 2724 2961 sive
2751 2900 2818 2961 ab
2848 2902 3177 2971 hominihus,
3207 2903 3320 2958 sive
3346 2902 3414 2958 ab
3441 2904 3645 2976 angelis
3675 2904 3784 2959 ullo
3811 2906 3928 2960 iure

2345 2997 2547 3067 imponi
2575 3010 2767 3066 posse,
2800 2993 2901 3050 nisi
2929 3000 3196 3066 quantum
3229 2994 3329 3065 ipsi
3361 2994 3556 3065 velint3
3583 3009 3760 3066 neque
3787 2997 3934 3065 prin-

2347 3086 2496 3156 cipes
2537 3084 2734 3142 habere
2776 3084 2860 3139 ius
2915 3098 3079 3155 super
3125 3084 3480 3140 christianum
3531 3082 3830 3156 hominem,
3877 3091 3936 3142 et

2347 3173 2608 3255 quidquid
2646 3173 2797 3229 aliter
2839 3174 2926 3242 iit,
2960 3173 3245 3248 tyrannico
3282 3174 3474 3244 spiritu
3501 3174 3634 3230 fieri.
3667 3175 3742 3229 lta
3771 3174 3936 3231 refert

2347 3264 2578 3320 Prateol.
2611 3264 2659 3318 in
2688 3262 2930 3318 Luthero
2957 3303 2970 3325 ,
2995 3277 3134 3318 anno
3165 3266 3326 3319 1520.
3352 3265 3653 3335 Posteaque
3681 3264 3931 3320 eumdem

2347 3367 2589 3408 errorem
2627 3352 2799 3408 secuti
2841 3356 2971 3406 sunt
3011 3349 3417 3421 anabaptistae,
3445 3358 3502 3407 et
3527 3352 3792 3409 Trinitarii
3821 3395 3834 3421 ,
3865 3352 3934 3408 de

2348 3442 2548 3514 quibus
2584 3441 2746 3496 rel'ert
2771 3439 3125 3495 Bellarminus
3160 3438 3252 3496 lib.
3281 3445 3333 3496 3.
3358 3438 3432 3495 de
3458 3444 3683 3507 Laicis,
3711 3457 3836 3513 cap.
3868 3446 3926 3511 2,

2348 3530 2496 3603 quod
2536 3530 2794 3597 dixerint,
2836 3544 2942 3585 non
2983 3526 3148 3583 licere
3184 3528 3493 3585 christianis
3532 3545 3722 3603 gerere
3761 3532 3932 3605 magi-

2349 3625 2554 3675 stratus
2573 3661 2588 3689 ,
2615 3634 2716 3675 nec
2747 3620 2887 3674 inter
2914 3617 3237 3674 christianos
3258 3617 3452 3675 debere
3474 3634 3593 3675 esse
3619 3619 3925 3691 tribunalia,

2349 3709 2546 3765 iudicia
2563 3752 2577 3779 ,
2605 3715 2718 3766 etc.

2423 3798 2856 3857 Fundamentum
2899 3797 3127 3854 istorum
3169 3797 3404 3855 sumitur
3441 3814 3510 3855 ex
3558 3798 3927 3871 redemptione

2345 3892 2575 3962 Christi,
2605 3897 2663 3946 et
2685 3889 2960 3958 libertate,
2994 3904 3156 3959 quam
3185 3903 3282 3959 per
3308 3903 3371 3944 ea
3399 3889 3631 3945 obtinuit
3650 3888 3928 3961 ‚credenti-

2345 3982 2450 4038 bus
2479 3981 2531 4035 in
2561 3981 2758 4050 ipsum.
2786 3978 2874 4033 Sic
2900 3976 3250 4049 intelligentes
3271 3977 3404 4033 illud
3425 3978 3614 4034 Matth.
3650 3982 3708 4037 17
3730 4000 3744 4033 ε
3771 3984 3932 4051 Eryo

2345 4070 2512 4127 liberi
2539 4067 2842 4141 sumsisti,-
2879 4066 2967 4123 ubi
2997 4083 3092 4138 per
3117 4067 3256 4123 lilios
3285 4054 3470 4124 omnes
3499 4068 3822 4125 christianos
3851 4070 3929 4124 in-

2345 4161 2622 4234 telligunt,
2655 4174 2796 4231 quos
2822 4156 3015 4214 dicunt
3042 4172 3162 4213 esse
3191 4156 3387 4213 liberos
3409 4174 3438 4213 a
3461 4158 3926 4232 tributisxegihus

2345 4248 2614 4306 solvendis
2639 4250 2653 4321 (
2673 4249 2738 4304 de
2758 4248 2840 4303 his
2858 4248 2998 4303 enim
3021 4246 3090 4303 ibi
3112 4246 3361 4303 Christus
3385 4248 3760 4321 loquebatur),
3785 4248 3928 4305 unde

2345 4341 2402 4395 fit
2439 4340 2630 4409 etiam,
2673 4344 2736 4394 ut
2773 4338 2879 4392 sint
2907 4336 3056 4392 liberi
3086 4336 3152 4392 ab
3179 4350 3372 4392 eorum
3400 4338 3662 4409 regimine
3691 4345 3747 4394 et
3772 4345 3924 4409 pote-

2344 4435 2510 4498 state3
2543 4444 2665 4483 nam
2689 4426 2821 4482 haec
2843 4431 3035 4482 mutuo
3061 4440 3118 4481 se
3139 4432 3577 4497 consequuntur.
3605 4428 3774 4499 idque
3796 4444 3928 4483 con·

2343 4518 2558 4574 firmant
2579 4534 2644 4574 ex
2674 4516 2766 4573 illo
2792 4518 2972 4572 Lucae
3000 4519 3092 4572 22:
3121 4518 3298 4587 Reyes
3322 4520 3584 4587 gentiam
3613 4514 3925 4575 dominan-

2343 4614 2443 4665 tur
2485 4622 2721 4674 eoram,·
2749 4621 2849 4662 vos
2896 4610 3097 4661 autem
3141 4621 3260 4661 non
3286 4608 3395 4661 sic.
3447 4606 3514 4662 Et
3559 4606 3694 4664 illud
3733 4608 3918 4665 nauh.

2343 4714 2466 4768 cap.
2500 4696 2602 4752 ult.
2639 4698 3018 4769 Baptizantes
3038 4711 3148 4760 eos,
3173 4738 3186 4751 .
3205 4735 3218 4748 .
3238 4732 3254 4749 .
3277 4694 3544 4752 decernes
3571 4713 3666 4753 eos
3686 4714 3926 4756 servare

2345 4790 2544 4844 omnia
2572 4830 2585 4850 ‚
2635 4800 3040 4857 quaecumque
3075 4782 3366 4841 mandavi
3410 4784 3570 4840 vobis
3584 4804 3607 4846 ,⁰
3647 4802 3754 4841 non
3797 4803 3930 4860 ergo

2345 4877 2596 4933 mandata
2625 4874 2926 4931 hominum.
2956 4874 3090 4929 item
3119 4872 3248 4929 illud
3286 4878 3333 4931 l.
3367 4874 3613 4930 Corinth.
3645 4878 3705 4933 7:
3732 4878 3931 4933 Pretio

2342 4968 2522 5040 empti
2549 4966 2709 5031 estis,
2743 4962 2922 5020 nolite
2937 4962 3082 5034 fieri
3105 4965 3260 5019 servi
3287 4964 3608 5019 hominum.

2343 5120 2357 5125 -
2421 5057 2516 5111 Hie
2557 5052 2712 5110 etiam
2753 5052 2952 5109 adduci
2982 5060 3210 5123 possunt
3236 5053 3326 5109 illa
3354 5054 3690 5121 testimonia,
3720 5056 3926 5128 quibus

2345 5146 2605 5202 haeretici
2629 5150 2860 5201 utuntur
2877 5182 2892 5213 ,
2917 5141 2985 5199 ad
3007 5141 3368 5215 probandum,
3394 5160 3582 5200 omnes
3603 5144 3785 5201 fideles
3807 5163 3930 5203 esse

2345 5234 2540 5293 liberos
2567 5250 2596 5289 a
2627 5234 2774 5306 lege,
2807 5248 2930 5290 nam
2959 5247 3087 5289 cum
3115 5230 3170 5288 id
3198 5231 3380 5289 dicant
3403 5234 3566 5290 etiam
3593 5234 3660 5291 de
3689 5235 3804 5308 lege
3832 5252 3929 5293 na—
