4325 6267
792 276 915 339 106

713 418 883 488 bitot,
927 432 1059 490 ergo
1103 431 1204 472 nec
1247 415 1313 472 de
1356 416 1780 488 particularibus
1829 414 2064 473 dubitari
2112 420 2309 487 potest,
2381 413 2673 485 complecti
2704 412 2882 470 omnia
2908 454 2924 482 ,
2965 428 3106 487 quae
3150 415 3200 471 in
3243 414 3360 489 lege
3388 422 3444 471 et
3483 416 3763 488 evangelio
3793 419 3970 475 conti-

714 508 843 580 quia
872 506 1033 563 etiam
1064 504 1155 562 illa
1182 520 1282 577 per
1312 521 1370 561 se
1406 513 1464 562 et
1502 522 1569 563 ex
1610 507 1661 562 vi
1703 507 2065 562 terminorum
2109 504 2311 562 habent
2382 510 2612 575 nentur,
2643 519 2818 576 neque
2846 503 2936 561 illo
2966 502 3128 562 modo
3155 504 3466 562 describere
3495 522 3593 562 seu
3634 506 3852 563 delinire
3881 508 3968 563 ius

713 596 1147 653 convenientiam
1172 610 1303 651 cum
1332 602 1526 651 natura
1554 594 1826 665 rationali,
1860 601 1923 651 ut
1950 594 2069 651 tatis
2090 601 2310 669 es13er-
2381 594 2650 663 naturate,
2675 592 2768 651 sed
2789 592 3064 651 affirmare
3089 595 3291 666 solum,
3317 594 3420 652 hoc
3449 595 3532 651 ius
3563 596 3808 653 naturaie
3836 611 3972 653 con-

714 702 783 758 go
812 701 913 741 nec
942 684 1009 741 de
1038 683 1485 741 conclusionibus
1513 700 1579 741 ex
1620 685 1701 741 his
1730 684 2002 757 principiis
2030 684 2310 741 evidenter
2379 682 2538 739 tineri
2567 683 2618 738 in
2645 682 2792 755 lege,
2823 684 3015 756 utique
3040 684 3226 756 quoad
3255 692 3548 759 praecepta
3574 686 3801 744 moralia
3827 688 3970 759 eius,

713 774 909 831 elicitis
944 772 1303 831 dubitandum
1330 776 1582 848 est‚quia
1610 775 1809 833 veritas
1832 774 2077 847 principii
2104 776 2154 831 in
2180 791 2311 831 con·
2377 778 2435 828 et
2455 778 2747 844 praecepta
2775 772 3010 830 duarum
3041 772 3375 846 tabularum,
3400 780 3456 831 et
3485 773 3618 831 illud
3646 775 3808 832 etiam
3835 791 3971 832 con-

712 863 959 919 clusione
991 863 1393 934 continetur,et
1413 866 1505 935 qui
1530 880 1699 921 unum
1714 864 1998 937 praecipit,
2020 864 2101 919 vel
2127 864 2310 935 probi·
2381 863 2542 917 tineri
2563 862 2613 917 in
2641 862 2944 935 evangelio,
2971 863 3052 919 vel
3083 870 3352 935 quatenus
3380 878 3636 935 expresse
3662 863 3712 919 in
3743 879 3810 920 eo
3836 880 3972 921 con-

710 954 831 1023 bet,
876 953 1183 1009 necessario
1226 942 1477 1025 prohibet
1520 953 1569 1010 id
1593 997 1607 1025 ,
1638 954 1788 1027 quod
1836 956 1889 1009 in
1932 953 2023 1010 illo
2062 953 2308 1009 continc-
2377 950 2700 1019 firmantur,
2730 958 2786 1007 et
2811 950 3153 1024 explicantur
3177 960 3462 1025 praecepta
3484 954 3967 1045 Decaloae'dlatth.

716 1052 835 1113 tur,
868 1043 951 1100 vel
982 1043 1096 1097 sine
1124 1058 1234 1115 quo
1272 1044 1569 1099 subsistere
1598 1059 1705 1099 non
1732 1049 1934 1115 potest.
1964 1044 2079 1099 Imo
2108 1043 2151 1097 si
2184 1058 2307 1114 pro·
2382 1044 2412 1095 5
2433 1081 2447 1109 ,
2487 1038 2572 1096 vel
2601 1047 2873 1112 quatenus
2906 1040 3104 1098 virtute
3133 1049 3310 1099 totum
3336 1043 3422 1100 ius
3451 1043 3698 1100 naturale
3726 1044 3975 1102 contine·

715 1134 828 1206 prie
856 1132 1179 1206 loquamur,
1211 1133 1382 1205 magis
1408 1140 1701 1190 exercetur
1724 1133 1804 1189 lex
1847 1132 2110 1189 naturalis
2140 1134 2196 1187 in
2226 1132 2309 1186 bis
2381 1136 2471 1184 tur
2495 1129 2548 1184 in
2579 1128 2669 1186 illo
2700 1130 2987 1201 principio,
3016 1130 3163 1204 quod
3192 1131 3423 1188 babetur
3453 1131 3639 1189 Matth.
3676 1135 3727 1191 7:
3769 1137 3970 1209 Quae-

716 1223 991 1295 principiis
1019 1221 1103 1277 vel
1132 1219 1579 1277 conclusionibus
1603 1223 1860 1294 proximis
1880 1261 1894 1290 ,
1926 1236 2089 1294 quam
2118 1222 2174 1275 in
2204 1220 2310 1276 illis
2385 1232 2634 1291 cumque
2667 1218 2866 1286 mltis,
2902 1219 3228 1294 nesae-iant
3252 1221 3411 1279 vobis
3449 1223 3710 1279 homines
3733 1267 3748 1290 ‚
3789 1228 3846 1280 et
3871 1240 3972 1280 vos

717 1312 995 1383 principiis
1030 1310 1453 1381 universalibus,
1476 1311 1605 1384 quia
1633 1311 1717 1367 lex
1746 1316 1830 1366 est
1850 1311 2093 1381 proxima
2124 1309 2314 1381 regula
2363 1306 2562 1380 facite
2591 1306 2750 1377 illitu
2777 1317 2836 1366 et
2862 1310 2966 1367 boc
2999 1311 3251 1368 ultimum
3279 1312 3448 1369 tuisse
3471 1310 3688 1369 videtur
3710 1327 3741 1368 a
3765 1314 3975 1370 Gratia·

2193 290 2386 339 LIBER
2419 290 2468 337 11
2478 318 2494 336 .

717 1402 1047 1473 operationis
1069 1420 1084 1471 ·,
1116 1400 1203 1456 illa
1232 1407 1412 1457 autem
1442 1402 1753 1456 communia
1772 1401 2033 1471 principia
2053 1415 2161 1456 non
2181 1406 2312 1455 sunt

718 1490 938 1561 regula,
967 1490 1069 1545 nisi
1101 1497 1374 1562 quatenus
1416 1505 1513 1561 per
1553 1489 1907 1561 particularia
1944 1488 2311 1546 determinan-

718 1588 815 1637 tur
846 1579 914 1635 ad
948 1578 1187 1651 singulas
1212 1581 1419 1651 species
1447 1585 1678 1635 actuum
1709 1594 1805 1636 seu
1838 1581 2119 1635 virtutum.
2154 1579 2311 1635 Deni-

716 1684 823 1742 que
858 1667 993 1724 haee
1022 1668 1199 1724 omnia
1224 1673 1515 1741 praecepta
1538 1670 1864 1725 necessitate
1890 1667 2128 1741 quadam
2150 1667 2321 1739 prod·'

715 1765 847 1816 eunt
874 1774 905 1814 a
940 1765 1135 1814 natura
1174 1764 1231 1814 et
1270 1776 1299 1813 a
1329 1760 1471 1827 Deo,
1502 1763 1775 1831 quatenus
1814 1764 2010 1814 auctor
2034 1764 2122 1814 est
2156 1763 2314 1814 natu-

718 1864 844 1918 rae,
876 1856 933 1906 et
960 1846 1191 1906 tendunt
1219 1846 1285 1904 ad
1312 1847 1564 1904 eumdem
1592 1848 1750 1903 tinem
1770 1890 1783 1917 ,
1826 1848 2081 1903 nimirum
2122 1846 2192 1904 ad
2218 1848 2310 1903 de-

721 1940 883 1995 bitam
932 1938 1399 1995 conservationem
1447 1944 1506 1994 et
1551 1937 1852 1995 naturalem
1900 1938 2310 2010 perfectionem,

718 2044 816 2085 seu
845 2028 1157 2085 felicitatem
1185 2026 1453 2085 humanae
1482 2032 1741 2099 naturae;
1772 2041 1905 2099 ergo
1934 2026 2113 2083 omnia
2144 2026 2311 2098 perti·

716 2126 847 2176 nent
884 2118 951 2175 ad
981 2118 1227 2175 naturale
1256 2118 1360 2175 ius.

796 2208 959 2266 Addit
986 2223 1113 2265 vero
1140 2208 1426 2265 Gratianus
1449 2207 1518 2266 ad
1554 2213 1603 2267 l.
1635 2209 1687 2265 in
1716 2208 2011 2281 principio,
2042 2208 2127 2264 ius
2156 2214 2316 2263 natu-

720 2299 833 2357 rale
860 2315 1002 2372 esse,
1033 2298 1181 2371 quod
1210 2299 1261 2354 in
1284 2298 1401 2371 lege
1421 2304 1477 2355 et
1498 2298 1775 2372 evangelio
1796 2300 2128 2356 continetur.
2153 2296 2314 2365 Quod

720 2392 767 2446 si
796 2404 985 2445 verum
1014 2395 1117 2457 est,
1144 2404 1251 2445 non
1282 2388 1463 2444 solum
1490 2403 1727 2461 ea,quae
1754 2385 2014 2459 diximus,
2038 2386 2137 2443 sed
2154 2387 2314 2442 etiam

718 2494 859 2553 quae
896 2478 979 2535 vel
1013 2494 1113 2550 per
1140 2479 1361 2554 Moysen
1399 2479 1543 2534 Deus
1578 2479 1900 2550 praecepit,
1937 2476 2026 2533 vel
2064 2476 2316 2532 Christus

718 2571 878 2626 iussit
898 2570 945 2625 in
977 2569 1095 2641 lege
1123 2582 1284 2637 nova,
1312 2566 1384 2623 ad
1410 2569 1494 2623 ius
1514 2567 1763 2624 naturale
1792 2566 2163 2639 pertinebunt3
2187 2580 2316 2623 nam

724 2657 859 2715 haec
888 2665 1057 2728 sunt,
1102 2671 1243 2729 quae
1282 2658 1339 2711 in
1374 2655 1653 2728 evangelio
1694 2661 1749 2712 et
1790 2656 1909 2729 lege
1942 2656 2316 2713 continentur.

719 2747 803 2804 Ad
825 2746 974 2819 quod
1003 2745 1169 2803 tacite
1210 2743 1549 2817 respondens
1575 2746 1765 2801 Glossa
1796 2744 1867 2801 ibi
1896 2745 2071 2814 dicit,
2110 2745 2194 2800 ius
2221 2758 2317 2800 na·

724 2837 897 2895 turale
926 2838 996 2893 ibi
1037 2836 1220 2894 vocari
1263 2852 1295 2892 a
1322 2837 1576 2893 Gratiano
1615 2837 1703 2892 ius
1742 2834 2025 2907 divinum,
2071 2833 2316 2890 indicans

726 2924 1191 2999 comprehendere
1218 2941 1323 2982 non
1349 2924 1525 2981 solum
1556 2926 1640 2981 ius
1662 2923 1903 2981 divinum
1928 2922 2197 2996 naturale,
2223 2924 2319 2981 sed

723 3020 887 3075 etiam
919 3018 1243 3089 positivum,
1270 3024 1328 3072 et
1364 3015 1467 3071 hoc
1510 3022 1821 3087 sequuntur
1865 3014 2031 3088 aliqui
2070 3013 2316 3070 iuristae.

726 3110 839 3165 lmo
866 3107 1028 3163 divus
1056 3104 1291 3162 Thomas
1320 3105 1369 3159 in
1401 3109 1465 3174 4,
1492 3103 1620 3161 dist.
1650 3109 1751 3173 33,
1782 3120 1835 3177 q.
1872 3107 1920 3171 t,
1949 3111 2055 3160 art.
2090 3110 2137 3161 1.
2167 3102 2234 3159 ad
2261 3108 2318 3161 4.

728 3198 903 3269 inquit
922 3237 938 3269 ,
967 3193 1299 3269 ali-quando
1326 3192 1447 3249 dici
1486 3192 1772 3251 naturale
1795 3238 1808 3259 ,
1856 3210 1973 3249 non
2011 3191 2204 3250 solam
2231 3191 2313 3260 td,

728 3284 889 3361 quod
912 3290 997 3343 εει
1024 3302 1071 3342 a
1089 3287 1390 3359 principio
1414 3286 1730 3340 intrinseco
1753 3328 1767 3351 ,
1804 3282 1906 3340 sed
1929 3286 2133 3351 etiam,
2168 3281 2324 3356 quod

730 3382 817 3433 est
852 3392 927 3431 ex
957 3373 1253 3446 amissione
1288 3378 1343 3430 et
1368 3375 1753 3447 impressione
1782 3376 2106 3446 superioris
2144 3388 2325 3445 aqen-

732 3469 833 3531 tis,
868 3464 1095 3521 scilicet
1122 3466 1268 3523 Dei..-
1296 3467 1351 3519 ει
1376 3465 1463 3517 sic
1481 3464 1675 3535 accipi
1700 3460 1776 3519 ab
1800 3460 2047 3528 Isidos-0,
2076 3478 2216 3518 cum
2238 3460 2327 3518 di-

736 3558 844 3621 cit,
878 3558 971 3611 ius
999 3550 1281 3609 naturale
1310 3567 1451 3615 esse,
1486 3549 1639 3624 quod
1664 3553 1729 3607 in
1768 3547 1891 3622 leqe
1929 3554 1985 3606 ει
2022 3548 2327 3623 evanqelio

732 3647 1102 3707 continetiam·
1132 3656 1257 3697 nam
1288 3640 1413 3696 licet
1436 3640 1525 3695 illa
1550 3638 1711 3695 verba
1734 3656 1841 3694 non
1864 3640 1971 3695 sint
1991 3637 2206 3711 isidori,
2229 3637 2327 3695 sed

733 3733 1013 3803 Gratiani,
1044 3728 1293 3787 videntur
1321 3728 1547 3785 tundata
1590 3730 1639 3783 in
1680 3727 1885 3784 Isidoro
1928 3727 2123 3784 ibidem
2154 3727 2326 3785 relato

733 3826 786 3878 in
810 3838 933 3893 cap.
956 3826 1090 3879 1.ex
1124 3820 1255 3877 libro
1280 3826 1333 3876 5.
1354 3823 1556 3893 Etym.
1590 3834 1713 3891 cap.
1741 3823 1797 3875 2.
1828 3817 2069 3874 dicente:
2108 3818 2328 3875 Omnes

735 3912 886 3985 leges
928 3910 1163 3967 divinae
1200 3912 1341 3965 sant
1374 3914 1482 3966 aut
1506 3910 1847 3975 humanam
1877 3907 2114 3964 divinae
2150 3912 2331 3965 nata-

738 4018 843 4069 ra,
880 4002 1185 4058 humanae
1214 3997 1473 4054 moribus
1503 4002 1791 4054 constant.
1836 3998 1940 4054 Sed
1980 3996 2328 4053 nibilominus

740 4092 829 4149 hic
860 4107 1055 4147 sensus
1084 4106 1192 4145 non
1226 4087 1439 4144 videtur
1461 4087 1527 4143 ab
1548 4087 1629 4144 his
1659 4086 1901 4159 patribus
1925 4088 2184 4157 intentus,
2213 4092 2329 4143 tum

740 4184 867 4256 quia
898 4183 1031 4237 satis
1058 4178 1334 4251 explicant
1371 4176 1437 4234 de
1466 4193 1579 4249 quo
1608 4178 1721 4233 iure
1748 4178 1983 4234 naturali
2012 4177 2328 4251 loquantur,

740 4272 946 4328 scilicet
976 4268 1043 4325 de
1065 4284 1163 4338 eo,
1194 4261 1343 4341 quod
1369 4273 1469 4323 ‘est
1498 4282 1789 4323 commune
1819 4266 2070 4323 omnibus
2100 4266 2328 4324 nationi·

631 4414 641 4425 ,
743 4360 847 4417 bus
870 4401 885 4427 ,
916 4375 980 4415 eo
1016 4357 1167 4430 quod
1197 4356 1454 4412 instinctu
1484 4362 1707 4413 naturae
1728 4398 1743 4423 ,
1788 4372 1894 4412 non
1934 4357 2332 4413 constitutione

745 4449 925 4521 aliqua
957 4448 1313 4519 habeatur,et
1341 4447 1411 4503 ita
1436 4440 1941 4518 illud‘distinguunt
1964 4460 1995 4502 a
2019 4448 2137 4503 iure
2167 4447 2331 4503 civili.

745 4537 897 4596 Unde
920 4544 1109 4609 aperte
1138 4535 1441 4610 loquuntur
1469 4537 1535 4593 de
1565 4538 1678 4592 iure
1707 4552 1807 4592 seu
1836 4535 2046 4609 legibus
2072 4578 2087 4607 ,
2130 4538 2332 4608 quibus

746 4628 987 4684 homines
1010 4642 1077 4682 ex
1108 4628 1155 4680 vi
1178 4641 1311 4682 suae
1339 4625 1687 4682 institutionis
1716 4641 1861 4681 mere
1876 4624 2138 4682 naturalis
2160 4626 2332 4682 velex

746 4717 1090 4774 naturalibus
1121 4718 1451 4772 constitutae
1470 4757 1484 4781 ,
1515 4715 1802 4788 gubernati
1830 4722 1961 4772 sunt
1985 4731 2018 4771 a
2044 4715 2332 4787 principi03

746 4823 853 4863 non
875 4822 1009 4877 ergo
1034 4804 1607 4876 comprehenduntius
1622 4803 1870 4860 divinum
1894 4803 2332 4877 supernaturale,

748 4913 847 4953 seu
877 4896 1196 4969 positivum3
1237 4909 1337 4951 nec
1378 4900 1465 4950 est
1494 4894 1801 4951 verosimile
1824 4935 1839 4963 ,
1880 4892 2030 4965 quod
2058 4909 2338 4950 caeremo-

750 4988 865 5042 nias
888 5001 1077 5041 omnes
1106 4985 1237 5058 legis
1261 4984 1455 5042 veteris
1476 4991 1531 5041 et
1550 4992 2021 5041 sacramentorum
2045 4991 2335 5057 praecepta

748 5076 853 5133 sub
880 5075 1235 5148 appellatione
1268 5072 1403 5147 legis
1430 5074 1693 5131 naturalis
1723 5074 2250 5147 comprehenderint.

830 5171 883 5223 5.
913 5166 1046 5223 Dico
1072 5174 1228 5239 ergo,
1257 5164 1571 5221 Gratianum
1599 5179 1707 5222 non
1737 5164 1942 5238 dicere,
1976 5165 2059 5221 ius
2087 5164 2334 5223 naturale

2383 1414 2451 1455 no
2482 1401 2716 1455 maxime
2743 1402 3032 1456 intentum.
3064 1400 3219 1458 Unde
3247 1400 3325 1458 sic
3355 1406 3441 1459 est
3473 1403 3592 1459 eius
3631 1402 3812 1459 littera
3839 1418 3973 1459 con-

2383 1488 2682 1559 iungenda:
2717 1492 2823 1545 Ius
2852 1487 3132 1545 naturale
3157 1495 3268 1555 est,
3302 1506 3414 1563 qao
3453 1493 3696 1563 quisque
3735 1490 3973 1549 iubetur

2379 1576 2749 1650 aliisae-ere,
2785 1578 2942 1653 quod
2969 1579 3079 1635 sibi
3102 1578 3230 1635 vult
3253 1579 3424 1651 fieri,
3457 1577 3612 1653 quod
3647 1582 3713 1636 in
3752 1580 3876 1653 leqe
3915 1587 3972 1638 et

2381 1674 2444 1725 in
2472 1668 2770 1743 evanqelio
2797 1650 3144 1726 continetur.
3189 1668 3352 1730 Unde
3393 1671 3662 1727 Christus
3693 1673 3754 1726 in
3795 1686 3974 1728 evan-

2381 1757 2532 1833 9elio
2559 1758 2732 1826 dixit,
2751 1766 2861 1816 etc.
2895 1760 2966 1816 Et
2992 1760 3064 1817 ita
3095 1760 3204 1815 tere
3226 1760 3476 1836 exposuit
3495 1758 3550 1815 d.
3573 1760 3808 1816 Thomas
3844 1764 3888 1817 t.
3910 1765 3970 1833 2,

2381 1867 2439 1924 q.
2469 1855 2571 1919 94,
2603 1857 2709 1906 art.
2743 1844 2802 1907 4.’
2833 1847 2902 1906 ad
2941 1856 2957 1907 t
2984 1890 3000 1920 ,
3029 1856 3087 1907 et
3109 1850 3366 1905 Turrecr.
3399 1849 3466 1905 ibi
3495 1855 3598 1906 art.
3633 1854 3686 1907 3.
3721 1848 3787 1906 ad
3818 1854 3874 1923 4,
3908 1850 3973 1906 li-

2381 1948 2473 1997 cet
2500 1956 2605 1995 non
2635 1946 2954 1997 constanter
2982 1938 3242 2012 loquatur
3261 1982 3276 2007 ,
3310 1955 3456 1996 nunc
3487 1954 3682 2010 unam,
3715 1956 3865 1997 nunc
3894 1940 3973 1996 al·-

2383 2035 2558 2086 teram
2597 2030 3012 2100 responsionem
3054 2027 3389 2085 admittendo
3415 2070 3430 2100 ,
3478 2036 3534 2084 et
3573 2030 3726 2102 prius
3765 2031 3975 2100 impro-

2381 2116 2559 2175 bando
2596 2115 2846 2174 Glossam
2873 2159 2888 2188 ,
2928 2123 2984 2173 et
3021 2124 3209 2189 postea
3251 2116 3528 2189 probando
3569 2120 3971 2189 responsionem

2382 2206 2437 2263 d.
2461 2206 2696 2263 Thomae
2736 2208 2788 2263 in
2816 2211 2872 2277 4,
2905 2222 3070 2279 quam
3098 2214 3286 2278 postea
3313 2208 3425 2262 sine
3445 2205 3610 2263 dubio
3631 2210 3970 2265 retractavit.

2384 2298 2687 2369 Supererat
2713 2312 2839 2352 vero
2869 2295 2956 2352 hic
2990 2294 3392 2367 explicandum,
3425 2311 3494 2351 an
3522 2311 3709 2353 omnes
3747 2296 3978 2353 conclu·-

2382 2388 2562 2443 siones
2587 2426 2602 2456 ,
2644 2400 2788 2459 quae
2825 2401 2892 2441 ex
2931 2385 3209 2457 principiis
3236 2386 3374 2441 iuris
3403 2385 3666 2442 naturalis
3693 2385 3971 2443 evidenter

2367 2475 2716 2548 eliciuntur,
2749 2475 2857 2531 sint
2883 2473 3200 2547 simpliciter
3226 2474 3294 2531 de
3325 2474 3442 2531 iure
3469 2475 3721 2547 naturali,
3748 2484 3806 2533 et
3830 2492 3973 2549 quae

2387 2568 2656 2625 connexio
2687 2608 2702 2635 ,
2735 2581 2971 2639 quamve
3011 2566 3318 2621 necessaria
3340 2605 3356 2635 ,
3401 2581 3498 2621 seu
3527 2563 3744 2621 evidens
3770 2565 3838 2625 ad
3868 2565 3973 2622 hoc

2385 2657 2694 2714 necessaria
2720 2655 2825 2727 sit,
2861 2654 2966 2713 hoc
2997 2669 3124 2710 vero
3159 2655 3350 2726 partim
3384 2653 3760 2726 respondendo
3787 2655 3854 2712 ad
3885 2672 3972 2712 ar-

2384 2753 2648 2822 gumenta
2666 2789 2680 2817 ,
2709 2748 2904 2818 partim
2933 2747 2988 2801 in
3015 2744 3366 2817 sequentibus
3394 2744 3666 2817 capitibus
3693 2744 3977 2803 declaran-

2386 2839 2456 2896 do
2493 2836 2984 2894 immutabilitatem
3015 2834 3148 2908 legis
3186 2835 3484 2908 naturalis,
3514 2834 3856 2892 commodius
3882 2852 3978 2891 ex-

2387 2927 2654 3000 pedietur.

2464 3015 2546 3073 Ad
2577 3014 2926 3072 fundamenta
2953 3016 3259 3072 contrariae
3283 3012 3578 3071 sententiae
3600 3016 3650 3070 in
3675 3015 3862 3086 primis
3885 3031 3982 3071 ne·

2387 3121 2458 3179 go
2483 3146 2500 3179 ,
2531 3104 2586 3163 d.
2619 3104 2880 3161 Thomam
2909 3106 2958 3160 in
2989 3105 3267 3161 contraria
3298 3104 3465 3161 tuisse
3493 3104 3758 3161 sententia
3782 3147 3798 3176 ,
3828 3103 3980 3175 quod

2389 3197 2522 3253 satis
2551 3211 2618 3253 ex
2645 3194 2807 3253 dictis
2833 3193 3178 3250 manifestum
3207 3200 3320 3265 est3
3353 3209 3454 3250 nec
3483 3193 3640 3249 etiam
3671 3195 3800 3251 Soto
3823 3192 3980 3249 aliter

2392 3286 2591 3356 sensit,
2618 3290 2685 3341 ut
2708 3286 2824 3356 ipse
2853 3282 3129 3355 copiosius
3163 3280 3458 3339 declaravit
3493 3281 3585 3338 lib.
3614 3286 3667 3339 3.
3697 3280 3770 3337 de
3806 3283 3980 3339 iusti-

2390 3378 2498 3441 tia,
2527 3390 2582 3448 q.
2610 3379 2657 3445 1,
2679 3380 2782 3445 art.
2801 3378 2851 3431 3.
2871 3376 2944 3429 De
2967 3372 3210 3445 opinione
3232 3387 3362 3427 vero
3387 3372 3698 3428 iuristarum
3723 3372 3900 3428 dicam
3926 3372 3979 3428 in

2393 3466 2571 3536 capite
2599 3462 2869 3536 sequenti.
2902 3460 2984 3518 Ad
3009 3462 3238 3534 primam
3279 3476 3407 3517 vero
3449 3460 3712 3531 rationem
3755 3475 3980 3533 respon-

2394 3555 2536 3628 deo,
2583 3552 2847 3627 quidquid
2871 3560 3048 3608 estex
3086 3553 3393 3609 necessario
3433 3549 3721 3607 dictamine
3762 3550 3982 3607 rationis

2394 3644 2696 3715 naturalis,
2739 3642 2999 3715 consequi
3039 3658 3107 3698 ex
3145 3642 3468 3698 necessitate
3495 3639 3562 3697 ad
3590 3646 3844 3697 naturam
3868 3681 3883 3711 ,
3925 3648 3984 3695 et

2395 3750 2514 3793 esse
2540 3751 2603 3791 ex
2635 3734 2866 3791 naturali
2898 3732 3239 3789 inclinatione
3265 3770 3280 3797 ,
3321 3732 3436 3787 sive
3476 3730 3779 3786 immediate
3805 3772 3820 3801 ,
3867 3730 3983 3785 sive

2397 3824 2658 3896 mediate,
2693 3830 2748 3879 et
2775 3838 2872 3894 per
2891 3821 3205 3880 discursum
3237 3818 3342 3876 tale
3382 3820 3650 3878 dictamen
3693 3818 3976 3876 formetur.

2395 3915 2530 3983 Quia
2555 3929 2665 3969 non
2693 3912 2871 3969 solum
2898 3900 3204 3967 immediata
3233 3909 3432 3981 passio,
3450 3910 3544 3967 sed
3565 3908 3728 3965 etiam
3752 3907 3981 3965 mediata

2397 4004 2516 4061 fluit
2541 4018 2572 4059 a
2599 4010 2827 4071 natura,
2857 4016 2956 4057 nec
2989 3998 3166 4056 solum
3209 3999 3535 4071 principium
3562 3999 3832 4055 internum
3868 4014 3984 4055 mo·

2397 4100 2518 4165 tus,
2549 4092 2644 4149 sed
2670 4092 2833 4148 etiam
2855 4096 3037 4147 motus
3067 4089 3176 4161 ipse
3216 4094 3270 4144 et
3298 4088 3560 4145 terminus
3596 4090 3716 4144 eius
3760 4094 3984 4145 natura-

2400 4183 2464 4239 lis
2492 4188 2599 4255 est,
2623 4180 2690 4238 ad
2717 4196 2835 4237 rem
2863 4178 3124 4235 moralem
3153 4193 3248 4234 seu
3279 4177 3657 4250 obligationem
3679 4193 3870 4249 parum
3892 4192 3982 4233 re-

2399 4274 2524 4341 fert,
2553 4270 2700 4345 quod
2730 4270 3042 4327 interveniat
3066 4267 3148 4325 vel
3186 4284 3292 4325 non
3324 4270 3648 4325 interveniat
3671 4267 3980 4337 discursus,

2399 4362 2444 4417 si
2471 4361 2730 4433 obligatio
2765 4360 2883 4429 ipsa
2911 4364 3122 4414 etcum
3152 4358 3362 4415 obiecto
3402 4364 3461 4414 et
3497 4373 3626 4414 cum
3669 4364 3862 4414 natura
3889 4358 3985 4417 ba-

2401 4452 2492 4507 bet
2524 4452 2879 4506 intrinsecam
2921 4448 3331 4503 connexionem.
3359 4445 3440 4504 Ad
3483 4446 3780 4503 secundam
3820 4448 3986 4503 ratio·

2401 4555 2524 4596 nem
2555 4537 2834 4595 ostendam
2859 4537 3024 4609 intra,
3056 4536 3226 4608 legem
3257 4536 3558 4593 naturalem
3579 4552 3688 4591 non
3715 4552 3836 4592 esse
3857 4552 3986 4608 pro·

2401 4632 2515 4703 prie
2543 4628 2895 4700 mutabilem,
2939 4628 3188 4700 quamvis
3231 4626 3498 4699 quaedam
3541 4632 3831 4698 praecepta
3866 4627 3985 4681 eius

2401 4719 2612 4793 possint
2642 4718 2840 4774 habere
2877 4717 3162 4772 materiam
3201 4716 3372 4787 magis
3414 4714 3496 4771 vel
3535 4715 3718 4771 minus
3757 4714 3990 4771 mutabi-

2402 4808 2505 4865 lem
2531 4850 2546 4881 ,
2576 4806 2724 4881 quod
2750 4822 2858 4863 non
2887 4806 3060 4862 variat
3087 4804 3352 4862 rationem
3380 4803 3662 4861 formalem
3690 4802 3843 4877 legis.

2487 4902 2540 4955 6.
2573 4899 2632 4953 In
2665 4898 2822 4983 tertio
2862 4902 3182 4968 argumento
3222 4894 3532 4967 postulatur
3571 4894 3821 4966 specialis
3847 4893 3986 4951 diffl-

2402 4988 2601 5057 cultas,
2628 5002 2695 5044 an
2717 5002 2904 5043 omnes
2931 4992 3090 5043 actus
3112 4987 3374 5041 virtutum
3404 4986 3710 5061 pertineant
3729 4983 3795 5040 ad
3820 4990 3976 5039 natu-

2403 5077 2569 5134 ralem
2600 5075 2804 5149 legem,
2835 5091 3000 5148 quam
3031 5080 3233 5131 tractat
3269 5073 3325 5130 d.
3371 5072 3604 5130 Thomas
3630 5072 3772 5130 dicta
3798 5089 3855 5145 q.
3887 5078 3983 5146 92,

2403 5172 2506 5225 art.
2541 5169 2610 5240 3,
2638 5170 2694 5221 et
2719 5180 2776 5239 q.
2817 5168 2949 5236 100,
2980 5170 3084 5222 art.
3121 5168 3176 5222 2.
3209 5163 3277 5219 Et
3302 5162 3354 5218 in
3397 5161 3502 5219 hoc
3543 5162 3665 5219 loco
3691 5161 3984 5235 respondet
