4325 6267
853 290 978 362 204

777 437 1076 515 legislativa
1107 441 1194 498 est
1224 437 1387 497 etiam
1423 435 1700 509 coactiva,
1730 439 1798 496 ut
1819 429 2094 508 diximus,
2123 433 2283 494 etita
2311 434 2361 492 si

775 532 1024 592 coactiva
1058 545 1178 588 esse
1223 544 1334 587 non
1369 534 1555 602 potest
1590 531 1852 601 respectu
1879 523 2146 584 interioris
2175 529 2357 594 actus,

771 638 949 698 neque
987 621 1165 695 legem
1203 619 1343 678 l'erre
1381 619 1532 678 circa
1559 607 1726 677 'illum
1767 623 1968 692 potest.
2006 616 2124 674 Dixi
2150 621 2357 688 autem,

773 715 978 772 actum
1014 726 1172 785 pure
1205 713 1536 777 internum,-
1584 708 1710 783 quia
1760 712 2005 781 oportet,
2045 713 2109 765 ut
2145 707 2203 764 in
2242 705 2361 764 sola

771 809 951 863 mente
987 801 1235 859 sistatur.
1273 801 1411 858 Nam
1447 799 1490 856 si
1527 800 1754 873 cupiens
1782 815 1837 855 v.
1863 814 1917 873 3.
1951 797 2236 872 occidere,
2266 797 2361 856 ali-

768 910 888 970 quo,
913 891 1075 950 modo
1103 891 1333 950 intentet
1359 890 1686 948 exteriorem
1713 895 1899 948 actum
1917 928 1933 961 ,
1962 896 2022 946 et
2047 888 2103 946 in
2119 887 2211 946 illo
2235 903 2360 962 pro·

769 987 898 1044 dere
920 982 1158 1056 incipiat,
1188 982 1436 1056 quamvis
1457 979 1714 1038 effectum
1735 995 1844 1036 non
1868 983 2218 1053 assequatur3
2243 994 2361 1036 sae·

766 1092 837 1150 pe
863 1078 988 1148 aget
1008 1078 1198 1132 contra
1221 1071 1394 1145 legem
1411 1112 1427 1144 ,
1451 1077 1508 1128 et
1533 1071 1778 1128 incurret
1799 1085 2030 1144 poenam
2051 1071 2192 1128 eius.
2216 1070 2363 1139 Quo-

769 1165 935 1226 modo
964 1161 1250 1239 aliquando
1277 1161 1483 1220 dicitur
1510 1161 1563 1219 in
1591 1162 1708 1218 iure
1726 1201 1742 1232 ‚
1774 1161 2011 1235 aliquem
2038 1161 2241 1234 puniri,
2267 1158 2360 1218 vel

771 1259 918 1333 quia
951 1256 1255 1330 coquavit.
1291 1253 1502 1311 scilicet
1534 1253 1775 1311 exterius
1809 1250 2115 1310 inchoando
2152 1250 2239 1309 vel
2265 1267 2361 1325 per

771 1345 1060 1406 consilium
1078 1385 1096 1420 ,
1119 1343 1202 1403 vel
1223 1360 1321 1418 per
1343 1343 1582 1417 aliquam
1604 1343 1901 1412 actionem,
1929 1357 2069 1416 quae
2091 1357 2229 1399 casu
2248 1356 2361 1410 non

768 1439 960 1498 habuit
985 1437 1261 1496 effectum.
1293 1436 1492 1510 Sieque
1518 1433 1836 1507 intelligitur
1862 1433 1948 1491 lex
1975 1435 2259 1508 quisquis,
2293 1427 2361 1490 C?

771 1529 842 1588 ad
877 1530 985 1606 leg.
1015 1527 1119 1586 Iul.
1152 1527 1477 1597 maiestatis,
1505 1524 1626 1582 etl.
1659 1527 1868 1592 Divus,
1907 1523 1961 1580 ff.
1995 1522 2063 1581 ad
2089 1522 2197 1597 leg.
2228 1524 2364 1582 Cor·

771 1621 885 1680 nel.
915 1621 982 1679 de
1009 1618 1173 1676 sicar.
1206 1615 1414 1686 Quibus
1441 1616 1577 1673 locis
1603 1616 1707 1672 alia
1732 1616 1854 1672 iura
1877 1614 2027 1672 circa
2047 1613 2151 1673 hoc
2173 1614 2361 1673 Glossa

773 1718 832 1769 et
852 1709 1107 1769 doctores
1135 1706 1416 1777 adnotant,
1445 1711 1504 1762 et
1525 1704 1629 1763 late
1657 1703 1876 1762 Felinus
1906 1709 2070 1761 tract.
2110 1708 2157 1763 1.
2190 1719 2365 1778 quan-

672 1861 682 1869 ,
774 1802 847 1859 do
873 1806 1105 1859 conatus
1132 1799 1422 1872 puniatur,
1449 1801 1504 1854 et
1529 1795 1759 1853 Navarr.
1782 1797 1836 1853 in
1856 1809 1980 1867 cap.
2008 1797 2077 1854 Si
2092 1797 2227 1868 quis
2246 1811 2363 1854 non

776 1890 994 1959 dicam,
1025 1890 1093 1948 de
1113 1902 1273 1962 poen.
1299 1885 1426 1944 dist.
1462 1890 1510 1959 1,
1533 1902 1688 1943 num.
1725 1891 1778 1944 5.
1811 1885 1964 1944 Ratio
1990 1889 2172 1942 autem
2199 1886 2363 1944 hqus

773 1979 1107 2040 limitationis
1133 1985 1238 2050 est,
1269 1978 1395 2052 quia
1421 1978 1528 2035 iam
1557 1985 1700 2036 tunc·
1719 1984 1805 2035 est
1829 1983 1986 2036 actus
2011 1977 2271 2050 exterior,
2300 1977 2365 2035 li-

775 2079 867 2130 cet
890 2085 1002 2128 non
1037 2075 1487 2142 consummatus,
1516 2074 1574 2127 et
1599 2067 1718 2125 ideo
1746 2065 2014 2140 prohiberi
2037 2073 2219 2140 potest
2238 2083 2270 2124 a
2289 2067 2364 2126 le·

773 2181 844 2239 ge
871 2163 1138 2234 humana,
1164 2167 1221 2218 et
1246 2161 1426 2234 puniri
1450 2158 1538 2218 vel
1564 2159 1750 2218 leviori
1778 2173 1950 2231 poena
1970 2199 1986 2232 ,
2008 2157 2093 2214 vel
2119 2157 2364 2232 aliquan-

776 2255 848 2313 do
873 2255 1038 2314 etiam
1067 2250 1368 2325 ordinaria,
1397 2253 1552 2309 iuxta
1579 2250 1831 2309 materiae
1860 2251 2208 2325 gravitatem.

855 2352 910 2405 3.
941 2345 1101 2404 Ratio
1128 2357 1258 2400 vero
1292 2341 1606 2416 principalis
1633 2341 1951 2399 assertionis
1978 2346 2083 2414 est,
2112 2339 2240 2414 quia
2266 2355 2366 2412 po-

777 2443 952 2498 testas
990 2434 1228 2494 humana
1260 2432 1560 2509 legislativa
1598 2429 1778 2490 solum
1805 2429 2092 2490 ordinatur
2119 2430 2189 2488 ad
2214 2436 2366 2490 exte·

777 2533 976 2588 riorem
997 2541 1190 2601 pacem
1209 2532 1266 2582 et
1283 2524 1622 2582 honestatem
1642 2523 2050 2580 communitatis
2072 2520 2359 2597 humanae,

779 2619 850 2678 ad
867 2633 1033 2693 quam
1053 2615 1185 2673 nihil
1207 2613 1451 2673 referunt
1470 2620 1655 2686 actus,
1680 2612 1850 2687 quiin
1869 2627 2010 2684 pura
2028 2618 2210 2670 mente
2232 2627 2365 2670 con-

779 2714 1146 2768 summantur.
1177 2707 1312 2764 ltem
1347 2706 1475 2779 quia
1502 2703 1638 2762 haec
1667 2709 1908 2777 potestas
1933 2702 2241 2761 immediate
2268 2719 2365 2761 na-

779 2802 958 2858 scitur
997 2797 1066 2855 ab
1105 2798 1222 2871 ipsa
1265 2795 1658 2853 communitate
1687 2794 1927 2853 humana
1952 2793 2130 2852 media
2152 2795 2364 2854 ratione

780 2888 1045 2964 naturali;
1068 2888 1217 2947 nulla
1247 2893 1429 2944 autem
1454 2887 1592 2944 ratio
1611 2885 1801 2959 dictat,
1825 2883 1974 2959 quod
1995 2885 2365 2943 communitas

780 2983 1020 3041 humana
1056 2979 1229 3053 possit
1261 2977 1391 3036 dare
1417 2982 1741 3050 potestatem
1769 2975 2077 3034 immediate
2103 2981 2159 3034 et
2186 2991 2282 3049 per
2309 2991 2368 3034 se

784 3087 951 3146 super
977 3075 1133 3129 aetus
1159 3083 1310 3127 mere
1337 3069 1606 3142 internos,
1636 3083 1767 3126 cum
1793 3066 1867 3125 illi
1893 3068 1998 3126 sint
2025 3069 2249 3126 omnino
2276 3084 2368 3126 ex-

783 3173 873 3224 tra
897 3161 1266 3238 cognitionem
1310 3175 1463 3219 suam
1483 3199 1499 3232 ,
1538 3174 1604 3217 ac
1638 3159 1864 3232 proinde
1889 3158 2052 3217 etiam
2079 3158 2190 3217 sint
2216 3165 2370 3217 extra

783 3255 965 3314 forum
1003 3267 1190 3310 suum.
1233 3250 1473 3326 Denique
1511 3248 1618 3308 hoc
1647 3251 1847 3323 optime
1873 3249 2116 3308 declarat
2142 3250 2199 3309 d.
2228 3251 2372 3308 Tho-

783 3363 904 3404 mas
947 3350 1004 3405 2.
1047 3349 1117 3416 2,
1157 3359 1214 3418 q.
1265 3343 1399 3416 10⁴,
1441 3348 1548 3403 art.
1585 3346 1646 3413 5,
1678 3357 1744 3399 ex
1772 3341 1980 3399 Seneca
2007 3345 2062 3400 3.
2093 3340 2161 3398 de
2188 3340 2365 3400 henes.

781 3438 913 3512 quia
949 3451 1096 3492 unus
1133 3432 1300 3492 homo
1338 3431 1655 3489 naturaliter
1682 3446 1791 3488 non
1821 3429 2077 3488 subditur
2103 3431 2261 3489 alteri
2286 3447 2373 3490 se-

783 3523 1030 3585 cundum
1078 3525 1314 3581 animam
1339 3564 1354 3594 ,
1405 3520 1502 3581 sed
1553 3520 1860 3579 secundum
1905 3536 2132 3593 corpus.
2182 3525 2371 3580 Errat

783 3619 958 3682 enim,
982 3613 1156 3686 inquit
1175 3611 1286 3686 ille,
1302 3613 1356 3669 si
1376 3614 1507 3686 quis
1523 3615 1722 3688 putat,
1751 3613 2084 3668 servitutem
2101 3613 2171 3668 in
2190 3616 2373 3670 totum

783 3707 1076 3766 leunsinem
1114 3700 1482 3774 descendere,
1505 3717 1658 3778 pars
1683 3704 1840 3760 enim
1878 3699 2086 3760 melior
2124 3707 2375 3777 excepta

785 3800 890 3856 est.
927 3797 1200 3869 Corpora
1224 3791 1483 3851 obnoxia
1508 3797 1647 3850 sunt
1673 3796 1730 3849 et
1758 3789 2068 3866 adscripta
2094 3788 2364 3859 donsinis,

783 3903 950 3946 mens
969 3888 1062 3944 sui
1079 3885 1232 3941 iuris
1253 3889 1359 3941 est.
1384 3881 1572 3941 Solum
1591 3883 1732 3939 enim
1752 3887 1933 3954 potest
1949 3880 2175 3940 inveniri
2193 3882 2374 3939 subie-

783 3978 894 4036 ctio
922 3976 1057 4033 inter
1096 3972 1363 4045 homines,
1386 3978 1656 4047 quatenus
1681 3971 1822 4029 inter
1847 3986 1906 4029 se
1927 3973 2373 4030 communicatio-

784 4083 910 4124 nem
935 4064 1133 4123 habere
1160 4067 1419 4136 possunt,
1449 4069 1506 4120 et
1540 4063 1781 4121 actiones
1809 4060 1973 4119 unius
1998 4069 2233 4134 possunt
2256 4063 2372 4122 aliis

783 4173 906 4216 esse
931 4154 1090 4213 utiles
1117 4152 1201 4212 vel
1235 4152 1488 4224 nocivae,
1519 4159 1578 4210 et
1600 4150 1721 4209 ideo
1749 4150 1928 4209 solum
1955 4149 2023 4211 de
2049 4152 2136 4210 his
2160 4153 2375 4211 actibus

783 4254 1018 4320 possunt
1054 4249 1350 4318 praecepta
1387 4241 1622 4300 humana
1648 4241 1803 4316 dari,
1834 4243 1930 4316 qui
1955 4241 2023 4300 ad
2049 4243 2373 4303 exteriorem

783 4336 1189 4412 dispositionem
1215 4349 1402 4392 rerum
1428 4332 1785 4391 humanarum
1805 4333 2074 4406 pertinere
2117 4341 2369 4407 possunt.

861 4433 918 4488 4.
949 4429 1006 4486 Si
1040 4427 1164 4502 quis
1200 4431 1382 4485 autem
1415 4423 1515 4483 has
1543 4424 1781 4483 rationes
1807 4429 2010 4483 attente
2037 4425 2366 4494 consideret,

781 4520 942 4578 facile
978 4517 1268 4592 intelliget,
1317 4516 1496 4574 solum
1535 4515 1833 4589 procedere
1870 4515 2082 4591 delego
2110 4515 2370 4590 humana,

783 4581 1056 4686 qua⁰tenus
1082 4625 1178 4683 per
1205 4613 1530 4684 potestatem
1567 4621 1599 4663 a
1625 4605 1743 4665 sola
1770 4606 1974 4665 ratione
1999 4609 2231 4666 naturali
2258 4623 2373 4666 ma-

783 4707 1033 4770 nantem,
1067 4700 1198 4758 serri
1223 4703 1436 4772 potest,
1476 4713 1618 4773 quae
1647 4697 1733 4755 lex
1761 4713 1890 4755 cum
1917 4696 2060 4754 civili
2085 4697 2369 4774 coincidit;

785 4809 894 4850 non
919 4806 1051 4848 vero
1088 4788 1388 4862 procedere
1413 4788 1470 4845 in
1497 4788 1616 4862 lege
1641 4785 2013 4846 ecclesiastica
2031 4828 2047 4860 ,
2079 4801 2217 4860 quae
2244 4803 2372 4861 pro-

784 4879 928 4940 cedit
963 4896 998 4939 a
1035 4880 1318 4953 superiore
1345 4873 1642 4952 potestate„
1672 4877 1917 4936 ordinata
1945 4880 2015 4937 ad
2042 4878 2285 4937 altiorem
2310 4879 2371 4937 fl-

784 4990 944 5047 nem,
971 4980 1028 5032 et
1068 4972 1296 5030 habente
1336 4970 1583 5028 altiorem
1623 4969 1906 5044 originem.
1940 4971 2116 5028 Manet
2139 4985 2273 5046 ergo
2302 4971 2370 5028 de

781 5064 873 5122 illa
899 5063 1016 5137 lege
1043 5060 1298 5134 specialis
1324 5057 1620 5118 difficultas
1634 5099 1650 5132 ,
1673 5074 1813 5133 quae
1835 5075 1902 5116 ex
1919 5060 2136 5132 speciali
2159 5063 2369 5120 ratione

779 5154 929 5213 illius
955 5151 1243 5226 nascitur,
1281 5156 1336 5210 et
1362 5149 1482 5209 ideo
1511 5151 1563 5208 in
1589 5149 1788 5220 librum
1832 5151 1920 5209 1v.
1952 5151 2096 5211 illam
2124 5159 2367 5212 tractan-

784 5243 909 5304 dam
934 5243 1308 5319 relinquimus.
1336 5241 1408 5300 Et
1441 5241 1513 5300 ob
1548 5241 1690 5300 hanc
1729 5256 1957 5301 causam
1983 5244 2208 5301 locutus
2236 5259 2361 5303 sum

2230 303 2433 360 mm
2455 304 2566 360 111.

2430 433 2485 492 in
2512 433 2807 496 assertione
2834 432 3049 514 delego
3075 451 3227 499 mere
3246 435 3518 516 humana3
3541 452 3669 500 nam
3688 437 4021 502 ecclesiasti·

2428 539 2496 582 ca
2524 525 2931 599 quodammodo
2958 535 3041 588 est
3058 528 3243 589 divina
3256 571 3272 604 ,
3297 531 3429 591 etin
3449 530 3557 591 hoc
3578 547 3743 592 sensu
3762 532 3914 592 nulla
3932 539 4020 596 est

2429 613 2727 677 difficultas
2756 619 2808 676 in
2836 621 3157 680 assertione.

2506 713 2560 768 5.
2594 706 2700 768 Sed
2728 709 2886 770 obiici
2914 717 3124 786 potest3
3153 727 3281 774 nam
3308 715 3593 790 sequitur,
3622 729 3734 772 non
3758 729 3923 790 posse
3942 714 4029 774 le-

2428 813 2555 874 gem
2581 799 2797 859 civilem
2824 801 3113 877 prohibere
3134 848 3148 877 ,
3171 811 3270 864 aut
3295 806 3611 881 praecipere
3631 811 3819 866 actum
3838 813 4019 867 exter·

2424 907 2561 948 num
2600 893 2821 952 omnino
2848 894 3163 969 occultum,
3192 897 3289 971 qui
3312 898 3367 954 in
3394 896 3597 956 iudicio
3626 896 3867 956 humano
3892 914 4023 972 pro-

2425 979 2617 1038 babilis
2643 998 2753 1040 non
2781 984 2880 1042 sit:
2915 999 3261 1061 consequens
3288 993 3471 1046 autem
3492 995 3579 1046 est
3606 988 3835 1062 l'alsum3
3862 1005 4015 1064 ergo.

2428 1071 2660 1145 Sequela
2686 1081 2863 1150 patet,
2888 1075 3017 1148 quia
3044 1076 3165 1134 talis
3192 1083 3352 1136 actus
3372 1094 3483 1136 non
3504 1084 3684 1152 potest
3709 1081 3895 1153 puniri
3922 1096 4021 1154 per

2427 1160 2605 1236 legem
2630 1179 2770 1237 pure
2798 1165 3127 1241 humanam3
3155 1183 3287 1243 ergo
3316 1185 3417 1228 nec
3444 1169 3740 1245 prohiberi,
3764 1172 3895 1246 quia
3924 1188 4021 1245 po-

2428 1257 2596 1311 testas
2616 1253 2917 1329 legislativa
2939 1273 3155 1329 semper
3173 1257 3337 1317 habet
3352 1261 3659 1319 coactivam
3679 1261 4019 1333 adiunctam,

2430 1348 2493 1401 ut
2518 1359 2678 1418 saepe
2705 1359 2834 1403 cum
2862 1347 3158 1407 Aristotele
3190 1349 3447 1408 diximus.
3478 1351 3819 1410 Antecedens
3844 1359 4013 1426 patet,

2429 1435 2558 1508 quia
2596 1435 2703 1494 tale
2740 1435 3004 1496 delictum
3044 1455 3153 1498 non
3190 1448 3374 1515 potest
3412 1441 3591 1515 puniri
3631 1458 3727 1516 per
3752 1443 4019 1502 iudicium

2429 1523 2751 1598 humanum3
2764 1543 2899 1602 ergo
2913 1544 3016 1587 nec
3034 1545 3131 1602 per
3153 1530 3327 1604 legem
3351 1530 3667 1604 humanam,
3682 1531 3813 1607 quia
3830 1533 4023 1592 eadem
4137 1587 4145 1592 ,

2428 1621 2515 1672 est
2554 1622 2793 1688 potestas
2833 1616 2903 1675 ad
2944 1625 3240 1694 utrumque
3278 1627 3498 1691 actum3
3544 1629 3603 1682 et
3641 1625 4018 1698 confirmatur,

2429 1706 2559 1781 quia
2589 1705 2691 1767 tale
2717 1707 2978 1767 delictum
3007 1725 3116 1767 non
3143 1716 3230 1769 est
3254 1712 3535 1784 probabile
3574 1713 3627 1770 in
3670 1712 3912 1772 humano
3940 1715 4021 1772 iu-

2429 1795 2608 1870 dici03
2639 1813 2771 1870 ergo
2797 1813 2898 1856 nec
2925 1805 3107 1872 potest
3130 1801 3181 1859 in
3204 1800 3296 1860 illo
3322 1802 3581 1876 iudicari,
3603 1803 3731 1879 quia
3752 1801 4019 1864 iudicium

2430 1886 2729 1946 humanum
2757 1904 2866 1948 non
2892 1890 3064 1950 fertur
3090 1892 3189 1950 nisi
3227 1892 3535 1952 secundum
3565 1893 3780 1970 alligata
3805 1903 3863 1953 et
3894 1912 4021 1969 pro-

2429 1976 2577 2036 bata.
2620 1980 2865 2038 Primum
2905 1987 3090 2040 autem
3127 1998 3473 2058 consequens
3501 1985 3657 2058 plane
3684 1984 3887 2044 falsum
3914 1993 4017 2061 est,

2428 2069 2559 2142 quia
2584 2069 2713 2127 alias
2741 2085 2849 2128 non
2878 2081 3168 2148 peccaret,
3194 2075 3288 2148 qui
3314 2075 3490 2150 legem
3512 2075 3805 2136 humanam
3826 2078 4017 2137 occul·
4094 2123 4101 2129 .

2427 2158 2632 2217 tissime
2656 2174 2765 2217 non
2794 2169 3058 2236 servaret;
3090 2162 3239 2238 quod
3265 2163 3377 2222 dici
3403 2181 3512 2223 non
3542 2172 3745 2240 potest,
3778 2169 3907 2242 quia
3935 2168 4019 2228 lex

2429 2263 2537 2307 non
2563 2256 2775 2308 tantum
2803 2251 3075 2325 prohibet,
3107 2268 3175 2312 ne
3203 2261 3363 2313 actus
3390 2255 3607 2329 publice
3633 2257 3745 2330 tiat,
3768 2257 3866 2316 sed
3893 2258 4016 2317 sim-

2430 2339 2672 2412 pliciter,
2702 2357 2771 2400 ne
2794 2341 2913 2414 flat.;
2949 2349 3067 2402 tum
3094 2345 3255 2402 etiam
3275 2345 3403 2421 quia
3429 2363 3539 2404 non
3560 2348 3807 2420 prohibet
3826 2357 4016 2408 actum

2429 2429 2610 2488 solum
2640 2433 2853 2490 ratione
2882 2433 3123 2492 scandali
3150 2442 3250 2493 aut
3274 2437 3610 2494 notorietatis
3628 2479 3646 2508 ,
3678 2438 3774 2496 sed
3800 2441 4014 2498 ratione

2431 2521 2545 2594 sui,
2576 2524 2707 2596 quia
2736 2521 2821 2581 vel
2848 2523 3026 2582 malus
3055 2531 3158 2600 est,
3187 2525 3274 2584 vel
3300 2541 3367 2585 ex
3394 2528 3444 2584 vi
3472 2526 3857 2601 prohibitionis
3884 2529 4019 2604 legis

2428 2611 2489 2670 fit
2526 2613 2721 2671 malus.
2764 2615 2900 2672 Tum
2940 2615 3175 2690 denique
3203 2617 3331 2691 quia
3357 2618 3443 2676 lex
3472 2619 3858 2693 praecipiendo
3888 2637 4021 2680 con-

2432 2703 2611 2761 stituit
2637 2711 2827 2762 actum
2852 2707 2905 2761 in
2930 2705 3023 2763 tali
3044 2708 3251 2781 specie,
3276 2707 3359 2766 vel
3382 2708 3760 2768 mediocritate
3782 2712 4018 2784 virtutis,

2430 2798 2486 2851 et
2522 2792 2641 2852 ideo
2679 2795 2807 2868 quia
2845 2793 2913 2852 ab
2950 2795 3043 2853 illa
3083 2797 3387 2872 discrepat,
3418 2803 3772 2873 quantumvis
3800 2803 4024 2861 occulte

2432 2889 2621 2941 contra
2660 2884 2917 2943 virtutem
2957 2888 3103 2962 agit,
3144 2903 3212 2946 ac
3254 2889 3485 2948 subinde
3518 2899 3734 2965 peccat.
3767 2893 3838 2951 Ut
3864 2893 3909 2950 si
3938 2894 4023 2952 lex

2432 2980 2587 3032 taxat
2616 2975 2849 3048 pretium
2877 2977 3075 3046 tritici,
3106 2977 3149 3035 si
3175 2979 3300 3054 quis
3328 2981 3513 3037 carius
3540 2981 3676 3040 illud
3702 2981 3903 3040 vendat
3928 2999 4021 3040 oc-

2434 3065 2584 3123 culte
2604 3104 2622 3137 ,
2652 3067 2867 3124 omnino
2894 3073 3091 3125 contra
3114 3068 3376 3127 iustitiam
3405 3071 3547 3145 agit,
3585 3079 3643 3130 et
3672 3072 3751 3130 sic
3780 3071 3847 3131 de
3876 3071 4013 3132 aliis.

2513 3159 2565 3215 6.
2597 3159 2703 3214 Pro
2742 3156 3009 3216 solutione
3046 3159 3406 3233 supponenda
3444 3168 3530 3219 est
3558 3161 3800 3238 vulgaris
3826 3164 4017 3222 distin·

2436 3247 2547 3305 ctio
2585 3244 2654 3304 de
2693 3255 2823 3306 actu
2861 3247 3155 3321 dupliciter
3196 3249 3455 3322 occulto,
3487 3252 3696 3310 scilicet
3721 3268 3817 3327 per
3844 3271 3938 3325 se,
3966 3259 4023 3312 et

2436 3345 2637 3397 natura
2676 3355 2805 3413 sua3
2838 3338 2922 3398 vel
2956 3355 3055 3413 per
3082 3339 3367 3410 accidens,
3399 3357 3468 3400 ex
3492 3339 3715 3403 defectu
3738 3345 4019 3416 probatio·

2438 3431 2545 3502 nis,
2575 3430 2735 3487 cuius
2762 3430 2983 3504 quidem
3010 3445 3184 3504 capax
3212 3439 3332 3489 erat
3356 3436 3516 3490 actus
3544 3431 3612 3490 de
3632 3449 3691 3490 se
3710 3443 4015 3508 spectatae,

2436 3518 2505 3578 de
2533 3519 2675 3576 sacto
2704 3525 2882 3578 tamen
2907 3518 3095 3578 defuit.
3124 3521 3296 3592 Quam
3328 3521 3727 3581 distinctionem
3755 3523 3887 3584 bene
3915 3533 4022 3584 tra·
4138 3547 4153 3562 ·

2438 3615 2557 3668 ctat
2580 3606 2745 3666 Caiet.
2776 3615 2833 3668 2.
2862 3613 2921 3680 2,
2954 3626 3013 3684 q.
3051 3613 3137 3683 11,
3167 3617 3273 3668 art.
3306 3615 3363 3685 3,
3393 3611 3587 3670 Castro
3612 3612 3701 3671 lib.
3724 3619 3781 3673 2.
3812 3612 3886 3672 de
3906 3614 4017 3690 leq.

2431 3697 2669 3773 poenal.
2702 3712 2825 3772 cap.
2860 3698 2963 3756 ult.
2995 3706 3054 3757 et
3078 3700 3317 3759 Simanc.
3346 3703 3403 3758 in
3430 3701 3697 3760 Catholic.
3728 3705 3901 3762 instit.
3927 3705 4011 3764 tit.

2442 3793 2534 3848 42.
2564 3789 2737 3847 Actus
2776 3804 2907 3864 ergo
2951 3790 3213 3849 mentales
3256 3807 3323 3850 ac
3359 3808 3508 3852 mere
3536 3794 3727 3852 interni
3768 3804 3901 3856 sunt
3925 3813 4019 3870 per

2442 3895 2501 3938 se
2526 3886 2586 3938 et
2612 3888 2810 3939 natura
2838 3897 2941 3939 sua
2966 3881 3172 3940 occulti
3208 3881 3328 3940 aliis
3356 3881 3667 3952 hominibus
3702 3893 3858 3945 extra
3886 3904 4015 3962 ope-

2440 3978 2687 4044 rantem,
2716 3971 2848 4046 quia
2875 3971 3125 4030 homines
3155 3988 3263 4030 non
3289 3983 3641 4050 cognoscunt
3668 3977 4008 4052 naturaliter,

2441 4063 2542 4121 nisi
2568 4062 2862 4121 ministerio
2887 4079 3177 4137 sensuum,
3206 4070 3264 4122 et
3288 4064 3409 4124 ideo
3434 4081 3581 4141 quae
3608 4083 3708 4141 per
3734 4069 4016 4128 sensibiles

2440 4153 2668 4212 effectus
2702 4153 2786 4212 vel
2828 4153 2984 4227 signa
3012 4168 3120 4211 non
3149 4155 3601 4228 manifestantur,
3632 4173 3731 4232 per
3758 4174 3817 4216 se
3842 4166 3901 4218 et
3926 4176 4021 4218 na-

2441 4251 2570 4303 tura
2608 4260 2711 4302 sua
2750 4250 2880 4303 sunt
2899 4250 3056 4302 extra
3082 4245 3443 4318 cognitionem
3473 4246 3795 4306 humanam:
3829 4249 4021 4308 huius-

2442 4334 2587 4394 modi
2613 4341 2797 4394 autem
2822 4342 2954 4394 sunt
2978 4343 3137 4394 actus
3164 4351 3315 4394 mere
3341 4338 3569 4410 interni,
3595 4345 3653 4397 et
3678 4339 3799 4398 ideo
3826 4341 4017 4400 dicun·

2442 4433 2533 4484 tur
2573 4440 2669 4498 per
2706 4441 2763 4482 se
2792 4423 3019 4483 occulti.
3063 4427 3236 4484 Actus
3263 4443 3422 4500 vero,
3462 4429 3557 4502 qui
3584 4433 3827 4490 exterius
3854 4433 4017 4506 prod·

2439 4520 2604 4590 eunt,
2626 4514 2874 4574 sensibus
2896 4509 3108 4589 percipi
3129 4523 3391 4588 possunt,
3412 4523 3471 4576 et
3490 4518 3610 4577 ideo
3633 4537 3741 4580 non
3762 4531 3893 4581 sunt
3912 4539 4011 4597 per

2440 4622 2498 4664 se
2528 4606 2765 4680 occulti,
2796 4609 3061 4683 contingit
3098 4613 3281 4666 autem
3307 4609 3546 4683 ignorari
3574 4621 3793 4687 propter
3819 4614 4014 4675 absen-

2440 4697 2571 4755 tiam
2603 4699 2821 4755 testium
2840 4739 2856 4772 ,
2886 4706 2944 4757 et
2968 4699 3049 4757 sic
3078 4715 3185 4756 non
3212 4715 3371 4773 posse
3398 4701 3644 4780 probari,
3675 4711 3733 4764 et
3762 4713 3896 4765 tunc
3925 4723 4023 4766 oc·

2440 4787 2579 4846 culti
2606 4788 2824 4862 quidem
2847 4793 3008 4860 sunt,
3033 4795 3215 4848 tamen
3240 4805 3338 4864 per
3358 4791 3616 4851 accidens
3636 4834 3653 4861 ,
3676 4796 3807 4870 quia
3828 4797 3917 4856 illa
3936 4805 4013 4857 te·

2439 4879 2601 4936 stium
2630 4878 2877 4937 absentia
2900 4884 2987 4936 est
3007 4879 3389 4940 accidentaria.
3418 4885 3659 4946 Assertio
3678 4902 3811 4961 ergo
3835 4889 4013 4961 posita

2436 4968 2685 5044 procedit
2724 4969 2792 5027 de
2825 4968 3037 5027 actibus
3064 4971 3289 5032 internis
3308 5017 3324 5047 ,
3352 4990 3418 5033 ac
3446 4976 3673 5036 subinde
3698 4995 3798 5054 per
3825 4997 3886 5039 se
3915 4997 4017 5040 oc-

2436 5061 2629 5119 cultis:
2655 5060 2885 5119 obiectio
2918 5074 3044 5118 vero
3067 5061 3316 5134 procedit
3332 5063 3402 5123 de
3420 5065 3635 5126 actibus
3654 5073 3891 5138 externis
3916 5088 4012 5146 per

2434 5151 2689 5212 accidens
2729 5151 2963 5212 occultis
2984 5195 3000 5228 ,
3031 5151 3097 5212 de
3137 5154 3336 5230 quibus
3361 5155 3632 5216 fateamur
3652 5203 3666 5232 ,
3697 5157 3827 5220 esse'
3846 5180 4009 5236 posse

2435 5246 2713 5302 materiam
2740 5243 2871 5318 legis
2899 5244 3197 5320 humanae,
3228 5252 3283 5304 et
3307 5261 3405 5320 per
3429 5246 3577 5306 illam
3605 5249 3911 5328 prohiberi,
3942 5263 4006 5316 ut
