4325 6267
817 283 944 351 284

739 445 838 504 per
868 432 1028 490 talem
1057 429 1253 506 legem.
1283 429 1472 506 Neque
1497 434 1581 488 est
1607 428 1782 486 simile
1809 427 1876 486 de
1913 427 2154 502 exteris,
2196 428 2325 503 quia

739 525 814 582 illi
841 541 950 582 non
977 530 1107 581 sunt
1132 524 1398 596 exempti,
1429 522 1524 580 sed
1552 521 1684 578 dum
1715 528 2008 578 versantur
2035 523 2088 576 in
2118 517 2209 575 tali
2238 535 2325 576 re·

737 631 848 688 guo
869 654 886 686 ,
919 613 1130 686 legibus
1156 613 1298 670 illius
1323 614 1476 687 regni
1515 611 1828 685 obligantur
1851 655 1865 680 ,
1895 609 2058 667 cuius
2101 617 2325 665 contra-

737 708 882 765 rium
909 705 1258 777 supponitur.
1285 703 1522 778 Denique
1538 702 1709 760 simile
1731 707 2114 776 argumentum
2136 697 2325 775 urgeri

737 803 924 870 potest
957 795 1025 852 de
1063 794 1274 868 legibus
1312 792 1554 852 civilibus
1589 792 1930 850 irritantibus
1971 796 2315 860 contractus,

735 888 823 945 vel
849 889 1174 944 testamenta
1209 883 1368 942 aliter
1410 884 1554 941 facta
1577 923 1592 954 ,
1632 897 1800 954 quam
1828 881 1974 955 leges
2000 880 2310 954 disponant3

735 993 844 1034 non
871 977 1020 1032 enim
1046 981 1305 1047 poterunt
1329 974 1542 1029 irritare
1571 972 1707 1029 tales
1736 978 1896 1028 actus
1935 970 2112 1028 factos
2137 987 2171 1028 a
2210 971 2322 1028 cle-

735 1069 895 1126 ricis:
926 1081 1271 1138 consequens
1303 1070 1388 1121 est
1416 1064 1641 1132 salsum,
1665 1070 1730 1120 ut
1757 1078 1945 1119 omnes
1975 1062 2237 1132 fatentur,
2266 1069 2325 1118 et

737 1159 976 1216 sumitur
1003 1154 1156 1213 clare
1183 1170 1250 1212 ex
1287 1153 1434 1210 dicto
1474 1168 1592 1226 cap.
1641 1156 1938 1219 Inuoluit,
1974 1151 2040 1209 de
2075 1151 2317 1224 arbitris,

737 1249 840 1306 ibi:
879 1245 1084 1306 Talem
1109 1247 1464 1302 sententiam
1490 1242 1802 1301 denuncies
1823 1245 2057 1317 penitus
2083 1239 2321 1300 nullam

737 1353 893 1412 esse,-
931 1352 1082 1409 ergo.
1123 1334 1356 1409 Sequela
1391 1339 1576 1405 patet,
1620 1335 1748 1406 quia
1785 1335 1831 1389 si
1871 1333 1956 1390 lex
1996 1349 2104 1389 non
2141 1338 2323 1404 potest

739 1430 977 1504 obligare
1004 1426 1298 1497 clericum,
1331 1423 1666 1495 prohibendo
1698 1430 1908 1495 actum,
1939 1422 2112 1480 multo
2141 1424 2320 1481 minus

738 1521 944 1594 poterit
969 1518 1178 1576 irritare
1205 1515 1354 1573 illius
1381 1514 1718 1572 voluntatem
1747 1515 1898 1571 circa
1925 1513 2082 1570 talem
2105 1521 2318 1584 actum,

741 1614 873 1688 quia
897 1610 1068 1668 maior
1094 1607 1340 1665 efficacia
1365 1647 1380 1677 ,
1427 1611 1489 1661 ut
1527 1607 1610 1661 sic
1638 1604 1817 1661 dicam
1844 1645 1860 1674 ,
1901 1605 2073 1661 maior
2101 1600 2319 1668 iurisdi-

737 1706 847 1762 ctio
884 1709 940 1758 et
966 1703 1205 1772 potestas
1236 1698 1452 1754 directa·
1474 1695 1525 1752 in
1552 1695 1888 1752 voluntatem
1918 1694 2223 1766 requiritur
2252 1693 2320 1750 ad

737 1791 1061 1852 irritandum
1089 1803 1418 1846 consensum
1447 1785 1566 1843 eius
1587 1827 1602 1858 ,
1632 1801 1796 1860 quam
1826 1783 1890 1841 ad
1921 1783 2320 1858 prohibendum

735 1885 910 1942 illum.
941 1883 1127 1954 Neque
1155 1878 1270 1935 sola
1293 1877 1388 1934 illa
1417 1875 1702 1948 turpitudo
1728 1916 1744 1948 ,
1783 1891 1926 1948 quae
1953 1876 2004 1931 in
2030 1875 2135 1932 hoc
2167 1891 2321 1948 repe·

736 1978 910 2039 ritur,
940 1971 1091 2044 quod
1131 1985 1257 2042 pars
1297 1983 1406 2024 non
1433 1966 1811 2023 conformetur
1839 1967 1934 2022 toti
1959 2005 1976 2037 ,
2018 1965 2227 2022 sufficit
2254 1965 2320 2022 ad

736 2062 1062 2122 irritandum
1081 2067 1288 2130 actum,
1313 2063 1378 2115 ut
1398 2063 1549 2130 patet
1576 2056 1721 2113 clare
1741 2057 1794 2112 in
1817 2071 1903 2128 eo,
1926 2057 2017 2128 qui
2044 2055 2322 2128 dispensa·

736 2164 830 2214 tus
857 2152 1060 2224 valide,
1093 2151 1220 2208 licet
1245 2151 1361 2206 sine
1389 2161 1560 2204 causa
1584 2187 1598 2216 ,
1645 2152 1700 2202 et
1729 2147 1927 2203 iniuste
1957 2147 2009 2202 in
2035 2146 2215 2220 gradu
2246 2149 2322 2204 ir-

739 2245 938 2304 ritante
965 2242 1242 2302 contrahit
1267 2235 1704 2308 matrimonium
1737 2251 1863 2291 nam
1893 2235 2066 2294 valide
2094 2244 2321 2295 contra·

739 2337 823 2394 hit
849 2336 980 2393 licet
1007 2333 1242 2406 turpiter
1272 2335 1426 2403 agat,
1455 2325 1820 2398 discordando
1851 2343 1882 2384 a
1909 2333 2045 2384 toto.
2079 2328 2319 2399 Denique

741 2445 849 2486 non
879 2433 964 2484 est
987 2419 1450 2483 contemnendum
1478 2425 1860 2492 argumentum
1882 2455 1897 2486 ‚
1923 2417 2051 2489 quia
2077 2419 2122 2473 si
2150 2418 2325 2488 posita

742 2521 861 2594 lege
898 2517 1048 2576 civili
1076 2515 1310 2573 clericus
1338 2508 1675 2583 obligaretur
1701 2507 1938 2581 graviter
1973 2523 2040 2564 ex
2069 2509 2120 2564 vi
2155 2507 2325 2565 solius

740 2611 968 2669 rationis
1005 2604 1297 2677 naturalis,
1325 2599 1655 2672 dispensatio
1693 2597 1767 2654 illi
1812 2614 2081 2656 concessa
2119 2615 2150 2655 a
2178 2601 2326 2671 prin·-

740 2703 860 2774 cipe
889 2699 974 2756 vel
1001 2695 1243 2768 praelato
1271 2694 1323 2748 in
1352 2690 1444 2747 tali
1475 2691 1612 2762 lege,
1643 2689 1686 2744 si
1726 2687 1949 2746 daretur
1979 2689 2094 2746 sine
2125 2705 2319 2762 causa,

731 2797 891 2856 ,esset
915 2787 1063 2846 nulla
1083 2829 1098 2860 ,
1128 2788 1276 2842 sicut
1303 2781 1442 2839 intra
1475 2779 1544 2836 de
1571 2779 1822 2850 principe
1843 2777 2112 2835 dicemus.
2147 2782 2325 2853 Atque

741 2887 818 2940 ita
853 2884 904 2938 in
944 2881 1050 2936 hoc
1087 2879 1272 2934 essent
1311 2871 1506 2943 peioris
1546 2868 1870 2925 conditionis
1904 2867 2127 2942 clerici,
2157 2884 2325 2942 quam

746 2975 903 3044 laici,
935 2969 1081 3046 quod
1109 2984 1216 3023 non
1242 2963 1454 3020 videtur
1482 2959 1782 3016 verisimile.

829 3069 916 3123 10.
940 3064 1166 3132 Propter
1193 3056 1324 3113 haec
1346 3051 1430 3110 alii
1451 3048 1690 3108 reddunt
1717 3048 1977 3106 rationem
2004 3048 2170 3106 huius
2193 3049 2327 3107 obli-

745 3154 973 3230 gationis
997 3193 1014 3224 ‚
1042 3149 1169 3224 quia
1199 3143 1382 3204 clerici
1420 3139 1601 3215 quoad
1643 3139 1784 3196 banc
1825 3147 2034 3212 partem
2063 3156 2170 3198 non
2198 3147 2328 3198 sunt

746 3245 977 3318 exempti
1005 3258 1038 3299 a
1063 3235 1436 3296 iurisdictione
1463 3230 1844 3300 temporalium
1875 3245 2066 3304 regum
2083 3271 2100 3301 ,
2127 3236 2185 3287 et
2207 3230 2329 3288 ideo

746 3353 844 3412 per
873 3336 972 3393 has
999 3335 1146 3407 leges
1171 3327 1356 3386 civiles
1383 3327 1462 3380 ita
1481 3321 1722 3395 obligant
1747 3319 2003 3392 clericos,
2027 3321 2175 3378 sicut
2196 3320 2330 3379 alios

750 3431 902 3487 cives
941 3426 1150 3483 ratione
1177 3417 1506 3478 obedientiae
1533 3411 1891 3485 potestatibus
1919 3411 2329 3471 sublimioribus

749 3521 978 3579 debitae.
1021 3518 1100 3572 lta
1139 3512 1298 3568 sentit
1333 3504 1583 3564 Bartolus
1625 3503 1715 3559 ubi
1757 3517 1955 3572 supra,
1987 3509 2042 3558 et
2074 3504 2325 3560 Panorm.

752 3628 919 3686 quem
947 3608 1232 3664 imitantur
1259 3598 1490 3675 Sylvest.
1515 3593 1778 3667 etAngel.
1803 3592 1932 3649 licet
1953 3591 2221 3648 immerito
2244 3608 2332 3649 so-

749 3703 898 3760 leant
923 3701 975 3756 in
1016 3694 1352 3754 contrarium
1395 3687 1657 3760 allegari3
1697 3699 1822 3740 nam
1861 3683 2206 3755 distinguunt
2230 3682 2335 3739 du·

683 3815 690 3822 ·
751 3792 919 3867 plices
955 3789 1099 3860 leges
1128 3782 1310 3840 civiles
1349 3775 1666 3835 favorabiles
1700 3772 1980 3831 Ecclesiae
2007 3815 2022 3842 ,
2062 3773 2333 3846 quaedam

753 3884 1098 3954 disponentes
1133 3877 1185 3931 in
1217 3867 1532 3945 particulari
1559 3865 1627 3922 de
1655 3864 1818 3920 rebus
1855 3862 1936 3919 vel
1966 3863 2213 3935 personis
2241 3877 2335 3918 ec·

756 3969 1098 4032 clesiasticis,
1123 3966 1256 4023 aliae
1283 3957 1607 4034 generaliter
1627 3956 1910 4027 loquentes
1931 3969 2026 4024 pro
2051 3957 2160 4009 tota
2182 3967 2334 4008 com·

755 4064 1025 4122 munitate
1055 4055 1232 4124 civili,
1263 4059 1320 4108 et
1346 4050 1411 4107 de
1440 4045 1714 4120 prioribus
1742 4042 1934 4099 dicunt
1961 4057 2065 4098 non
2095 4041 2335 4115 obligare

753 4172 821 4212 ex
861 4153 1078 4210 defectu
1119 4141 1398 4220 potestatis
1439 4137 1658 4194 serentis
1699 4133 1861 4191 illam.
1907 4129 2062 4200 Quod
2114 4131 2334 4190 videtur

754 4255 1074 4316 expressum
1114 4237 1164 4293 in
1193 4234 1336 4290 dicto
1365 4245 1418 4285 c.
1452 4225 1753 4287 Ecclesiae
1788 4225 2035 4280 sanctae
2063 4223 2327 4288 Mariae,

757 4335 825 4392 de
853 4331 1071 4390 constit.
1105 4325 1328 4384 Addunt
1364 4335 1494 4377 vero
1523 4316 1891 4373 limitationem
1917 4353 1932 4383 ,
1972 4312 2071 4368 nisi
2099 4312 2216 4368 talis
2248 4311 2333 4368 lex

760 4426 828 4482 sit
867 4421 1087 4479 lundata
1136 4418 1186 4474 in
1238 4415 1443 4470 ratione
1493 4405 1722 4463 naturali
1749 4447 1763 4474 ,
1806 4400 1955 4476 quod
1996 4417 2122 4474 pars
2174 4400 2339 4460 debet

757 4509 1086 4571 conformari
1113 4506 1248 4577 toti,
1278 4504 1408 4576 quia
1446 4499 1582 4555 haec
1621 4511 1728 4551 non
1767 4492 1929 4549 habet
1963 4489 2148 4549 locum
2176 4489 2229 4545 in
2258 4497 2339 4546 ta-

755 4604 898 4661 libus
926 4599 1165 4673 legibus,
1197 4593 1292 4652 sed
1319 4592 1622 4665 loquuntur
1647 4584 1715 4642 de
1742 4583 1950 4640 ratione
1991 4580 2229 4638 naturali
2258 4581 2339 4638 di-

758 4697 943 4750 ctante
981 4691 1034 4745 in
1076 4687 1168 4745 tali
1209 4683 1432 4742 materia
1472 4677 1610 4735 idem
1632 4717 1647 4748 ,
1693 4673 1842 4749 quod
1870 4672 1952 4728 lex
1979 4670 2146 4727 civilis
2176 4685 2333 4743 prae-

759 4781 973 4852 scribit3
1003 4784 1059 4835 et
1086 4785 1220 4836 tunc
1247 4773 1336 4832 illa
1363 4785 1472 4828 non
1499 4774 1586 4825 est
1610 4765 1890 4834 limitatio,
1921 4761 2050 4835 quia
2091 4759 2179 4817 illa
2205 4760 2337 4818 obli-

759 4874 905 4949 gatio
947 4887 1054 4928 non
1093 4876 1177 4925 est
1215 4866 1348 4938 legis
1387 4859 1562 4918 civilis
1592 4899 1608 4929 ,
1651 4854 1747 4912 sed
1786 4853 2012 4910 rationis
2053 4849 2334 4922 naturalis,

761 4979 901 5040 quae
927 4961 1115 5020 eadem
1143 4963 1317 5024 esset,
1348 4950 1559 5011 etiamsi
1591 4949 1675 5005 lex
1703 4943 1879 5002 civilis
1902 4942 2010 4999 lata
2037 4957 2144 4997 non
2171 4937 2361 4998 esset.‘

760 5058 838 5113 De
861 5053 976 5110 aliis
1003 5065 1134 5108 vero
1161 5047 1370 5120 legibus
1397 5037 1804 5107 communibus,
1833 5043 1890 5090 et
1913 5031 2166 5088 omnibus
2196 5031 2337 5088 utili-

761 5146 865 5203 bus
906 5141 1150 5200 absolute
1187 5136 1410 5205 dicunt,
1441 5131 1677 5203 obligare
1718 5123 1990 5194 clericos3
2033 5121 2339 5194 intelligunt

765 5251 896 5310 ergo
937 5235 988 5290 in
1029 5233 1080 5288 vi
1121 5228 1254 5302 legis
1291 5231 1348 5284 et
1373 5237 1482 5280 non
1508 5225 1721 5277 tantum
1747 5215 1881 5273 in=vi
1908 5212 2142 5270 alicuius
2170 5211 2337 5270 ratio·

2162 299 2395 352 'LIBER
2418 301 2525 353 111.

2394 430 2501 486 nis.
2530 429 2599 488 Et
2624 429 2766 490 idem
2796 431 3035 492 sentiunt
3057 431 3267 491 Victor.
3300 433 3458 507 Soto,
3484 433 3677 494 Redin.
3709 440 3764 493 et
3790 435 3881 495 alii
3904 435 3995 494 di-

2393 525 2581 576 centes
2634 520 2872 594 obligare
2913 523 3099 596 quoad
3144 521 3251 580 irim
3300 524 3621 582 directivam
3648 569 3663 598 ,
3706 527 3835 585 licet
3878 543 3995 584 non

2397 608 2579 681 quoad
2608 614 2936 670 coactivam.
2966 613 3202 686 Denique
3225 614 3312 671 alii
3333 615 3491 672 multi
3514 632 3579 674 ex
3603 616 3841 692 allegatis
3860 633 3991 676 mo-

2395 697 2577 757 dernis
2607 701 2816 770 dicunt,
2853 702 3087 760 clericos
3114 704 3295 777 quoad
3324 705 3465 762 hanc
3492 713 3704 780 partem
3730 722 3836 765 non
3858 724 3995 766 esse

2393 797 2707 864 exemptos,
2752 797 2814 850 ut
2852 793 3062 866 possint
3100 793 3326 868 obligari
3353 795 3435 852 his
3478 794 3709 868 legibus.
3742 798 3816 855 Et
3842 797 3993 855 hanc

2396 881 2713 940 sententiam
2740 883 2997 942 videntur
3018 883 3247 942 suadere
3272 886 3473 960 omnia,
3490 901 3629 960 quae
3652 887 3801 946 circa
3824 904 3989 960 prae·

2398 969 2681 1030 cedentem
2708 973 3061 1032 adduximus.

2479 1065 2565 1119 11.
2597 1065 2675 1120 Ac
2713 1063 2944 1138 denique
2980 1063 3195 1122 suaderi
3238 1071 3417 1138 potest
3443 1083 3473 1123 a
3500 1067 3667 1139 priori
3694 1067 3829 1127 baec
3858 1085 3989 1127 sen-

2390 1153 2556 1210 tentia
2574 1197 2589 1226 ,
2618 1155 2749 1228 quia
2776 1157 3045 1229 exemptio
3072 1155 3402 1215 clericorum
3432 1173 3463 1214 a
3500 1158 3879 1219 iurisdictione
3904 1163 3989 1218 ci-

2394 1241 2487 1299 vili
2514 1286 2527 1314 ,
2568 1241 2677 1300 si've
2717 1246 2789 1300 sit
2823 1245 2954 1302 iuris
2981 1245 3142 1302 divini
3170 1247 3383 1318 positivi
3412 1254 3509 1306 aut
3536 1250 3801 1306 naturalis
3820 1294 3833 1320 ,
3864 1251 3985 1307 sive

2389 1348 2497 1390 non
2516 1351 2533 1405 ς
2561 1334 2907 1392 nibilominus
2927 1351 3034 1392 non
3056 1335 3455 1394 babet·omnem
3478 1338 3989 1398 determinationem

2389 1437 2421 1477 a
2449 1422 2565 1480 solo
2594 1424 2711 1480 iure
2741 1424 2941 1491 divino,
2972 1432 3035 1481 ut
3060 1441 3329 1500 suppono.
3364 1429 3436 1485 Et
3462 1428 3652 1487 saltem
3690 1431 3831 1487 banc
3874 1448 3987 1488 non

2390 1511 2569 1571 habet.
2600 1515 2726 1586 quia
2756 1529 2856 1571 nec
2884 1515 3019 1572 ratio
3050 1516 3315 1574 naturalis
3344 1517 3519 1576 dictat
3544 1534 3664 1576 esse
3691 1519 3981 1590 indecens,

2389 1602 2621 1660 clericos
2648 1602 2835 1660 subiici
2856 1605 3110 1676 potestati
3138 1605 3307 1679 civili,
3331 1609 3512 1679 quoad
3537 1607 3634 1664 has
3658 1607 3824 1682 leges,
3849 1625 3985 1666 cum

2389 1694 2571 1766 potius
2598 1692 2787 1765 dictet,
2812 1709 2932 1750 esse
2954 1694 3267 1766 honestum,
3292 1703 3357 1752 ut
3374 1711 3466 1753 eas
3496 1703 3747 1768 servent3
3782 1714 3885 1755 nec
3913 1715 3984 1757 ex

2389 1781 2567 1840 divino
2596 1785 2717 1840 iure
2743 1785 2973 1856 positivo
2999 1792 3180 1857 potest
3208 1785 3389 1860 colligi
3422 1788 3545 1844 talis
3572 1788 3977 1861 determinatio,

2390 1889 2485 1928 seu
2508 1873 2851 1946 particularis
2867 1877 3161 1947 exemptio,
3180 1877 3306 1949 quia
3326 1877 3430 1934 tale
3450 1879 3539 1935 ius
3562 1893 3662 1936 nec
3686 1877 3987 1936 traditione

2391 1969 2625 2034 constat,
2652 1980 2751 2021 nec
2774 1980 2842 2021 ex
2862 1965 3139 2038 evangelio
3169 1965 3467 2039 colligitur.
3492 1968 3627 2035 Quia
3648 1971 3831 2040 potius
3856 1984 3983 2026 ver-

2390 2051 2457 2108 ba
2484 2052 2571 2109 illa
2596 2053 2793 2110 Christi
2823 2054 3007 2110 Matth.
3038 2057 3121 2112 17:
3148 2060 3308 2128 Erqo
3334 2054 3505 2113 liberi
3531 2057 3827 2130 swntfilii,
3868 2075 3979 2116 non

2393 2148 2627 2214 possunt
2654 2142 2742 2198 hic
2770 2143 3182 2201 accommodari
3201 2187 3215 2214 ,
3246 2147 3378 2218 quia
3405 2146 3551 2220 leges
3580 2163 3774 2221 regum
3802 2151 3983 2206 omni-

2392 2231 2499 2288 bus
2526 2233 2741 2289 civibus
2768 2248 3089 2290 communes
3116 2235 3277 2292 etiam
3306 2235 3443 2293 tilios
3482 2253 3677 2295 eorum
3716 2239 3985 2315 obligant,

2396 2322 2440 2378 si
2479 2337 2674 2379 eorum
2714 2324 2881 2380 statui
2922 2324 3228 2395 specialiter
3267 2342 3371 2383 non
3422 2337 3749 2402 repugnant.
3794 2333 3987 2404 Neque

2392 2413 2554 2470 etiam
2575 2415 2845 2470 invenitur
2862 2413 2996 2471 haec
3012 2415 3280 2488 exemptio
3295 2417 3477 2490 quoad
3493 2417 3593 2475 has
3614 2418 3759 2492 leges
3778 2435 3845 2478 ex
3868 2421 3991 2477 iure

2393 2505 2691 2578 canonico,
2724 2510 2840 2561 tum
2869 2505 2997 2579 quia
3024 2507 3145 2562 iura
3168 2523 3339 2580 supra
3363 2509 3529 2566 citata
3566 2511 3746 2582 potius
3782 2526 3989 2583 appro-

2391 2595 2524 2652 bant
2565 2596 2661 2651 has
2702 2595 2887 2668 leges,
2930 2601 2988 2652 et
3026 2600 3233 2654 servari
3272 2614 3303 2654 a
3342 2597 3557 2658 clericis
3598 2601 3819 2672 volunt3
3864 2607 3987 2658 tum

2393 2687 2551 2743 etiam
2579 2685 2709 2759 quia
2734 2701 2969 2743 canones
2998 2686 3177 2744 solum
3198 2687 3313 2744 illas
3336 2689 3483 2762 leges
3504 2690 3687 2748 civiles
3708 2691 3987 2762 reiiciunt,

2396 2791 2535 2850 quae
2566 2783 2697 2833 sunt
2724 2777 3028 2834 contrariae
3058 2779 3295 2836 libertati
3320 2781 3725 2840 ecclesiasticae
3744 2826 3760 2854 ,
3788 2788 3847 2839 et
3873 2782 3989 2839 cle·

2393 2867 2523 2923 ricis
2552 2866 2947 2941 praeiudicant,
2974 2874 3038 2924 ut
3062 2874 3211 2941 patet
3237 2887 3303 2926 ex
3332 2871 3565 2928 concilio
3586 2868 3881 2930 tridentino
3900 2871 3985 2930 di-

2396 2963 2486 3015 cto
2514 2973 2639 3029 cap.
2672 2963 2768 3026 20,
2796 2963 2945 3014 etex
2972 2973 3095 3030 cap.
3134 2962 3399 3028 Noverit,
3436 2959 3505 3016 de
3533 2967 3674 3017 sent.
3702 2977 3981 3020 excomm.

2394 3054 2449 3104 et
2472 3045 2667 3104 eodem
2698 3045 2859 3105 modo
2880 3047 3132 3120 loquitur
3160 3048 3199 3104 l.
3225 3063 3423 3116 cassa,
3452 3051 3512 3106 C.
3540 3048 3608 3107 de
3634 3065 3844 3108 sacros.
3878 3053 3989 3109 Ec·

2396 3137 2530 3195 cles.
2562 3153 2695 3211 ergo
2726 3135 2857 3194 nihil
2897 3123 3099 3212 obstat,
3128 3139 3419 3212 quominus
3458 3139 3645 3199 clerici
3686 3141 3887 3198 virtute
3925 3147 3988 3199 et

2395 3227 2639 3286 efficacia
2678 3227 2867 3284 talium
2908 3228 3091 3301 legum
3132 3228 3460 3302 obligentur.
3493 3231 3562 3287 Et
3598 3231 3983 3304 confirmatur,

2396 3321 2523 3394 quia
2551 3333 2645 3392 per
2670 3334 2728 3375 se
2757 3333 3065 3391 congruum
3093 3326 3197 3389 est,
3230 3326 3294 3375 ut
3318 3320 3504 3377 clerici
3531 3328 3805 3394 quatenus
3832 3321 3985 3379 cives

2398 3415 2545 3476 sunt,
2576 3409 2728 3466 laicis
2754 3409 2913 3465 etiam
2939 3407 3145 3465 directe
3170 3415 3225 3465 et
3252 3423 3347 3480 per
3376 3425 3435 3467 se
3462 3409 3801 3484 obligentur,
3832 3411 3986 3468 sicut

2398 3499 2485 3556 alii
2512 3499 2687 3556 cives:
2720 3513 2824 3555 cur
2850 3499 2992 3554 enim
3022 3496 3125 3554 sub
3155 3513 3219 3556 ea
3258 3500 3467 3556 ratione
3508 3500 3620 3556 sine
3660 3501 3780 3574 lege
3820 3501 3989 3559 relin-

2400 3589 2738 3664 querentur?
2765 3589 2912 3661 Ergo
2953 3588 3261 3661 obligantur
3302 3588 3407 3645 hoc
3449 3582 3611 3647 modo
3652 3590 3735 3646 his
3776 3591 3993 3664 legibus

2400 3679 2671 3751 civilibus,
2701 3678 2829 3750 quia
2848 3692 2951 3734 non
2974 3677 3174 3734 dantur
3194 3676 3350 3748 aliae,
3374 3693 3471 3750 per
3491 3695 3630 3752 quas
3651 3679 3989 3754 obligentur,

2401 3787 2506 3828 nec
2534 3775 2767 3842 possunt
2793 3770 2845 3824 in
2873 3768 2976 3825 hac
3007 3767 3337 3840 obligatione
3363 3771 3603 3840 separari
3624 3770 3693 3826 ab
3716 3770 3833 3827 aliis
3856 3771 3991 3827 civi·

2401 3860 2528 3932 bus,
2550 3875 2679 3916 cum
2707 3858 2811 3915 sub
2839 3857 2941 3914 hac
2970 3859 3169 3915 ratione
3198 3873 3369 3915 unum
3398 3873 3605 3930 corpus
3632 3868 3991 3932 componant,

2400 3957 2456 4008 et
2478 3953 2532 4007 in
2559 3947 2813 4008 eumdem
2840 3949 2999 4005 linem
3024 3947 3277 4020 tendant3
3308 3954 3425 4005 tum
3448 3947 3684 4022 denique
3711 3951 3843 4023 quia
3871 3951 3997 4006 nul-

2402 4042 2485 4098 lae
2514 4047 2643 4097 sunt
2669 4039 2813 4112 leges
2842 4038 3266 4107 ecclesiasticae,
3297 4037 3499 4110 quibus
3528 4040 3741 4118 possint
3766 4040 3875 4096 sub
3903 4040 3995 4096 illa

2402 4131 2603 4190 ratione
2642 4128 2964 4202 gubernari,
2992 4128 3121 4201 quia
3160 4133 3401 4199 potestas
3442 4129 3816 4187 ecclesiastica
3857 4130 3989 4186 nihil

2401 4221 2453 4278 in
2482 4220 2706 4276 materia
2732 4217 2875 4274 civili
2896 4216 3107 4274 directe
3126 4213 3359 4288 disponit
3379 4232 3481 4275 nec
3506 4235 3606 4290 pro
3630 4219 3870 4291 clericis,
3894 4236 3998 4276 nec

2404 4327 2504 4384 pro
2533 4295 2711 4378 laicis,
2742 4313 2805 4366 ut
2832 4312 3067 4364 constat.

2487 4402 2574 4458 12.
2606 4396 2712 4454 Sed
2739 4396 2871 4454 haec
2898 4398 3060 4454 etiam
3088 4396 3348 4454 sententia
3390 4411 3501 4456 non
3542 4403 3629 4454 est
3667 4399 3993 4470 simpliciter

2404 4485 2753 4546 admittenda.
2787 4486 2996 4556 Primo,
3029 4487 3159 4559 quia
3194 4486 3347 4542 multi
3376 4501 3615 4544 canones
3648 4491 3762 4545 sine
3800 4489 4001 4547 limita-

2405 4581 2551 4637 tione
2586 4585 2643 4635 et
2680 4575 3053 4633 universaliter
3090 4575 3319 4649 dicunt,
3350 4577 3503 4634 laicis
3541 4593 3706 4650 super
3742 4579 4001 4638 ecclesiis

2402 4677 2460 4728 et
2487 4668 2728 4742 personis
2756 4665 3141 4723 ecclesiasticis
3169 4666 3373 4724 nullam
3398 4683 3519 4724 esse
3542 4673 3863 4740 potestatem
3894 4675 3991 4728 tri·

2405 4762 2616 4830 butam,
2650 4764 2713 4815 ut
2738 4756 2971 4817 habetur
3014 4757 3067 4812 in
3093 4754 3244 4812 dicto
3271 4773 3393 4830 cap.
3428 4757 3705 4816 Ecclesia
3743 4766 3995 4820 sanctae

2405 4851 2664 4914 Mariae,
2688 4851 2744 4902 et
2769 4860 2891 4917 cap.
2908 4849 3065 4902 Bene
3093 4843 3345 4918 quidem,
3380 4847 3624 4905 distinct.
3642 4853 3738 4919 96,
3764 4865 3821 4907 c.
3844 4853 4005 4909 Cum

2406 4938 2595 4998 laicis,
2630 4937 2697 4992 de
2723 4934 2886 4991 rebus
2912 4934 3129 4992 Eccles.
3160 4950 3268 4992 non
3300 4936 3525 4993 alienan.
3554 4954 3684 4995 cum
3708 4940 3999 4998 similibus.

2404 5029 2727 5087 Praesertim
2754 5026 2809 5081 in
2835 5024 3066 5081 concilio
3094 5025 3319 5082 lateran.
3352 5027 3456 5083 sub
3475 5029 3655 5086 Leone
3678 5031 3747 5086 X.
3772 5047 4003 5104 expres·

2405 5120 2519 5176 sius
2560 5119 2641 5174 sic
2680 5115 2912 5173 dicitur:
2948 5118 3103 5173 Cum
3142 5131 3185 5172 a
3220 5118 3353 5172 iure
3392 5121 3520 5175 tam
3556 5117 3777 5182 divino.
3812 5137 4005 5194 qteam

2403 5211 2669 5269 humano
2708 5204 2879 5263 laicis
2910 5210 3177 5280 potestas
3218 5204 3392 5264 nulla
3438 5209 3507 5265 in
3558 5208 4005 5270 ecclesiasticas
