4325 6267
1665 288 1878 339 cun-r
1901 289 2145 339 xxm.
2200 245 2205 256 ⁵

265 427 557 488 personas
584 411 878 472 attributa
911 414 1012 481 sit,
1049 417 1423 484 innovamus,
1459 421 1568 475 etc.
1600 419 1672 473 At
1709 422 1862 488 pote-

275 512 390 561 stas
419 503 690 577 obligandi
713 506 768 560 in
807 503 1138 561 conscientia
1175 521 1270 578 per
1311 521 1440 564 suas
1475 506 1624 583 leges
1661 505 1861 579 aliqua,

272 601 326 650 et
361 611 558 668 magna
601 602 838 667 potestas
876 601 1003 664 est3
1033 611 1165 669 ergo
1203 612 1384 670 neque
1425 597 1513 654 illa
1551 596 1740 654 relicta
1777 601 1865 653 est

273 684 424 740 laicis
453 683 788 758 principibus
825 685 878 740 in
904 683 1306 742 ecclesiasticas
1335 703 1618 758 personas.
1653 687 1864 743 Secun-

271 775 366 842 do,
397 777 528 848 quia
553 775 600 831 si
624 791 723 832 rex
747 781 934 848 posset
959 791 1062 832 sua
1085 774 1206 851 lege
1231 775 1440 836 directe
1475 785 1534 835 et
1559 793 1624 834 ex
1654 777 1705 834 vi
1732 791 1864 834 suae

271 867 554 937 potestatis
581 865 820 939 obligare
846 864 1078 923 clericos
1117 869 1232 925 suis
1271 867 1482 942 legibus
1507 911 1522 938 ,
1553 867 1742 926 eadem
1773 883 1862 924 ra-

273 957 414 1014 tione
443 962 632 1030 posset
658 963 1089 1030 transgressores
1115 973 1306 1015 earum
1329 959 1540 1031 punire,
1567 959 1714 1034 quod
1743 958 1867 1014 nul·

273 1044 358 1102 lus
386 1044 678 1104 concedet.
705 1045 938 1120 sequela
964 1048 1252 1120 probatur,
1276 1051 1424 1123 quia,
1451 1058 1589 1108 teste
1603 1052 1868 1108 Aristote-

273 1134 352 1202 le,
394 1143 642 1208 potestas
681 1137 888 1195 directa
928 1138 1182 1196 inefficax
1220 1145 1304 1196 est
1341 1141 1455 1198 sine
1497 1143 1778 1210 coactiva,
1809 1147 1867 1198 et

271 1226 393 1283 ideo
423 1227 509 1284 vel
536 1234 622 1285 est
659 1243 769 1284 una
807 1235 864 1286 et
901 1228 1114 1300 eadem,
1147 1236 1446 1304 utrumque
1487 1239 1676 1290 actum
1717 1246 1868 1288 com·

272 1316 614 1389 prehendens
644 1326 904 1392 tanquam
943 1320 1104 1377 finem
1142 1329 1202 1378 et
1227 1318 1488 1392 medium,
1517 1322 1604 1379 vel
1647 1321 1868 1379 morali-

275 1415 357 1464 ter
381 1424 494 1465 non
516 1416 861 1480 separantur.
891 1411 958 1467 Et
979 1411 1354 1482 confirmatur,
1381 1415 1510 1485 quia
1530 1413 1720 1470 saltem
1743 1427 1869 1483 pos·

274 1505 357 1554 set
381 1497 660 1572 legislator
682 1498 856 1556 civilis
893 1499 1129 1574 obligare
1151 1499 1385 1558 iudicem
1407 1502 1865 1571 ecclesiasticum,

274 1599 334 1645 ut
373 1588 646 1646 clericum
685 1605 818 1646 suae
862 1589 996 1662 legis
1041 1597 1507 1666 transgressorem
1549 1593 1738 1664 puniat
1775 1591 1870 1648 tali

273 1693 450 1750 poena
489 1678 680 1735 eadem
721 1679 840 1752 lege
879 1679 1022 1736 civili
1059 1680 1361 1754 designata,
1391 1684 1523 1756 quia
1563 1682 1666 1739 boc
1706 1682 1868 1739 etiam

275 1775 459 1841 potest
485 1769 680 1826 reduci
707 1768 776 1827 ad
803 1772 912 1826 vim
937 1769 1255 1829 directivam
1293 1779 1552 1845 tanquam
1595 1772 1868 1844 pertinens

274 1860 340 1917 ad
370 1861 578 1918 bonum
605 1876 898 1918 commune
926 1863 1160 1919 civitatis
1187 1868 1450 1934 etpacem
1473 1863 1704 1932 civium3
1737 1879 1870 1919 con-

273 1966 512 2024 sequens
553 1957 736 2008 autem
781 1950 1180 2009 admittendum
1221 1968 1328 2010 non
1365 1959 1480 2024 est,
1514 1958 1576 2008 ut
1613 1951 1749 2008 infra
1790 1951 1870 2008 di-

273 2058 416 2098 cam.
451 2043 632 2100 Tertio
659 2047 744 2098 est
771 2041 992 2100 moralis
1019 2050 1078 2099 et
1102 2042 1342 2114 practica
1370 2045 1535 2113 ratio,
1567 2043 1692 2115 quia
1719 2045 1870 2114 prin-

273 2150 406 2205 ceps
433 2141 491 2190 et
517 2132 722 2190 iudices
753 2133 1084 2206 temporales
1113 2133 1268 2190 valde
1298 2133 1574 2203 affectant,
1601 2141 1657 2191 et
1684 2140 1872 2190 exten·

275 2224 418 2281 dunt
445 2221 872 2282 iurisdictionem
913 2224 966 2280 in
993 2223 1251 2296 clericos3
1281 2231 1339 2280 et
1378 2223 1497 2280 ideo
1537 2225 1582 2280 si
1619 2222 1872 2282 dicantur

276 2312 477 2370 babere
505 2312 778 2384 propriam
804 2319 862 2370 et
887 2328 1068 2370 veram
1098 2313 1528 2370 iurisdictionem
1557 2315 1611 2368 in
1641 2312 1871 2371 clericos

275 2404 344 2461 ad
383 2403 703 2476 obligandos
743 2418 839 2460 eos
880 2405 992 2461 suis
1034 2404 1272 2477 legibus,
1309 2403 1462 2461 facile
1503 2405 1650 2462 illam
1687 2412 1873 2461 exten·

275 2495 407 2551 dent
451 2493 536 2549 vel
577 2493 647 2549 ad
687 2494 1035 2551 coactionem
1093 2495 1331 2567 aliquam
1391 2501 1874 2568 transgressorum

277 2585 470 2644 talium
509 2584 714 2656 legum,
747 2582 831 2640 vel
858 2582 926 2640 ad
953 2582 1136 2656 plures
1167 2584 1334 2656 leges,
1365 2599 1532 2656 quam
1564 2585 1732 2641 statui
1762 2583 1876 2640 cle·

277 2678 522 2733 ricorum
555 2673 866 2732 conveniat.
899 2675 1044 2748 Ergo
1073 2691 1180 2732 non
1208 2681 1294 2730 est
1335 2675 1653 2745 verisimile,
1683 2674 1874 2730 Eccle-

279 2769 416 2824 siam
447 2765 729 2838 reliquisse
757 2781 854 2822 seu
885 2765 1196 2836 permisisse
1233 2764 1385 2820 laicis
1422 2764 1648 2820 similem
1687 2764 1739 2820 in
1765 2764 1876 2820 cle·

276 2858 428 2912 ricos
470 2861 812 2927 potestatem.
852 2853 1000 2910 Adde
1041 2854 1354 2911 haereticos
1402 2861 1456 2910 et
1497 2852 1876 2911 schismaticos

279 2948 448 3004 huius
475 2947 737 3018 temporis
773 2945 824 3000 in
852 2944 1039 3002 odium
1067 2945 1334 3001 Pontificis
1355 2984 1370 3015 ,
1401 2953 1458 3002 et
1483 2951 1660 3002 status
1695 2944 1876 3001 eccle-

279 3039 490 3095 siastici
532 3036 875 3092 vehementer
914 3035 1235 3108 defendere,
1264 3043 1322 3092 et
1360 3050 1690 3109 exaggerare
1733 3034 1896 3111 hanc·

277 3133 606 3203 potestatem
635 3124 944 3198 temporalis
973 3125 1227 3197 principis
1265 3125 1316 3180 in
1348 3124 1616 3196 clericos3
1647 3123 1878 3197 ideoque

281 3228 345 3277 ut
383 3233 599 3276 omnem
645 3215 992 3274 occasionem
1033 3215 1134 3272 illis
1175 3215 1510 3284 auferamus,
1557 3215 1879 3289 longiusque

283 3312 352 3368 ab
379 3312 458 3367 eis
485 3307 854 3380 discedamus,
886 3308 1058 3364 satius
1086 3321 1208 3362 esse
1235 3321 1452 3363 omnem
1480 3305 1881 3364 ecclesiastica-

284 3417 410 3457 rum
443 3412 801 3471 personarum
831 3396 1214 3469 obligationem
1251 3397 1319 3453 ad
1345 3403 1674 3470 potestatem
1703 3397 1881 3454 eccle·

282 3492 561 3548 siasticam
587 3501 870 3544 revocare.

372 3585 459 3639 13.
491 3579 591 3636 Est
615 3593 750 3650 ergo
791 3577 950 3633 tertia
989 3575 1146 3647 ratio,
1177 3591 1276 3632 seu
1317 3576 1512 3632 tertius
1553 3574 1748 3632 modus
1790 3590 1882 3632 ex·

285 3668 523 3744 plicandi
546 3668 805 3740 originem
834 3665 1380 3738 huius-obligationis,
1407 3666 1638 3723 clericos
1659 3667 1883 3739 obligari

287 3762 355 3820 ad
387 3757 684 3817 servandas
714 3758 858 3830 leges
875 3743 1075 3813 ’civiles
1095 3797 1109 3826 ,
1140 3758 1268 3828 quia
1294 3771 1392 3829 per
1421 3773 1657 3814 canones
1687 3773 1882 3830 appro-

286 3855 512 3920 bantur,
543 3857 598 3906 et
629 3848 786 3922 quasi
812 3849 1202 3903 canonizantur
1230 3846 1410 3918 quoad
1434 3846 1580 3904 bunc
1603 3847 1879 3906 effectum.

287 3947 444 4001 Hanc
473 3943 738 3998 rationem
767 3937 982 3994 invenio
1009 3937 1248 4008 apertius
1276 3937 1598 4008 explicatam
1636 3938 1690 3992 in
1720 3938 1884 3993 Decio

284 4036 438 4094 dicto
477 4047 599 4104 cap.
633 4027 935 4096 Ecclesia,
987 4042 1142 4083 uum.
1171 4029 1268 4096 27,
1299 4041 1465 4099 quam
1497 4028 1547 4082 in
1577 4025 1886 4084 ceteris.lbi

289 4126 436 4184 enim
464 4128 588 4195 post
608 4121 882 4186 rationes,
913 4133 1052 4190 quas
1080 4124 1278 4174 contra
1305 4125 1652 4173 communem
1681 4117 1887 4188 opinio-

289 4233 416 4274 nem
447 4214 736 4282 obiecerat,
761 4209 1068 4280 subiungit:
1100 4206 1218 4265 Sed
1242 4213 1444 4264 tamen
1473 4223 1546 4264 ne
1574 4209 1886 4265 universa-

290 4308 364 4364 lis
391 4304 682 4361 machina
704 4301 880 4356 liuius
917 4300 1210 4354 materiae
1249 4295 1536 4354 alteretur
1553 4341 1568 4362 ,
1604 4295 1759 4370 quod
1785 4295 1884 4352 lea·

290 4395 484 4454 civilis
511 4390 848 4466 approbata
871 4385 1178 4453 videatur,
1224 4389 1276 4441 si
1293 4383 1662 4456 favorabilis
1693 4389 1798 4452 sit,
1833 4389 1888 4443 el

289 4484 614 4546 canonibus
648 4497 768 4537 non
790 4476 1181 4536 emradicar.
1197 4474 1350 4544 Quod
1373 4476 1567 4547 probat
1590 4491 1653 4532 ex
1678 4476 1884 4532 iuribus

289 4581 346 4634 in
384 4573 755 4648 probationem
793 4567 1106 4625 assertionis
1145 4573 1200 4624 et
1239 4567 1546 4622 communis
1587 4567 1883 4624 sententiae

292 4665 546 4725 adductis
562 4705 577 4731 ,
600 4659 915 4738 praesertim
945 4673 1010 4713 ex
1033 4657 1180 4714 dicto
1202 4671 1254 4711 c.
1279 4655 1406 4714 1.de
1427 4655 1548 4712 novi
1579 4671 1729 4728 oper.
1750 4672 1888 4713 nun-

291 4758 424 4814 ciat.
453 4753 568 4813 ‘ubi
604 4757 756 4808 recte
790 4746 1082 4821 expendit,
1113 4745 1186 4802 ibi
1227 4744 1404 4802 decidi
1444 4761 1635 4801 casum
1676 4760 1742 4802 ex
1778 4744 1887 4801 dis-

293 4846 563 4921 positione
601 4841 731 4915 legis
772 4838 945 4896 civilis
966 4879 981 4910 ,
1016 4853 1122 4894 non
1161 4852 1257 4908 per
1287 4835 1649 4908 singularem,
1680 4835 1764 4892 vel
1793 4853 1888 4894 no-

291 4953 418 4994 vam
450 4931 924 5008 approbationem,
955 4935 1012 4985 et
1035 4927 1401 4984 extensionem
1433 4925 1566 4998 legis
1585 4968 1600 4996 ,
1631 4925 1764 4983 alias
1799 4931 1889 5002 (ut

295 5041 466 5099 supra
495 5019 770 5093 dicebam)
793 5035 898 5076 non
923 5017 1266 5075 decideretur
1289 5031 1384 5088 per
1402 5031 1523 5072 eam
1546 5031 1712 5073 casus
1732 5031 1890 5088 prae·

296 5116 525 5185 teritus,
555 5118 612 5169 et
637 5110 757 5168 ideo
787 5107 1020 5181 supponi
1051 5109 1112 5166 in
1147 5121 1212 5164 eo
1248 5111 1399 5163 textu
1439 5104 1573 5162 tales
1611 5104 1754 5180 leges
1797 5122 1889 5178 ap·

295 5205 517 5279 probari
549 5219 580 5260 a
608 5203 727 5259 iure
753 5197 1044 5271 canonico,
1073 5212 1138 5254 eo
1157 5198 1276 5268 ipso
1296 5194 1444 5269 quod
1465 5210 1571 5253 non
1593 5195 1888 5270 reproban-

3320 273 3445 338 285

1933 423 2048 487 tur,
2077 413 2226 474 etde
2254 432 2312 474 se
2352 417 2512 474 utiles
2552 423 2700 489 sunt,
2730 425 2789 474 et
2828 418 3214 476 convenientes
3242 417 3523 476 Ecclesiae

1931 511 2029 563 aut
2056 506 2291 564 clericis:
2324 513 2389 564 ut
2412 523 2480 564 ex
2510 507 2623 564 aliis
2650 507 2884 576 iuribus,
2908 507 3011 580 ait,
3044 508 3342 566 efficaciter
3369 507 3525 564 colli-

1932 597 2102 669 gitur.
2149 596 2471 670 optimeque
2512 597 2775 670 declarat,
2808 598 2911 654 hoc
2951 597 3359 671 intelligendum
3402 613 3525 656 esse

1931 682 2000 741 de
2039 685 2251 758 legibus
2292 687 2345 741 in
2385 690 2663 744 communi
2703 688 3049 761 loquentibus
3092 687 3453 746 abstrahendo
3494 705 3528 746 a

1931 773 2146 831 clericis
2174 781 2233 831 et
2258 774 2440 848 laicis;
2472 791 2598 833 nam
2626 778 2671 833 si
2698 778 2750 834 in
2780 781 2961 850 specie
2983 779 3235 852 disponat
3261 782 3411 836 circa
3438 795 3526 836 res

1932 865 2314 938 veLpersonas
2340 866 2743 926 ecclesiasticas
2760 911 2776 940 ,
2807 872 2939 926 satis
2967 871 3284 942 reprobatae
3312 878 3446 929 sunt
3472 872 3527 927 in

1935 956 2086 1014 dicto
2113 971 2169 1012 c.
2204 956 2490 1026 Ecclesia,
2528 975 2659 1015 cum
2686 959 2972 1036 similibus.
3006 962 3075 1017 Et
3111 962 3250 1018 ratio
3279 962 3529 1019 differen-

1934 1048 2038 1103 tiae
2065 1054 2171 1118 est,
2202 1049 2330 1121 quia
2358 1047 2576 1122 quando
2604 1049 2901 1121 disponunt
2937 1052 2989 1106 in
3018 1051 3337 1124 particulari
3376 1055 3528 1110 circa

1936 1137 2334 1207 ecclesiastica,
2360 1138 2759 1211 praeseferunt,
2780 1155 2847 1197 ac
2870 1126 3185 1214 supponunt
3204 1149 3524 1214 potestatem

1936 1225 2207 1284 laicorum
2241 1229 2291 1284 in
2322 1229 2433 1301 illa,
2462 1228 2612 1302 quod
2638 1239 2911 1305 repugnat
2936 1233 3340 1290 ecclesiasticae
3367 1233 3530 1291 liber-

1939 1317 2053 1374 tati.
2087 1316 2315 1384 Quando
2354 1335 2487 1377 vero
2529 1320 2581 1376 in
2622 1323 2898 1377 communi
2939 1322 3266 1395 loquuntur,
3311 1329 3525 1381 tantum

1935 1408 2247 1478 procedunt
2272 1424 2337 1466 ex
2367 1416 2631 1482 potestate
2660 1411 2997 1484 gubernandi
3039 1413 3434 1484 rempublicam
3474 1417 3527 1471 in

1936 1497 2356 1570 temporalibus,
2387 1501 2442 1554 in
2473 1517 2583 1573 quo
2627 1501 2846 1558 libertas
2889 1502 3265 1560 ecclesiastica
3304 1519 3412 1561 non
3453 1504 3532 1561 os·

1935 1587 2193 1645 tenditur.
2208 1591 2277 1646 Et
2294 1589 2414 1648 ideo
2432 1593 2477 1646 si
2493 1590 2709 1649 aliunde
2730 1592 2876 1665 leges
2901 1594 3017 1650 illae
3032 1594 3355 1651 favorabiles
3376 1600 3528 1664 sunt,

1937 1679 2311 1736 ecclesiastica
2336 1687 2579 1751 potestas
2607 1697 2707 1754 pro
2734 1685 2850 1738 suis
2877 1683 3064 1755 rebus,
3096 1684 3182 1740 vel
3217 1683 3443 1742 clericis
3470 1684 3531 1740 il-

1939 1769 2016 1824 las
2047 1776 2319 1842 acceptat,
2352 1787 2417 1828 eo
2444 1773 2582 1844 ipse,
2611 1773 2761 1845 quod
2796 1788 2888 1830 eas
2916 1790 3025 1832 non
3065 1775 3342 1847 reprobat.
3376 1775 3531 1832 Deni-

1937 1875 2046 1933 que
2084 1859 2267 1930 addit,
2298 1863 2507 1919 censeri
2542 1863 2862 1920 favorabiles
2902 1862 3039 1921 tales
3075 1863 3251 1938 leges,
3280 1878 3345 1920 eo
3392 1865 3530 1936 ipso,

1939 1949 2087 2024 quod
2129 1957 2261 2007 sunt
2300 1951 2457 2007 utiles
2500 1951 2597 2010 toti
2634 1955 3047 2026 communitati,
3088 1961 3144 2011 et
3182 1970 3289 2010 non
3332 1962 3535 2011 nocent

1941 2037 2159 2096 clericis
2187 2055 2284 2111 per
2312 2057 2369 2097 se
2397 2039 2705 2114 loquende;
2736 2043 2841 2100 imo
2870 2043 3057 2115 decet,
3087 2044 3156 2100 ab
3192 2045 3271 2100 eis
3300 2045 3530 2114 servari,

1941 2125 2217 2201 quomodo
2256 2130 2529 2203 explicant
2574 2134 2734 2189 etiam
2778 2132 2924 2190 hunc
2978 2135 3219 2192 favorem
3270 2139 3521 2193 Panorm.

1942 2218 2089 2294 Sylv.
2121 2220 2311 2292 Angel.
2343 2227 2401 2282 et
2425 2220 2530 2279 alii.
2563 2222 2631 2278 Et
2666 2221 2805 2279 hanc
2836 2225 3155 2281 sententiam
3192 2240 3447 2297 expresse
3474 2228 3531 2280 et

1942 2310 1998 2364 in
2028 2311 2260 2382 propriis
2302 2311 2543 2368 terminis
2584 2320 2915 2386 sequuntur,
2946 2321 3003 2370 et
3040 2315 3343 2386 approbant
3383 2314 3527 2370 banc

1943 2400 2088 2456 Decii
2127 2399 2432 2459 doctrinam
2476 2402 2527 2457 in
2566 2402 2759 2459 eodem
2802 2419 2925 2474 cap.
2970 2403 3269 2472 Ecclesia,
3319 2407 3533 2462 Marcus

1943 2491 2219 2547 Mantuan.
2264 2509 2320 2547 n.
2352 2497 2423 2550 23
2446 2531 2461 2562 ,
2492 2499 2547 2548 et
2573 2495 2719 2549 Petr.
2750 2493 2912 2568 Greg.
2945 2511 2999 2550 u.
3035 2499 3125 2553 16.
3157 2497 3325 2552 Tenet
3364 2496 3531 2551 etiam

1944 2581 2175 2637 Fortun.
2194 2581 2354 2637 Garc.
2376 2580 2442 2638 de
2460 2582 2699 2655 uimine,
2728 2583 2860 2640 illat.
2886 2590 2970 2642 10.
2988 2587 3294 2657 principali,
3320 2603 3375 2642 n.
3399 2591 3527 2658 155,

1943 2677 1998 2726 et
2025 2670 2185 2728 latius
2214 2671 2347 2728 illat.
2389 2677 2475 2741 13,
2506 2688 2659 2732 num.
2691 2677 2833 2745 223,
2864 2675 3106 2733 Maranta
3144 2675 3349 2747 disput.
3387 2681 3441 2746 8,
3476 2693 3531 2731 n.

1951 2764 2039 2829 17,
2077 2768 2133 2818 et
2161 2761 2483 2831 47,Rebuff.
2516 2763 2791 2819 inComm.
2825 2763 2891 2820 ad
2920 2767 3141 2822 constit.
3158 2765 3290 2822 Gall.
3324 2773 3456 2822 tom.
3484 2770 3535 2834 i,

1945 2848 1998 2904 in
2027 2852 2263 2907 Prooem.
2290 2851 2529 2921 Glossd,
2550 2868 2701 2908 num.
2732 2856 2827 2925 62,
2851 2855 2943 2927 qui
2964 2854 3115 2912 addit
3137 2856 3531 2928 limitationem,

1946 2947 2013 2996 ut
2033 2939 2284 2998 doctrina
2307 2940 2636 3013 intelligatur
2652 2942 2719 2999 de
2735 2942 2943 3016 legibus
2958 2944 3204 3002 civilibus
3230 2947 3362 3002 iuris
3384 2961 3536 3004 com-

1949 3031 2150 3102 munis,
2182 3047 2289 3087 non
2320 3038 2496 3088 tamen
2538 3031 2604 3088 de
2636 3032 2839 3105 legibus
2881 3035 3295 3106 particularium
3335 3053 3533 3111 regno-

1950 3137 2106 3192 rum,
2138 3122 2266 3194 quia
2294 3121 2407 3178 illas
2436 3137 2543 3178 non
2570 3121 2709 3179 solet
2734 3125 2876 3194 Papa
2916 3125 3246 3197 approbare,
3278 3142 3408 3182 cum
3448 3141 3536 3182 ea-

1952 3226 2076 3268 rum
2120 3211 2371 3267 notitiam
2412 3227 2521 3267 non
2561 3219 2853 3270 censeatur
2894 3212 3113 3282 habere,
3146 3215 3273 3272 iuxa
3299 3231 3353 3272 c.
3392 3221 3442 3274 1.
3475 3215 3543 3273 de

1951 3308 2133 3359 const.
2169 3317 2223 3356 n.
2262 3305 2315 3360 6.
2346 3301 2498 3368 Quod
2523 3304 2773 3376 sequitur
2800 3303 3012 3360 Valasc.
3053 3304 3121 3362 de
3148 3307 3265 3362 iure
3293 3306 3539 3382 emphyt.

1949 3408 2006 3464 p.
2047 3397 2096 3463 1,
2127 3409 2183 3466 q.
2216 3397 2311 3465 20,
2346 3407 2400 3446 n.
2438 3396 2491 3461 6,
2522 3399 2554 3458 s
2578 3396 2719 3450 item
2746 3409 2984 3466 quaero.
3018 3397 3133 3452 Hoc
3162 3403 3293 3453 tunc
3324 3414 3453 3454 cum
3482 3397 3543 3454 li·

1953 3482 2225 3540 mitatione
2252 3481 2663 3554 intelligendum
2694 3484 2957 3556 arbitror,
2999 3494 3061 3543 ut
3087 3487 3349 3558 procedat
3374 3504 3546 3561 quan-

1951 3571 2022 3630 do
2051 3572 2135 3629 lex
2161 3573 2315 3646 regni
2341 3580 2429 3630 est
2455 3574 2730 3630 contraria
2758 3577 2865 3631 iuri
2894 3579 3204 3644 communi,
3236 3585 3366 3636 tunc
3395 3580 3543 3636 enim

1952 3663 2036 3719 lex
2067 3663 2201 3718 iuris
2229 3663 2538 3746 communis
2566 3669 2823 3722 censetur
2850 3666 2967 3722 iure
2990 3669 3256 3725 canonico
3278 3667 3547 3741 approba·

1952 3758 2026 3820 ta3
2061 3760 2117 3810 at
2136 3753 2509 3832 vero-quando
2534 3754 2617 3810 lex
2640 3757 2792 3828 regni
2814 3762 2898 3812 est
2918 3757 3099 3814 sol'um
3123 3758 3265 3816 ultra
3287 3759 3370 3814 ius
3394 3774 3547 3815 com·

1954 3859 2142 3916 mune,
2175 3851 2306 3904 tunc
2335 3845 2495 3900 etiam
2526 3851 2783 3902 censetur
2824 3847 3144 3919 approbata,
3176 3865 3285 3904 non
3324 3849 3545 3923 quidem

1953 3933 2200 3990 absolute
2219 3975 2234 4006 ,
2268 3938 2330 3990 ut
2356 3933 2435 3989 sic
2466 3933 2675 4006 dicam,
2707 3942 2763 3992 et
2789 3935 2839 3991 in
2869 3937 3210 4009 particulari,
3243 3938 3339 3995 sed
3370 3939 3419 3996 in
3448 3957 3548 4013 ge-

1953 4025 2155 4096 nerali,
2188 4031 2241 4080 et
2268 4024 2371 4080 sub
2396 4023 2490 4079 illa
2516 4024 2854 4096 conditione,
2888 4032 2949 4083 ut
2974 4028 3019 4082 si
3046 4027 3129 4084 lex
3159 4028 3332 4099 iusta,
3364 4037 3417 4086 et
3442 4031 3545 4087 toti

1955 4114 2329 4172 communitati
2356 4113 2554 4171 civium
2585 4116 2912 4172 conveniens
2934 4159 2947 4186 ,
2976 4125 3032 4174 et
3060 4118 3322 4191 libertati,
3354 4135 3417 4176 ac
3446 4119 3544 4176 de-

1954 4203 2523 4270 centiaeclericorum
2554 4203 2681 4260 nihil
2708 4204 3001 4278 derogans,
3020 4206 3087 4264 ad
3112 4209 3249 4266 banc
3277 4211 3421 4268 enim
3452 4225 3547 4284 ap-

1956 4294 2329 4366 probationem
2360 4309 2467 4348 non
2494 4299 2578 4349 est
2604 4298 2911 4352 necessaria
2948 4296 3139 4355 talium
3180 4299 3364 4372 legum
3402 4303 3547 4359 noti-

1955 4386 2051 4455 tia,
2083 4390 2144 4440 ut
2172 4399 2267 4454 per
2295 4397 2353 4438 se
2379 4389 2545 4454 patet.
2577 4384 2647 4441 Et
2673 4385 2749 4440 ita
2776 4386 3017 4444 sentiunt
3041 4388 3203 4446 etiam
3232 4390 3422 4448 Thom.
3451 4394 3549 4449 Ze·

1957 4473 2072 4532 rola
2101 4474 2391 4545 episcopus
2418 4473 2773 4530 beneventan.
2808 4475 2860 4532 in
2890 4476 3043 4533 Praxi
3084 4479 3395 4551 episcopor.
3427 4497 3547 4538 ver-

1958 4565 2026 4620 bo
2045 4564 2453 4639 praymalica,
2488 4577 2639 4618 num.
2677 4567 2730 4635 3,
2773 4571 2806 4630 s
2845 4563 2928 4621 ad
2963 4569 3242 4638 primum,
3290 4577 3347 4626 et
3385 4574 3533 4629 Petr.

1956 4654 2122 4710 Morla
2151 4653 2204 4708 in
2232 4654 2513 4725 Emporia
2540 4655 2657 4707 ίαν.
2692 4669 2746 4724 p.
2788 4655 2835 4727 1,
2868 4655 2946 4710 tit.
2987 4659 3037 4726 1,
3066 4673 3220 4713 num.
3262 4661 3348 4717 14.

2034 4743 2417 4814 Probaturque
2462 4741 2594 4798 baec
2638 4745 2896 4801 sententia
2936 4747 3013 4801 sic
3049 4749 3335 4820 explicata.
3368 4753 3549 4810 Primo

1956 4848 2021 4890 ex
2059 4834 2205 4891 dicto
2244 4833 2422 4904 capite
2472 4839 2519 4891 1.
2564 4831 2631 4890 de
2660 4835 2785 4891 novi
2810 4850 2963 4905 oper.
2998 4838 3229 4896 nuntiat.
3261 4841 3397 4898 Nam
3428 4843 3553 4901 licet

1960 4927 2011 4982 in
2039 4923 2357 4996 particulari
2385 4927 2521 4979 ca'su
2551 4923 2825 4996 loquatur,
2858 4929 3116 4998 supponit
3142 4935 3317 4987 tamen
3347 4932 3428 4996 ius
3458 4948 3551 5006 ge·

1959 5013 2181 5083 nerale,
2231 5018 2291 5068 ut
2332 5027 2499 5084 supra
2538 5012 2670 5069 illud
2700 5013 3007 5072 induximus
3030 5057 3045 5088 ,
3084 5023 3139 5074 et
3164 5020 3361 5078 Decius
3386 5024 3549 5080 etiam

1959 5104 2242 5162 indicavit.
2287 5101 2542 5175 Idemque
2582 5102 2777 5174 probat
2813 5105 3013 5174 optime
3038 5105 3185 5165 dicto
3212 5125 3335 5181 cap.
3368 5113 3551 5168 Inno-

1959 5199 2102 5260 ειιίε,
2142 5193 2209 5250 de
2250 5191 2439 5249 arbitr.
2484 5191 2573 5248 ubi
2614 5207 2719 5249 non
2750 5193 2929 5251 solum
2957 5209 3129 5253 causa
3166 5202 3437 5258 canonica
3465 5218 3550 5260 se-
