4325 6267
738 317 862 381 232

660 464 878 532 praeter
907 458 1072 516 verba
1099 458 1390 534 distinguit
1417 459 1466 516 in
1497 457 1616 530 lege
1637 462 1872 516 mentem
1893 463 1949 516 et
1969 457 2258 522 rationem,

661 547 881 620 dicens,
921 563 986 606 ex
1029 534 1240 606 ratione
1282 548 1464 622 colligi
1500 553 1759 619 mentem,
1791 563 1900 604 non
1927 553 2110 604 tamen
2138 560 2261 604 esse

659 635 820 694 idemz
847 638 1098 710 sequitur
1121 638 1316 696 Decius
1341 638 1392 692 in
1416 637 1454 694 l.
1489 641 1538 709 1,
1564 638 1624 695 C.
1653 636 1722 693 de
1742 636 1976 710 edendo,
2001 652 2057 694 n.
2095 641 2183 709 12,
2206 642 2263 693 et

660 728 863 796 optime
893 727 944 782 in
974 740 1098 798 cap.
1124 723 1396 785 Secundo
1415 729 1701 798 requiris,
1736 725 1804 782 de
1833 724 2088 796 appellat.
2114 741 2172 780 n.
2205 726 2255 780 1.

657 813 708 870 in
740 814 865 870 fine.
897 815 966 872 Et
995 815 1104 872 sine
1133 813 1299 872 dubio
1329 814 1379 870 in
1407 816 1588 871 animo
1618 813 1952 888 legislatoris
1981 814 2116 870 haec
2147 811 2257 870 duo

660 903 918 960 distincta
959 910 1120 978 sunt,
1164 903 1382 960 scilicet
1409 903 1696 975 voluntas,
1739 918 1837 959 seu
1868 903 2093 960 intentio
2121 902 2258 972 eius,

628 992 966 1050 ·secundum
1008 1008 1178 1066 quam
1206 992 1326 1050 vult
1353 993 1690 1065 praecipere,
1719 997 1776 1048 et
1801 992 1962 1062 ratio,
1993 989 2062 1047 ob
2090 1006 2259 1063 quam

655 1089 942 1154 movetur3
975 1067 1110 1138 haec
1139 1080 1279 1138 enim
1307 1081 1358 1136 in
1385 1083 1528 1137 omni
1557 1095 1790 1152 persona
1813 1097 1879 1137 ex
1903 1081 2181 1137 voluntate
2204 1086 2261 1137 et

658 1173 866 1230 ratione
897 1177 1160 1242 operante
1188 1170 1444 1228 distincta
1465 1175 1632 1242 sunt,
1666 1175 1728 1226 ut
1752 1185 1852 1243 per
1878 1171 1936 1228 ize
1962 1176 2110 1227 etex
2141 1169 2261 1241 pbi-

655 1261 904 1334 losopbia
942 1265 1198 1333 constat3
1232 1266 1288 1317 et
1315 1261 1433 1317 ideo
1462 1260 1529 1336 de
1561 1265 1798 1332 utraque
1825 1256 2122 1316 dicendum
2147 1265 2254 1332 est,

656 1337 954 1424 quomodo'
975 1351 1030 1406 in
1064 1364 1128 1407 ea
1157 1349 1421 1406 consistat
1448 1349 1627 1406 anima
1654 1348 1811 1422 legis,
1843 1363 1943 1405 seu
1969 1347 2253 1420 quomodo

653 1439 959 1512 pertineant
997 1436 1067 1495 ad
1105 1439 1458 1495 intrinsecam
1497 1437 1724 1494 sormam
1757 1436 1914 1509 legis.
1941 1437 2076 1493 Hinc
2106 1439 2255 1494 enim

653 1529 890 1587 multum
920 1527 1120 1600 pendet
1144 1539 1340 1584 sensus
1361 1534 1417 1584 et
1437 1517 1817 1598 interpretatio
1841 1525 1994 1600 legis,
2021 1533 2085 1584 ut
2103 1533 2255 1600 post-

653 1632 719 1675 ea
747 1617 1070 1676 videbimus.
2156 1681 2165 1687 .

731 1712 788 1765 2.
819 1708 952 1764 Dico
993 1721 1127 1780 ergo
1167 1709 1378 1780 primo:
1411 1704 1677 1764 Voluntas
1715 1704 2036 1780 legislatoris
2061 1711 2148 1763 est
2174 1705 2254 1762 in-

653 1798 888 1855 trinseca
916 1797 1112 1866 forma,
1137 1801 1191 1855 et
1212 1798 1392 1853 anima
1411 1795 1566 1870 legis.
1594 1795 2036 1868 Probatursquia
2057 1795 2145 1852 lex
2166 1811 2255 1852 es-

651 1887 949 1944 sentialiter
989 1885 1191 1959 pendet
1229 1885 1282 1942 in
1325 1901 1427 1943 suo
1462 1899 1584 1943 esse
1613 1872 1678 1942 a‘c
1708 1885 2047 1942 institutione
2076 1883 2144 1941 ab
2174 1887 2251 1942 in·

649 1979 892 2034 tentione
921 1975 1272 2049 legislatoris,
1307 1991 1432 2033 nam
1461 1974 1592 2033 licet
1619 1974 1705 2031 ille
1733 1974 1975 2048 proferat
1995 1974 2160 2032 verba
2182 1973 2250 2032 de

651 2083 712 2124 se
753 2065 1086 2122 sufficientia
1129 2064 1197 2122 ad
1235 2063 1713 2138 praecipiendum,
1752 2069 1811 2144 qt
1837 2063 1968 2122 c'um
1999 2065 2251 2122 omnibus

647 2160 888 2215 exterius
926 2151 1209 2228 requisitis
1249 2153 1317 2212 ad
1358 2153 1812 2212 constitutionem
1853 2153 2020 2226 legis,
2062 2155 2108 2209 si
2140 2170 2250 2216 non

645 2246 844 2305 habeat
886 2246 1234 2303 intentionem
1275 2244 1481 2302 feren'di
1521 2245 1732 2317 legem,
1775 2259 1884 2300 non
1913 2241 2245 2314 seretillam,

648 2335 868 2393 nec·illa
887 2336 990 2392 erit
1012 2350 1138 2391 vera
1162 2335 1265 2392 lex.
1293 2323 1451 2391 Ratio
1473 2339 1580 2404 est,
1605 2334 1734 2405 quia
1755 2332 1930 2390 omnis
1953 2337 2112 2389 actus
2133 2346 2249 2388 mo·

649 2425 782 2494 ralis
811 2422 1012 2498 pendet
1037 2422 1394 2481 essentialiter
1422 2422 1490 2480 ab
1519 2423 1835 2494 intentione,
1859 2423 1973 2478 sine
2002 2437 2112 2494 qua
2138 2436 2248 2478 non

646 2519 734 2571 est
761 2530 926 2571 verus
953 2520 1115 2570 actus
1141 2553 1156 2586 ,
1187 2511 1285 2570 sed
1313 2513 1473 2569 fictus
1501 2513 1554 2568 in
1585 2527 1687 2568 suo
1716 2509 1904 2568 ordine
1933 2526 2030 2568 seu
2063 2511 2113 2566 in
2146 2526 2247 2568 sua

648 2605 848 2677 specie.
895 2604 985 2660 Sic
1025 2609 1218 2660 votum
1257 2603 1500 2658 exterius
1542 2601 1755 2658 sactum
1796 2602 1914 2658 sine
1951 2601 2248 2657 intentione

643 2710 753 2752 non
781 2699 868 2752 est
901 2683 1120 2766 vdtum,
1151 2708 1254 2765 nec
1283 2707 1520 2749 censura
1548 2692 1657 2748 lata
1685 2691 1800 2746 sine
1837 2692 2132 2749 intentione
2159 2697 2249 2750 est

590 2809 593 2812 ·
645 2798 908 2856 censura,
943 2797 1047 2839 nec
1077 2788 1482 2838 sacramentum
1511 2781 1626 2837 sine
1657 2779 1952 2836 intentione
1982 2780 2245 2837 collatum

641 2878 730 2929 est
755 2878 1183 2943 sacramentum,
1213 2875 1269 2926 et
1297 2870 1376 2926 sic
1404 2868 1471 2925 de
1502 2869 1651 2942 aliis,
1685 2868 1828 2926 idem
1851 2884 1981 2942 ergo
2007 2876 2092 2926 est
2112 2885 2243 2945 cum

643 2962 994 3034 proportione
1023 2963 1076 3016 in
1105 2959 1243 3033 lege.
1276 2961 1452 3032 Atque
1482 2957 1586 3015 hoc
1619 2956 1781 3014 inodo
1811 2965 1963 3015 recte
1993 2958 2243 3032 intelligi-

641 3057 736 3108 tur
772 3049 932 3107 illud:
981 3047 1156 3124 Quod
1188 3049 1457 3122 principi
1485 3045 1750 3122 placuit,
1793 3045 1935 3120 leqis
1960 3048 2137 3106 habet
2163 3052 2248 3106 vi-

643 3155 872 3213 qorem,
924 3138 1102 3195 Instit.
1145 3135 1212 3194 de
1247 3138 1360 3194 iur.
1393 3141 1576 3194 natur.
1610 3141 1759 3209 gent.
1791 3141 1850 3192 et
1878 3137 2052 3206 civili,
2085 3142 2118 3203 s
2142 3135 2247 3194 sed

643 3233 726 3290 et,
762 3229 887 3300 quia
915 3241 980 3284 ex
1011 3226 1356 3308 beneplacito
1385 3225 1645 3298 principis
1674 3230 1788 3283 tota
1815 3224 1900 3282 lex
1927 3223 2158 3297 pendet,
2190 3234 2245 3284 et

639 3316 761 3375 ideo
801 3317 963 3374 etiam
998 3317 1052 3372 in
1085 3316 1146 3371 L.
1179 3331 1297 3390 spon
1331 3313 1599 3377 dubium,
1631 3316 1694 3372 C.
1729 3314 1795 3372 de
1824 3315 1981 3388 legib.
2014 3316 2241 3388 dicitur,

637 3408 704 3463 in
735 3404 919 3478 leqem
938 3419 1222 3480 peccare,
1255 3405 1358 3478 qui
1382 3403 1563 3460 verba
1589 3401 1732 3476 leqis
1760 3401 2078 3478 amplexus
2108 3421 2247 3462 cone

641 3502 744 3554 tra
783 3495 926 3569 legis
961 3498 1181 3552 nititur
1206 3492 1592 3550 voluntatem.
1622 3493 1820 3566 Utique
1838 3534 1855 3564 ,
1884 3495 2016 3567 quia
2043 3493 2241 3553 volun-

639 3591 726 3644 tas
755 3592 842 3642 est
871 3586 1046 3643 anima
1074 3589 1130 3640 et
1157 3582 1313 3656 quasi
1343 3581 1652 3639 substantia
1676 3581 1828 3656 legis.

719 3679 773 3732 3.
803 3676 925 3732 Duo
961 3680 1147 3731 autem
1174 3686 1474 3744 possumus
1502 3671 1554 3726 in
1581 3670 1685 3727 bac
1714 3671 1999 3730 voluntate
2026 3669 2244 3746 legisla-

638 3759 772 3823 toris
800 3759 1180 3822 considerare=
1215 3776 1388 3818 unum
1413 3765 1520 3830 est,
1551 3759 1701 3832 quod
1730 3760 1855 3818 velit
1872 3759 2048 3835 legem
2069 3761 2238 3836 ferre,

637 3859 696 3913 et
727 3870 826 3927 per
859 3852 1006 3910 iliam
1032 3850 1282 3909 subditos
1309 3849 1580 3923 obligare3
1612 3849 1761 3908 aliud
1789 3856 1899 3924 est,
1929 3849 2082 3924 quod
2109 3850 2241 3908 velit

638 3944 880 4019 obligare
909 3941 978 4000 ad
1005 3942 1108 3999 hoc
1139 3931 1228 3999 ve'l
1256 3939 1410 4011 illud,
1440 3938 1507 3997 ad
1537 3940 1685 3999 hunc
1707 3938 1963 3997 velillum
1986 3940 2232 4013 modum,

638 4034 732 4092 tali
761 4041 1026 4105 tempore,
1056 4030 1143 4088 vel
1175 4031 1490 4103 occasione,
1515 4036 1630 4088 etc.
1664 4031 1747 4088 Ex
1775 4030 1976 4105 quibus
1998 4032 2237 4104 primum

638 4137 934 4181 commune
973 4126 1058 4178 est
1096 4121 1244 4178 omni
1283 4119 1420 4193 legi,
1455 4119 1762 4177 secundum
1790 4127 1971 4177 autem
1999 4121 2240 4193 pertinet

637 4213 798 4286 quasi
825 4212 893 4270 ad
923 4212 1162 4284 speciem
1192 4225 1294 4266 seu
1322 4208 1828 4266 determinationem
1858 4209 2013 4284 legis,
2037 4215 2094 4267 et
2115 4209 2235 4268 ideo

637 4307 941 4375 utrumque
979 4315 1102 4357 esse
1141 4303 1326 4373 potest
1363 4298 1429 4355 de
1470 4297 1776 4356 substantie
1808 4298 1941 4371 legis
1972 4304 2235 4372 tanquam

613 4390 816 4449 ·-forma
845 4391 1100 4464 generice
1126 4393 1182 4447 et
1210 4387 1490 4460 specifica,
1520 4402 1662 4461 quae
1688 4393 1774 4444 est
1799 4403 1909 4444 una
1925 4393 1993 4445 'et
2019 4388 2231 4464 eadem,

637 4479 946 4537 secundum
986 4478 1234 4536 diversas
1274 4474 1619 4534 habitudines
1661 4481 1928 4549 spectata.
1971 4478 2059 4534 Sic
2089 4478 2233 4535 enim

582 4619 586 4626 .
637 4568 778 4627 idem
813 4575 900 4626 est
935 4574 1094 4626 actus
1134 4567 1455 4639 voluntatis,
1501 4581 1612 4640 quo
1649 4565 1925 4639 legislator
1955 4566 2074 4624 vult
2100 4567 2236 4625 obli-

635 4675 767 4732 gare
795 4654 1108 4730 subditum,
1149 4666 1208 4716 et
1243 4673 1356 4731 quo
1383 4656 1537 4727 vult,
1569 4655 1719 4712 illum
1749 4656 1852 4715 hoc
1884 4655 1966 4713 vel
1995 4657 2128 4715 illud
2156 4658 2235 4715 ra·

633 4765 797 4821 cere,
838 4755 1138 4821 utrumque
1177 4763 1311 4820 ergo
1353 4748 1596 4820 pertinet
1628 4744 1696 4802 ad
1724 4746 1864 4804 hanc
1893 4745 2126 4804 sormam
2153 4748 2233 4804 in-

636 4839 930 4894 trinsecam
981 4837 1134 4911 legis».
1185 4839 1474 4894 Praeterea
1504 4835 1574 4892 in
1619 4836 1788 4908 priori
1823 4842 1956 4892 actu
1990 4837 2232 4908 generali

637 4925 778 4985 duae
819 4926 1130 4984 voluntates
1172 4941 1272 4983 seu
1311 4923 1632 4982 intentiones
1668 4923 1932 4999 distingui
1971 4934 2228 4999 possunt,

572 4999 585 5012 ’
635 5032 744 5076 una
772 5020 860 5074 est
883 5015 1109 5073 intentio
1136 5013 1344 5072 serendi
1368 5013 1564 5087 legem,
1596 5011 1698 5071 alia
1723 5018 1810 5070 est
1841 5014 2069 5071 intentio
2099 5013 2231 5072 obli-

635 5104 796 5180 gandi
825 5120 920 5178 per
951 5105 1148 5178 legem,
1181 5119 1322 5179 quas
1350 5097 1406 5159 in
1433 5102 1525 5161 lib.
1557 5104 1600 5160 1.
1633 5103 1932 5178 tetigimus,
1959 5109 2016 5161 et
2035 5103 2104 5161 de
2123 5101 2229 5162 illis

636 5197 828 5278 quaeri
853 5201 1055 5272 potest,
1085 5211 1156 5255 an
1181 5201 1418 5270 utraque
1443 5191 1527 5256 vel
1557 5191 1726 5254 &ltere
1753 5198 1990 5271 tantum,
2012 5199 2066 5254 et
2087 5209 2229 5268 quae

2119 333 2324 383 LIBER
2351 334 2457 383 111.

2332 455 2547 513 illarum
2577 457 2648 513 sit
2674 454 2740 513 de
2770 455 3007 512 essentia
3034 452 3167 528 legis
3194 453 3484 513 humanae.
3517 456 3665 524 Quae
3706 456 3937 514 interro-

2332 546 2475 619 gatio
2503 546 2644 603 solet
2670 545 2722 601 in
2752 544 2913 601 simili
2940 543 3008 601 de
3033 551 3157 601 voto
3186 543 3338 613 ferri,
3369 552 3426 602 et
3443 545 3634 602 eodem
3658 545 3823 603 modo
3845 546 3934 602 hic

2332 634 2631 693 definienda
2668 641 2772 692 est.
2815 634 2970 692 Unde
2999 634 3412 706 breviterdico,
3444 641 3736 707 utramque
3764 637 3940 692 inten-

2330 727 2531 783 tionem
2559 739 2680 782 esse
2710 724 2774 782 de
2803 724 3108 781 substantia
3138 725 3293 804 legis,
3325 724 3449 796 quia
3481 725 3699 781 intentio
3721 724 3933 782 serendi

2332 814 2505 888 legem
2545 821 2670 887 est,
2702 822 2769 873 ut
2794 815 2867 872 ita
2894 814 3071 872 dicam
3097 854 3114 885 ,
3158 812 3367 871 directe
3408 829 3473 870 ac
3516 814 3813 874 formaliter
3840 827 3937 870 ne-

2328 907 2598 970 cessaria,
2630 911 2693 962 ut
2732 911 3019 962 ostensum
3047 907 3160 975 est3
3195 905 3419 960 intentio
3451 910 3633 961 autem
3664 901 3934 977 obligandi

2327 1003 2413 1052 est
2451 995 2791 1066 necessaria,
2841 999 2905 1050 ut
2950 994 3035 1051 lex
3082 991 3307 1048 inducat
3346 991 3757 1064 obligationem,
3800 993 3931 1066 quia

2328 1091 2488 1142 actus
2510 1083 2743 1142 morales
2766 1099 2873 1141 non
2897 1089 3196 1156 operantur
3219 1081 3363 1139 ultra
3384 1083 3736 1138 intentionem
3764 1097 3929 1155 agen-

2324 1168 2495 1246 tium3
2540 1180 2811 1248 repugnat
2850 1179 3033 1230 autem
3070 1187 3191 1229 esse
3221 1171 3418 1244 legem,
3448 1177 3505 1228 et
3530 1187 3636 1226 non
3670 1169 3928 1230 inducere

2324 1261 2394 1318 de
2442 1276 2501 1318 se
2548 1261 2967 1337 obligationem,
3017 1262 3145 1334 quia
3191 1261 3480 1318 intrinsece
3516 1265 3604 1316 est
3638 1259 3925 1317 vinculum

2324 1349 2626 1426 quoddam,
2644 1358 2704 1409 et
2723 1351 2979 1424 obligatio
3001 1357 3085 1407 est
3105 1350 3261 1423 quasi
3278 1349 3521 1407 formalis
3537 1349 3766 1406 effectus
3783 1349 3920 1406 eius.

2400 1438 2720 1497 Addendum
2750 1455 2881 1497 vero
2908 1445 3017 1512 est,
3043 1439 3398 1496 intentionem
3421 1436 3627 1494 serendi
3649 1437 3850 1511 legem,
3874 1443 3932 1496 et

2322 1529 2593 1602 obligandi
2623 1545 2721 1601 per
2748 1528 2915 1600 illam,
2950 1543 3073 1586 esse
3096 1543 3259 1584 unam
3284 1534 3341 1585 et
3358 1526 3623 1598 eamdem,
3652 1527 3736 1583 vel
3764 1541 3926 1584 unam

2228 1638 2249 1656 ·
2320 1617 2606 1675 includere
2633 1619 2816 1689 aliam,
2848 1617 3041 1674 saltem
3063 1616 3343 1688 implicite,
3366 1615 3598 1689 ideoque
3626 1616 3930 1689 quamlibet

2323 1705 2581 1764 sufficere
2624 1705 2695 1764 ad
2732 1704 3173 1764 constituendam
3215 1704 3410 1778 legem.
3452 1706 3723 1762 Probatur
3751 1719 3820 1763 ex
3848 1705 3929 1762 di-

2320 1796 2423 1853 ctis
2452 1796 2505 1862 in
2533 1796 2622 1854 lib.
2655 1795 2713 1868 1,
2746 1798 2879 1870 quia
2905 1795 3211 1854 essentialis
3240 1799 3397 1852 actus
3425 1795 3724 1868 requisitus
3745 1798 3801 1852 in
3822 1811 3918 1852 vo-

2320 1883 2527 1943 luntate
2569 1885 2891 1958 legislatoris
2932 1884 2999 1942 ad
3034 1883 3316 1942 serendam
3346 1884 3523 1959 legem
3547 1892 3635 1943 est
3660 1884 3923 1944 voluntas

2320 1973 2589 2048 obligandi
2632 1971 2922 2047 subditos3
2968 1989 3096 2032 nam
3136 1973 3271 2030 haec
3308 1981 3393 2030 est
3418 1973 3672 2031 voluntas
3698 1990 3927 2048 praece-

2319 2066 2485 2138 ptiva,
2504 2067 2619 2122 sine
2643 2080 2753 2139 qua
2778 2080 2886 2122 non
2910 2071 3091 2138 potest
3106 2063 3326 2138 intelligi
3348 2063 3626 2137 obligatio,
3645 2079 3747 2121 nec
3762 2063 3925 2122 etiam

2321 2155 2425 2213 alia
2452 2155 2705 2214 voluntas
2737 2156 2966 2229 cogitari
2995 2161 3195 2227 potest,
3224 2169 3367 2228 quae
3398 2169 3498 2235 per
3524 2171 3580 2211 se
3610 2155 3925 2212 necessaria

2320 2247 2390 2302 sit
2430 2245 2495 2302 ad
2539 2246 2735 2320 legem.
2781 2246 2953 2320 Igitur
2993 2247 3047 2302 in
3091 2245 3208 2317 lege
3236 2244 3475 2301 humana
3502 2243 3637 2301 haec
3668 2243 3921 2301 voluntas

2318 2341 2405 2392 est
2431 2336 2767 2405 necessaria3
2806 2350 2944 2408 ergo
2968 2333 3223 2391 voluntas
3253 2332 3459 2390 serendi
3487 2333 3661 2406 legem
3690 2349 3803 2390 non
3839 2337 3924 2388 est

2318 2424 2442 2497 alia,
2462 2425 2565 2480 nisi
2578 2424 2831 2482 voluntas
2858 2423 3162 2481 insinuandi
3184 2421 3401 2480 subdito
3418 2423 3757 2479 voluntatem
3780 2421 3918 2478 obli-

2318 2512 2483 2588 gandi
2520 2505 2704 2587 illum,
2740 2529 2873 2588 ergo
2911 2514 3163 2571 voluntas
3194 2512 3397 2569 serendi
3424 2528 3611 2569 veram
3638 2511 3812 2584 legem
3842 2513 3923 2568 in-

2320 2603 2494 2661 cludit
2519 2603 2857 2660 voluntatem
2884 2601 3194 2676 obligandi,
3222 2608 3282 2659 et
3305 2616 3336 2659 e
3364 2617 3634 2659 converso
3658 2601 3919 2658 voluntas

2319 2692 2624 2766 obligandi,
2672 2694 2717 2749 si
2756 2691 2951 2750 efficax
2996 2693 3098 2762 sit,
3141 2690 3374 2749 includit
3412 2691 3751 2750 voluntatem
3789 2692 3921 2748 insi-

2315 2781 2538 2853 nuandi,
2566 2788 2624 2839 et
2644 2781 2980 2855 significandi
2998 2783 3237 2839 exterius
3258 2781 3494 2853 seipsam
3516 2781 3758 2854 subdito,
3782 2783 3921 2854 quia

2315 2873 2431 2930 sine
2456 2872 2559 2930 hac
2588 2871 2981 2944 significatione
3000 2887 3107 2928 non
3130 2875 3451 2942 potestesse
3472 2870 3745 2942 obligatio;
3772 2885 3909 2944 ergo

2315 2960 2437 3019 illae
2460 2960 2604 3019 duae
2626 2960 2933 3018 voluntates
2955 2959 3039 3017 vel
3062 2960 3114 3016 in
3140 2975 3302 3016 unam
3324 2958 3665 3028 coincidunt,
3684 2959 3767 3015 vel
3792 2975 3918 3016 mu-

2317 3056 2409 3107 tuo
2440 3065 2498 3106 se
2534 3048 2857 3120 includunt,
2889 3065 3022 3123 ergo
3052 3051 3162 3105 sive
3189 3049 3465 3122 legislator
3492 3049 3729 3122 proferat
3748 3050 3917 3107 verba

2316 3138 2451 3213 legis
2494 3155 2641 3198 cum.
2662 3140 2959 3198 intentione
2987 3138 3289 3212 obligandi,
3321 3141 3435 3196 sive
3462 3155 3593 3198 cum
3619 3140 3917 3198 intentione

2313 3223 2699 3287 constituendi
2720 3229 2917 3304 legem,
2949 3229 3040 3286 illa
3066 3229 3293 3286 intentio
3322 3230 3451 3287 satis
3478 3237 3587 3286 est.

2395 3319 2591 3375 Dices:
2622 3305 2795 3390 Quid,
2814 3318 2856 3374 si
2884 3317 3078 3375 habeat
3106 3319 3456 3375 intentionem
3487 3317 3686 3376 ferendi
3714 3319 3909 3392 legem,

2314 3423 2447 3466 cum
2476 3409 2771 3466 intentione
2800 3424 2910 3466 non
2939 3407 3209 3483 obligandi
3239 3423 3335 3480 per
3362 3407 3537 3467 illam?
3563 3409 3911 3482 Respondeo,

2314 3497 2357 3553 si
2384 3511 2603 3555 omnem
2628 3496 2910 3570 excludat,
2942 3498 3299 3570 posteriorem
3328 3495 3614 3556 destruere
3642 3499 3905 3572 priorem3

2315 3587 2425 3644 imo
2466 3588 2799 3645 intentiones
2841 3585 2959 3644 illas
2987 3586 3121 3644 adeo
3149 3602 3270 3644 esse
3298 3588 3627 3660 contrarias,
3658 3594 3722 3645 ut
3748 3587 3917 3645 simul

2312 3674 2500 3732 haberi
2517 3692 2626 3734 non
2651 3677 2885 3749 possint,
2908 3677 3010 3733 nisi
3034 3677 3417 3734 interveniente
3437 3677 3761 3751 ignorantia,
3781 3677 3915 3749 quia

2307 3766 2363 3822 iu
2400 3767 2531 3837 ipsis
2559 3764 2791 3822 obiectis
2824 3765 3315 3823 contradictionem
3342 3765 3645 3823 involvunt.
3674 3764 3830 3833 Quod
3860 3765 3911 3821 si

2310 3869 2411 3926 per
2449 3854 2811 3926 ignorantiam
2852 3852 3177 3928 habeantur,
3207 3853 3336 3912 nihil
3363 3853 3597 3928 sacient,
3629 3861 3751 3912 tum
3778 3856 3911 3928 quia

2310 3950 2444 4001 sunt
2483 3945 2823 4016 contrariae,
2866 3950 2922 4000 et
2960 3943 3033 4001 ita
3074 3960 3131 4001 se
3170 3942 3499 4016 impediunt,
3540 3950 3598 4002 et
3632 3943 3761 4001 nibil
3787 3943 3911 4001 effi-

2308 4033 2499 4106 ciunt3
2542 4043 2659 4091 tum
2696 4033 2861 4091 etiam
2898 4033 3028 4105 quia
3054 4033 3353 4106 ignorantia
3379 4039 3577 4090 causat
3601 4030 3909 4090 involunta-

2306 4121 2471 4194 rium,
2504 4123 2661 4179 etita
2689 4121 2913 4195 impedit
2936 4123 3227 4196 effectum,
3258 4128 3377 4180 tum
3404 4124 3661 4196 maxime,
3692 4123 3823 4195 quia
3850 4123 3905 4178 in

2306 4210 2398 4268 illa
2424 4211 2717 4268 intentione
2758 4210 2959 4268 ferendi
2987 4211 3165 4286 legem
3193 4211 3487 4270 involvitur
3512 4213 3901 4285 repugnantis,

2306 4303 2437 4375 quia
2462 4307 2547 4358 est
2572 4303 2801 4359 intentio
2828 4300 3036 4359 serendi
3065 4301 3263 4376 legem,
3292 4316 3435 4375 quae
3461 4300 3666 4358 nullam
3694 4300 3905 4374 obliga·-

2306 4392 2509 4448 tionem
2529 4388 2777 4464 inducat,
2803 4389 2951 4464 quod
2970 4398 3266 4464 repugnat,
3292 4391 3419 4464 quia
3438 4389 3529 4448 illa
3550 4406 3657 4448 non
3678 4397 3766 4448 est
3788 4391 3897 4466 lex,

2304 4479 2399 4537 sed
2437 4479 2751 4537 consilium.
2794 4481 2875 4537 Et·
2903 4481 3026 4538 ideo
3063 4479 3153 4537 illa
3188 4481 3417 4539 intentio
3445 4496 3555 4538 non
3582 4480 3797 4539 sufficit
3829 4481 3903 4540 ad

2305 4569 2581 4629 serendam
2608 4585 2795 4627 veram
2822 4571 3019 4643 legem,
3046 4571 3130 4628 vel
3151 4571 3281 4645 quia
3307 4587 3407 4644 per
3426 4570 3571 4630 illam
3590 4587 3701 4628 non
3724 4573 3905 4629 inten-

2303 4661 2453 4718 ditur
2489 4659 2577 4717 lex
2614 4660 2715 4716 nisi
2754 4659 2870 4716 solo
2912 4659 3163 4732 nomine,
3204 4659 3288 4717 vel
3324 4662 3481 4733 quia,
3522 4659 3649 4717 licet
3673 4659 3761 4718 lex
3789 4677 3904 4719 non

2303 4749 2547 4823 obligans
2585 4751 2763 4820 possit
2798 4764 2895 4820 per
2930 4750 3287 4822 ignorantiam
3319 4748 3546 4822 intendi,
3576 4766 3685 4807 non
3716 4756 3903 4809 tamen

2302 4839 2449 4911 fieri,
2490 4839 2621 4913 quia
2653 4838 2879 4895 intentio
2918 4838 3095 4894 fertur
3124 4838 3177 4894 in
3218 4853 3333 4895 rem
3376 4845 3441 4896 ut
3477 4838 3899 4914 apprehensam,

2298 4928 2515 4986 effectio
2555 4934 2737 4986 autem
2765 4928 3039 4986 terminari
3064 4927 3223 4986 debet
3248 4929 3316 4986 ad
3343 4943 3483 5003 rem,
3512 4935 3577 4986 ut
3603 4929 3655 4985 in
3686 4945 3743 4987 se
3772 4944 3903 5002 pos-

2300 5017 2465 5074 sibilis
2507 5024 2614 5076 est.
2658 5019 2807 5087 Quae
2847 5017 3029 5075 omnia
3067 5019 3123 5075 in
3150 5019 3375 5078 materia
3400 5016 3468 5076 de
3497 5023 3629 5077 voto
3652 5021 3709 5078 in
3736 5019 3903 5080 simili

2298 5105 2573 5165 declarata
2599 5112 2748 5164 sunt.
3110 5155 3115 5159 .

2374 5201 2431 5257 4.
2462 5195 2699 5256 Tandem
2723 5201 2811 5257 est
2834 5195 2889 5254 in
2915 5195 3022 5258 hoc
3047 5203 3259 5273 puncto
3286 5195 3617 5276 addendum,
3642 5197 3899 5260 intentio·
