4325 6267
830 312 952 375 140

700 518 715 527 ‚
751 454 1059 526 exemplum
1084 459 1207 511 erat
1232 452 1300 509 de
1326 451 1575 510 custodia
1600 452 1833 509 civitatis
1861 426 1959 525 per
1985 449 2196 523 vigilias
2223 449 2342 521 lege

747 544 1084 612 distributae,
1125 541 1274 615 quod
1312 542 1485 599 multo
1526 544 1699 615 magis
1736 545 1821 596 est
1856 547 2013 597 extra
2039 556 2188 611 rem,
2221 554 2344 594 nam

748 634 840 691 illa
860 631 1173 693 distributio
1212 646 1323 689 non
1364 632 1422 687 fit
1458 631 1557 687 nisi
1593 646 1691 704 per
1728 630 2017 688 humanam
2055 630 2260 702 legem,
2289 634 2346 683 et

749 722 869 779 ideo
895 722 1093 778 mirum
1122 737 1233 777 non
1262 726 1369 792 est,
1400 718 1549 793 quod
1578 718 1745 776 cadat
1772 720 1823 776 in
1850 718 1995 776 illam
2016 716 2344 791 dispensatio

746 830 856 869 non
898 812 1076 869 solum
1118 812 1233 877 Dei,
1282 809 1381 866 sed
1424 811 1589 869 etiam
1632 809 1885 866 hominis.
1926 807 2161 881 ldeoque
2205 804 2344 861 male

747 904 912 959 etiam
943 905 1145 958 citatur
1174 901 1229 956 d.
1262 900 1499 957 Thomas
1528 900 1577 955 in
1610 900 1755 957 dicto
1786 904 1888 956 art.
1925 904 1981 971 8,
2010 899 2139 971 quia
2166 896 2236 953 ibi
2266 895 2344 953 lo-

748 992 936 1065 quitur
960 990 1027 1047 de
1048 988 1495 1047 determinatione
1524 989 1656 1061 legis
1684 987 1948 1045 naturalis
1971 987 2114 1045 sacta
2145 1000 2244 1057 per
2269 984 2344 1041 le-

746 1100 866 1157 gem
898 1082 1211 1150 humanam,
1243 1088 1307 1136 ut
1331 1079 1639 1149 exemplum
1668 1076 1920 1135 ostendit.

824 1173 1064 1228 Tertium
1113 1168 1424 1240 exemplum
1464 1169 1764 1226 indicatum
1806 1168 1875 1223 ab
1916 1167 2340 1224 Altisiodorense

745 1270 833 1320 est
862 1264 927 1319 de
964 1266 1256 1334 praecepto
1284 1258 1532 1315 servandi
1560 1266 1751 1315 votum
1775 1298 1790 1322 ,
1819 1259 1869 1313 in
1898 1273 2011 1331 quo
2032 1263 2214 1329 potest
2235 1256 2344 1313 dis-

748 1352 977 1426 pensari.
1012 1350 1090 1407 Ad
1131 1347 1279 1421 quod
1316 1349 1477 1405 etiam
1514 1354 1731 1404 constat
1772 1364 1837 1404 ex
1866 1348 2028 1405 dictis
2069 1348 2122 1403 in
2161 1348 2340 1419 capite

750 1441 1095 1516 praecedenti
1123 1482 1137 1509 ,
1167 1455 1295 1495 cum
1324 1438 1573 1495 aufertur
1602 1442 1791 1495 votum
1829 1452 1940 1492 non
1971 1436 2083 1492 lieri
2123 1436 2340 1508 dispen-

748 1534 1011 1589 sationem
1040 1532 1096 1586 in
1124 1530 1239 1601 lege
1262 1528 1515 1605 naturali,
1538 1527 1631 1585 sed
1652 1526 1851 1584 auferri
1882 1527 2155 1584 materiam
2197 1526 2336 1597 eius3

748 1622 1049 1694 eodemque
1078 1618 1239 1675 mado
1266 1626 1322 1675 et
1340 1634 1447 1675 non
1469 1620 1576 1675 alio
1598 1622 1779 1691 potest
1801 1620 1946 1675 Deus
1967 1617 2180 1674 auferre
2205 1616 2341 1672 obli-

748 1712 1017 1785 gationem
1046 1710 1187 1781 voti,
1221 1725 1322 1765 nec
1351 1709 1491 1765 enim
1519 1709 1701 1764 facere
1730 1713 1934 1779 potest,
1960 1713 2027 1764 ut
2044 1714 2234 1763 votum
2262 1705 2340 1763 in·

747 1810 965 1877 tegrum
1008 1806 1253 1871 maneat,
1283 1808 1341 1856 et
1381 1797 1529 1871 quod
1566 1799 1652 1856 lex
1694 1797 1957 1856 naturalis
1998 1812 2105 1852 non
2132 1795 2338 1869 obliget

750 1894 1035 1949 habentem
1062 1889 1131 1945 ad
1159 1888 1490 1959 implendum
1528 1887 1693 1959 illud3
1726 1894 1900 1961 potest
1922 1902 2053 1960 ergo
2079 1888 2222 1942 Deus
2245 1902 2343 1941 au-

750 1983 891 2040 ferre
916 1989 1129 2051 votum,
1151 1987 1209 2036 et
1236 1980 1303 2035 ita
1329 1978 1653 2036 subtrahere
1680 1978 2061 2051 obligationem
2088 1974 2223 2049 legis
2243 1991 2341 2031 na-

710 2128 723 2141 ,
750 2073 941 2130 turalis
977 2070 1183 2143 absque
1218 2070 1640 2141 dispensatione.
1670 2070 1784 2123 lmo
1818 2066 1911 2123 hic
1940 2066 2085 2124 addo
2114 2065 2339 2138 (quam-

750 2166 831 2219 vis
857 2162 997 2218 sorte
1026 2160 1093 2216 ad
1123 2160 1346 2217 modum
1376 2157 1630 2231 loquendi
1666 2155 1996 2229 pertineat),
2036 2146 2185 2228 quod
2214 2154 2342 2212 licet

752 2252 994 2310 Pontifex
1023 2247 1317 2307 auferendo
1358 2254 1579 2315 votum,
1608 2245 1825 2303 dicatur
1868 2246 2085 2318 proprie
2125 2243 2341 2315 dispen-

749 2350 868 2400 sare
897 2344 951 2399 in
979 2342 1097 2415 illo,
1112 2342 1159 2397 si
1190 2347 1369 2396 tamen
1398 2340 1542 2395 Deus
1570 2353 1667 2410 per
1698 2352 1755 2392 se
1785 2335 1917 2393 illud
1946 2336 2208 2404 remittat,
2231 2349 2340 2389 non

748 2440 857 2490 tam
890 2447 1048 2504 posse
1076 2430 1183 2485 dici
1212 2429 1524 2501 dispensare
1546 2427 1599 2482 in
1621 2426 1738 2497 illo,
1763 2441 1929 2499 quam
1950 2424 2161 2481 irritare
2183 2422 2336 2481 illud.

748 2524 817 2579 Et
847 2522 985 2578 ratio
1013 2528 1118 2591 est,
1147 2520 1275 2593 quia
1300 2521 1443 2575 Deus
1482 2515 1707 2573 remittit
1742 2515 1987 2572 debitum
2028 2530 2193 2571 suum
2222 2518 2343 2570 tan-

751 2628 915 2685 quam
937 2610 1191 2683 proprius
1212 2611 1470 2667 Dominus
1500 2607 1671 2678 illius,
1700 2614 1759 2663 et
1786 2606 1908 2663 ideo
1936 2604 2123 2677 donat,
2156 2603 2240 2660 vel
2269 2604 2341 2661 ir-

751 2705 901 2770 ritat,
935 2716 1042 2757 non
1082 2698 1393 2771 dispensat,
1426 2700 1573 2754 sicut
1602 2697 1823 2770 quando
1864 2713 2010 2753 unus
2048 2695 2218 2751 bomo
2254 2710 2342 2753 rc·

756 2792 917 2849 mittit
938 2791 1090 2847 alteri
1114 2790 1523 2861 promissionem
1544 2789 1643 2844 sibi
1666 2788 1887 2855 factam,
1912 2802 2020 2841 non
2042 2784 2338 2857 dispensat,

758 2881 854 2939 sed
892 2880 1068 2938 irritat
1100 2879 1265 2936 illam.
1309 2880 1484 2935 Secus
1528 2894 1661 2934 vero
1696 2884 1781 2933 est
1816 2878 1882 2933 de
1919 2875 2207 2946 pontifice,
2245 2890 2339 2947 qur

758 2979 1018 3047 operatur
1044 2974 1307 3043 potestate
1331 2967 1626 3025 commissa
1647 2968 1749 3023 sibi
1774 2973 1830 3023 et
1854 2972 2112 3039 tanquam
2127 2966 2342 3022 Domini

755 3063 1116 3135 dispensator.
1148 3060 1317 3117 Cuius
1346 3060 1563 3131 signum
1590 3059 1755 3114 etiam
1784 3063 1892 3127 est,
1922 3056 2049 3129 quia
2070 3057 2216 3111 Deus
2245 3070 2340 3125 po·-

756 3160 863 3209 test
889 3152 1075 3208 tollere
1112 3155 1302 3206 votum
1346 3150 1462 3204 sine
1492 3146 1605 3204 ulla
1630 3162 1800 3203 causa
1838 3160 1937 3219 pro
1965 3144 2083 3201 sola
2110 3158 2213 3201 sua
2243 3160 2339 3200 vo·

757 3241 987 3313 luntate,
1005 3238 1155 3313 quod
1174 3246 1262 3296 est
1281 3237 1565 3311 proprium
1590 3237 1929 3309 irritationiS,
1945 3236 2191 3293 Pontifex
2211 3250 2340 3292 vero

752 3349 857 3388 non
890 3338 1071 3404 potest
1096 3332 1213 3386 sine
1240 3344 1409 3385 causa
1436 3327 1771 3399 dispensare.

830 3423 1097 3491 Quartum
1118 3419 1427 3492 exemplum
1447 3423 1566 3474 erat
1586 3417 1653 3474 de
1675 3420 1967 3489 praecepto
1984 3430 2087 3471 non
2105 3413 2340 3472 ducendi

754 3514 934 3586 plures
974 3526 1207 3581 uxores,
1252 3516 1310 3565 et
1348 3507 1417 3563 ad
1442 3506 1694 3565 eumdem
1734 3508 1964 3579 gradum
2003 3512 2059 3562 et
2093 3506 2340 3563 ordinem

754 3606 1028 3675 pertinent
1052 3606 1269 3656 caetera
1309 3597 1377 3654 ad
1406 3597 1650 3654 eamdem
1691 3596 2016 3652 matrimonii
2056 3595 2339 3652 materiam

750 3690 1081 3764 spectantia,
1097 3690 1149 3744 in
1174 3687 1373 3761 quibus
1396 3683 1711 3753 considero,
1735 3686 1915 3742 omnia
1936 3685 2027 3741 illa
2047 3691 2339 3759 praecepta

752 3798 871 3839 esse
899 3796 963 3836 ex
992 3779 1099 3844 his,
1129 3792 1271 3850 quae
1302 3775 1532 3833 tundant
1558 3775 1943 3849 obligationem
1970 3791 2130 3832 suam
2158 3775 2210 3832 in
2236 3776 2338 3832 hu·

751 3888 913 3929 mano
941 3886 1217 3927 consensu
1245 3874 1303 3925 et
1328 3872 1656 3938 contractu,
1690 3872 1751 3923 ut
1778 3882 1842 3924 ex
1874 3867 2097 3923 materia
2124 3865 2193 3922 ‹le
2223 3882 2336 3922 ma-

751 3961 998 4018 trimonio
1036 3974 1317 4030 suppono,
1348 3962 1400 4012 et
1437 3955 1752 4013 inductione
1792 3963 2015 4013 constat
2048 3957 2105 4011 in
2136 3955 2334 4029 allega-

750 4053 819 4109 tis
846 4048 1169 4122 praeceptis,
1200 4048 1385 4104 omnia
1409 4048 1555 4102 enim
1583 4044 1881 4102 fundantur
1909 4047 1957 4102 in
1984 4051 2184 4102 natura
2212 4045 2334 4103 talis

747 4147 1106 4208 contractus,
1142 4143 1203 4194 ut
1228 4137 1583 4193 conveniente
1618 4142 1849 4193 naturae
1890 4128 2162 4192 rationaii.
2197 4135 2332 4191 Hinc

747 4246 881 4305 ergo
916 4237 1029 4300 est,
1062 4234 1123 4284 ut
1157 4229 1335 4284 omnia
1374 4226 1464 4282 illa
1504 4225 1915 4282 mutabilitatem
1954 4226 2230 4296 patiantur
2262 4240 2332 4281 ex

749 4328 901 4394 parte
945 4319 1233 4387 materiae,
1265 4316 1395 4390 quia
1423 4332 1551 4373 cum
1592 4323 1917 4372 contractus
1954 4315 2043 4371 ille
2067 4316 2335 4371 consistat

730 4404 799 4468 'in
830 4416 1023 4467 mutua
1050 4422 1345 4479 corporum
1372 4405 1683 4479 traditione,
1713 4408 1880 4475 Deus,
1910 4406 2005 4477 qui
2026 4412 2115 4462 est
2138 4420 2332 4477 supre-

746 4516 870 4556 mus
892 4499 1153 4556 Dominus
1174 4497 1391 4553 illorum
1412 4510 1736 4567 corporum,
1768 4502 1951 4567 potest
1970 4503 2210 4567 mutare,
2235 4502 2332 4553 aut

746 4590 1013 4648 moderari
1051 4588 1469 4647 translationem
1510 4586 1730 4643 dominii
1768 4588 1822 4640 iu
1860 4602 2065 4657 corpus
2102 4584 2330 4644 alterius

743 4698 844 4755 per
872 4681 1035 4737 talem
1062 4684 1413 4735 contractum
1443 4678 1673 4743 sactum,
1702 4685 1761 4734 et
1786 4676 1890 4733 hac
1920 4678 2224 4733 mutatione
2253 4677 2329 4733 ia·

742 4778 831 4829 cta
860 4770 1093 4827 cessabit
1119 4769 1223 4839 lex,
1255 4782 1398 4840 quae
1426 4768 1479 4823 in
1510 4767 1599 4823 illo
1629 4766 1918 4838 fundatur,
1950 4782 2058 4823 non
2086 4782 2184 4839 per
2221 4766 2328 4823 dis-

741 4852 1131 4933 pensationem'
1144 4858 1299 4930 legis,
1332 4857 1424 4931 sed
1457 4872 1555 4928 per
1590 4858 1947 4914 irritationem
1978 4862 2323 4930 contractus,

2214 324 2418 375 mmm
2444 326 2523 375 11.

2414 466 2571 507 suam
2595 466 2701 508 non
2725 458 2904 525 potest
2927 450 3226 524 honestari3
3253 455 3432 510 tamen
3453 448 3579 522 quia
3599 447 3710 521 illa,
3729 462 3873 523 quae
3891 463 4003 505 non

2411 548 2529 596 erat
2550 557 2672 608 sua,
2694 560 2745 598 v.
2761 560 2816 615 g.
2835 545 3026 615 Oscae,
3052 558 3154 599 nec
3181 557 3304 599 esse
3327 546 3542 613 poterat
3563 540 3675 599 sine
3697 539 3846 597 illius
3866 554 4007 595 con-

2412 646 2600 703 sensu,
2631 632 2743 688 lieri
2773 632 2950 703 potuit
2976 647 3078 689 sua
3107 646 3204 703 per
3224 632 3318 688 Dei
3347 631 3642 702 potentiam
3673 629 3756 687 vel
3785 628 3994 701 simpli-

2412 721 2576 793 citer,
2609 720 2692 777 vel
2713 720 2898 795 quoad
2925 721 3084 778 talem
3118 730 3301 793 usum}
3327 719 3450 778 ideo
3477 735 3740 777 accessus
3763 718 3831 777 ad
3855 718 4001 776 illam

2411 812 2596 883 potuit
2609 814 2724 867 fieri
2748 812 3038 881 honestus,
3056 827 3160 867 non
3187 826 3282 883 per
3293 809 3750 882 dispensationem
3771 808 3824 863 in
3841 822 4001 879 prae-

2411 908 2574 974 cepto
2605 918 2708 959 non
2740 901 3066 971 fornicandi,
3091 900 3185 957 sed
3213 900 3483 969 iaciendo,
3509 905 3572 955 ut
3598 914 3704 955 non
3728 898 3798 955 sit
3823 898 3998 955 forni-

2411 994 2577 1060 catio,
2603 1008 2744 1065 quae
2772 999 2931 1051 antea
2959 992 3173 1060 fuisset.
3207 994 3284 1049 lta
3310 1006 3446 1064 ergo
3465 1006 3496 1046 e
3517 1004 3786 1047 converso
3811 1004 3994 1043 reces-

2411 1098 2508 1138 sus
2549 1098 2578 1137 a
2621 1083 2838 1155 propria
2867 1098 3038 1139 uxore
3075 1080 3258 1155 quoad
3293 1078 3572 1137 vinculum
3611 1084 3807 1136 contra
3835 1084 3994 1133 natu-

2411 1172 2524 1229 rale
2563 1180 2918 1245 praeceptum
2955 1178 3074 1239 est,
3106 1172 3234 1245 quia
3271 1171 3324 1225 in
3353 1170 3570 1230 homine
3598 1184 3706 1225 non
3733 1175 3820 1223 est
3847 1174 3999 1245 pote-

2410 1271 2522 1321 stas
2552 1264 2792 1336 privandi
2829 1262 3064 1321 alterum
3099 1261 3339 1319 dominio
3373 1260 3640 1332 acquisito
3663 1300 3678 1329 ,
3706 1258 3872 1315 etiam
3903 1255 3996 1313 illo

2410 1354 2654 1423 volente3
2681 1357 2826 1411 Deus
2848 1360 3032 1411 autem
3057 1352 3224 1409 habet
3249 1351 3388 1407 banc
3411 1346 3761 1424 potestatem,
3785 1355 3844 1405 et
3871 1347 3994 1404 ideo

2409 1450 2593 1515 potest
2619 1450 2832 1501 mutare
2862 1442 3144 1500 materiam
3169 1441 3316 1498 illius
3338 1440 3494 1513 legis,
3517 1446 3572 1497 et
3592 1443 3997 1511 consequenter

2409 1533 2612 1605 facere,
2643 1539 2707 1590 ut
2733 1538 2916 1590 cesset
2958 1531 3216 1604 obligatio
3253 1532 3374 1595 eius
3411 1531 3527 1589 sine
3562 1528 3988 1602 dispensatione.

2409 1610 2729 1681 Declaratur
2755 1622 3004 1691 tandem,
3035 1621 3198 1694 quia¹,
3221 1627 3294 1679 -ut
3328 1622 3384 1677 in
3421 1619 3600 1691 capite
3642 1616 3996 1691 praecedenti

2408 1711 2676 1785 dicebam,
2710 1713 2764 1768 in
2795 1713 3104 1783 praeceptis
3143 1709 3210 1767 ad
3237 1711 3646 1767 matrimonium
3673 1707 3994 1779 pertinenti·

2407 1802 2513 1860 bus
2542 1800 2812 1877 quaedam
2842 1801 3146 1873 respiciunt
3172 1801 3334 1857 tinem
3359 1800 3504 1869 eius,
3533 1805 3592 1855 et
3619 1796 3996 1854 conservatio·

2409 1909 2530 1949 nem
2562 1901 2820 1963 naturae,
2845 1892 2974 1965 quia
3003 1907 3135 1963 ergo
3165 1891 3298 1949 hacc
3329 1890 3673 1949 conservatio
3701 1887 3769 1944 ad
3798 1894 3992 1945 aucto-

2408 1999 2520 2041 rem
2548 1989 2776 2041 naturae
2807 1988 3044 2055 spectat,
3074 1980 3199 2039 ideo
3230 1980 3356 2038 talia
3383 1986 3678 2055 praecepta
3699 1977 3994 2036 includunt

2405 2076 2460 2130 in
2489 2074 2706 2130 obiecto
2728 2088 2830 2128 suo
2851 2071 3018 2129 veluti
3041 2069 3409 2129 habitudinem
3431 2071 3780 2127 intrinsecam
3804 2068 3870 2125 ad
3893 2084 3994 2125 au·

2407 2171 2619 2220 ctorem
2647 2168 2896 2231 naturae,
2922 2177 3019 2217 seu
3042 2159 3452 2233 dependentiam
3476 2160 3544 2215 ab
3566 2159 3682 2229 illo,
3710 2159 3784 2215 ita
3807 2164 4000 2215 utnon

2407 2254 2514 2309 sint
2542 2253 2759 2309 omnino
2784 2251 3056 2321 absoluta,
3071 2249 3167 2307 sed
3187 2251 3344 2323 quasi
3365 2248 3756 2308 conditionata.
3776 2250 3851 2307 Ut
3871 2263 3993 2319 v.g.

2407 2342 2554 2417 quod
2575 2341 2865 2399 dissolutio
2889 2341 3212 2397 matrimonii
3241 2356 3350 2397 non
3371 2340 3534 2397 liceat
3555 2340 3778 2412 propria
3797 2344 3994 2395 aucto-

2407 2434 2590 2500 ritate,
2621 2431 2748 2504 quia
2775 2444 2882 2487 non
2911 2437 3144 2503 possunt
3173 2431 3367 2501 privati
3396 2428 3576 2486 facere
3605 2444 3706 2485 sua
3746 2428 3992 2486 auctori-

2407 2528 2518 2579 tate
2539 2519 2764 2595 aliquid,
2779 2519 2928 2593 quod
2945 2519 3092 2576 cedit
3107 2521 3158 2574 in
3177 2518 3572 2591 praeiudicium
3593 2516 3998 2577 naturae.Unde

2408 2613 2464 2667 in
2498 2610 2588 2667 tali
2625 2616 2918 2686 praecepto
2948 2608 3266 2681 intelligitur
3293 2616 3522 2681 excepta
3547 2610 3849 2666 auctoritas
3878 2607 3998 2677 Dei,

2410 2708 2473 2759 ut
2500 2701 2746 2758 auctoris
2773 2707 3028 2771 naturae,
3063 2698 3296 2773 ideoque
3317 2698 3538 2773 quando
3561 2698 3647 2755 ille
3666 2696 3811 2756 aliud
3833 2711 3992 2769 prae-

2407 2792 2561 2863 cipit,
2593 2807 2700 2847 non
2736 2797 2824 2846 est
2847 2788 3212 2861 dispensatio,
3244 2788 3339 2847 sed
3377 2788 3684 2847 observatio
3720 2786 3998 2859 praecepti

2405 2881 2564 2938 iuxta
2584 2879 2976 2949 conditionem,
2989 2894 3156 2951 quam
3178 2878 3426 2947 includit,
3442 2879 3589 2935 sicut
3609 2876 3744 2934 inira
3760 2876 3826 2933 de
3841 2890 4000 2947 prae-

2407 2972 2582 3042 ceptis
2611 2968 2861 3026 humanis
2887 2966 3172 3038 dicemus3
3203 2967 3422 3042 quando
3459 2969 3508 3023 in
3547 2968 3664 3040 ipso
3703 2973 4018 3038 praecepto.

2407 3062 2492 3117 vel
2522 3060 2715 3134 regula
2740 3058 3176 3132 praecipitur,ne
3207 3058 3312 3115 boc
3342 3058 3430 3115 fiat
3457 3060 3572 3114 sine
3601 3057 3840 3129 licentia,
3859 3062 3996 3113 tunc

2407 3152 2538 3210 dare
2557 3149 2832 3207 licentiam
2855 3165 2960 3205 non
2983 3164 3104 3204 esse
3125 3144 3464 3220 dispensare,
3479 3147 3572 3205 sed
3593 3147 3790 3220 exequi
3813 3146 3995 3221 legem

2407 3241 2594 3299 ordine
2615 3247 2670 3297 et
2691 3240 2852 3297 modo
2873 3239 3080 3310 abipsa
3100 3240 3460 3311 praescripto.
3474 3237 3635 3296 Nullo
3655 3253 3788 3311 ergo
3809 3252 3994 3293 esem-

2407 3332 2499 3405 plo
2527 3331 2742 3403 probari
2765 3334 2964 3401 potest,
2988 3328 3186 3384 habere
3211 3327 3400 3385 locum
3421 3328 3696 3400 propriam
3715 3326 3996 3398 dispensa-

2407 3421 2609 3479 tionem
2637 3420 2728 3476 Dei
2754 3420 2808 3474 in
2838 3417 3142 3490 praeceptis
3171 3416 3536 3493 naturalibus.

2482 3509 2708 3566 Ratione
2740 3506 2956 3564 tandem
2995 3505 3101 3563 hoc
3139 3505 3485 3579 declaratur,
3525 3506 3656 3578 quia
3691 3506 3736 3561 si
3764 3520 3990 3578 praecc-

2407 3607 2564 3673 ptum
2589 3605 2674 3656 est
2701 3596 2980 3669 naturale,
3014 3603 3075 3654 ut
3101 3596 3208 3654 tale
3234 3602 3349 3669 est,
3381 3596 3630 3671 sequitur
3665 3610 3764 3668 per
3790 3610 3990 3652 conse-

2404 3691 2681 3764 quentiam
2699 3687 3064 3745 necessariam
3081 3702 3148 3743 ex
3163 3686 3444 3758 principiis
3461 3684 3802 3743 naturalibus
3819 3704 3836 3754 ς
3857 3700 3994 3759 ergo

2405 3796 2510 3835 non
2549 3785 2730 3851 potest
2765 3776 2935 3849 magis
2967 3775 3264 3848 dispensari
3303 3775 3356 3830 in
3393 3775 3517 3848 illo,
3556 3790 3724 3848 quam
3762 3774 3816 3829 in
3858 3774 3988 3845 ipsis

2402 3866 2695 3944 principiis.
2729 3866 3128 3941 Consequentia
3158 3872 3335 3937 patet,
3375 3866 3504 3937 quia
3542 3864 3718 3921 omnis
3759 3864 3988 3935 falsitas,

2404 3960 2490 4017 vel
2530 3959 2784 4016 desectus
2819 3960 2874 4014 in
2913 3955 3270 4015 conclusione
3298 3953 3569 4011 redundat
3603 3953 3991 4024 insulsitatem,

2402 4049 2486 4106 vel
2516 4048 2812 4119 desectum,
2843 4052 2941 4103 aut
2965 4046 3324 4102 mutationem
3355 4044 3623 4116 principii.
3647 4041 3991 4101 Antecedens
4049 4034 4054 4039 ’

2402 4156 2530 4197 vero
2568 4145 2746 4210 patet,
2784 4138 2914 4210 quia
2950 4137 2994 4191 si
3033 4152 3140 4191 non
3183 4136 3436 4208 sequitur
3473 4134 3819 4203 necessario,
3851 4148 3990 4206 ergo

2399 4246 2507 4285 non
2537 4228 2736 4302 obligat
2762 4244 2828 4284 ex
2860 4228 2912 4283 vi
2941 4225 3109 4283 solius
3145 4224 3367 4282 rationis
3407 4229 3464 4281 et
3489 4222 3819 4293 discursus,
3849 4237 3988 4295 ergo

2401 4337 2507 4377 non
2535 4326 2622 4377 est
2648 4333 2796 4376 mere
2830 4316 3098 4374 naturalis
3136 4314 3412 4388 obligatio.
3446 4312 3763 4371 Declaratur
3791 4318 3902 4368 tam
3933 4312 3986 4367 in

2399 4409 2750 4479 affirmativo,
2764 4423 2928 4481 quam
2947 4406 2998 4461 in
3015 4406 3264 4478 negativo
3279 4409 3594 4476 praecepto.
3607 4401 3744 4470 Quia
3765 4402 3810 4459 si
3831 4416 3988 4474 prae-

2395 4506 2617 4572 ceptum
2639 4497 3026 4555 affirmativum
3047 4510 3153 4551 non
3171 4494 3418 4567 sequitur
3433 4494 3750 4549 necessario
3760 4507 3826 4548 ex
3837 4493 3985 4563 priu-

2397 4588 2553 4659 cipiis
2581 4585 2950 4658 naturalibus3
2981 4600 3116 4658 ergo
3144 4590 3338 4655 actus,
3360 4599 3524 4656 quem
3557 4582 3843 4655 praecipit,
3874 4598 3985 4638 non

2395 4685 2481 4735 est
2507 4676 2829 4750 simpliciter
2848 4675 3190 4731 necessarius
3219 4672 3287 4729 ad
3311 4672 3651 4730 honestatem
3679 4686 3894 4729 morum
3914 4688 3984 4728 ex

2399 4774 2448 4827 vi
2479 4770 2652 4827 solius
2682 4768 2939 4840 rationis,
2970 4779 3103 4838 ergo
3131 4780 3233 4821 nec
3259 4770 3343 4821 est
3369 4769 3718 4836 praeceptus,
3745 4778 3847 4819 nec
3875 4761 3982 4819 sub

2395 4858 2720 4933 obligatione
2755 4854 3030 4927 naturali,
3071 4856 3174 4910 nisi
3210 4852 3442 4911 accedat
3476 4853 3656 4926 aliqua
3693 4852 3971 4923 voluntas,

740 4950 821 5007 vel
851 4952 899 5007 in
932 4956 1135 5021 totum,
1164 4948 1247 5004 vel
1280 4962 1349 5003 ex
1378 4953 1549 5018 parte.
1580 4946 1963 5019 Confirmatur,
1996 4952 2056 5003 et
2080 4946 2326 5003 declara·
2391 4964 2532 5022 quae
2569 4946 2798 5003 inducat
2836 4944 3236 5000 necessitatem.
3279 4942 3433 5000 Unde
3477 4956 3509 4998 e
3557 4942 3834 4999 contrario
3874 4955 3980 4999 nec

740 5047 831 5097 tur
860 5055 892 5097 a
928 5038 1119 5111 simili,
1148 5039 1279 5109 quia
1317 5036 1455 5092 haec
1494 5042 1783 5108 praecepta
1822 5037 2163 5109 aequiparari
2201 5052 2324 5109 pos·
2392 5038 2608 5096 omissio
2648 5035 2768 5091 talis
2806 5040 2969 5091 actus
2993 5033 3098 5089 erit
3123 5046 3220 5105 per
3255 5046 3314 5087 se
3351 5036 3408 5088 et
3433 5032 3730 5088 intrinsece
3755 5031 3897 5088 mala
3922 5031 3976 5089 in

739 5138 870 5188 sunt
896 5144 1024 5185 cum
1054 5126 1289 5185 naturali
1316 5133 1610 5198 praecepto
1638 5142 1745 5182 non
1773 5124 2093 5199 fornicandi,
2126 5126 2178 5181 in
2208 5142 2322 5199 quo
2390 5128 2574 5201 aliqua
2592 5123 3027 5197 opportunitate,
3051 5121 3138 5178 vel
3159 5136 3292 5178 cum
3311 5120 3591 5195 aliquibus
3615 5120 3984 5177 circumstan-

736 5222 851 5278 tieri
878 5236 985 5277 non
1024 5223 1208 5290 potest
1244 5216 1605 5289 dispensatio,
1636 5215 1764 5287 quia
1800 5229 2064 5273 accessus
2104 5214 2174 5273 ad
2212 5232 2319 5273 nou
2387 5218 2494 5277 tiis.
2527 5218 2662 5275 Nam
2691 5215 2738 5272 si
2767 5230 2867 5287 pro
2895 5212 3078 5287 aliquo
3107 5218 3352 5284 tempore
3385 5210 3468 5269 vel
3499 5212 3790 5269 occasione
3819 5210 4004 5277 habet,
