4325 6267
1803 349 2013 400 CAPUT
2041 349 2187 399 xvl.

323 474 381 532 in
409 473 640 533 honoris
667 473 902 550 gradum
928 476 1171 547 restitui,
1201 481 1258 534 et
1284 475 1567 534 similibus.
1597 475 1674 532 De
1701 474 1929 548 permis-

321 567 478 623 sione
509 572 692 624 autsm
721 566 952 639 positiva
990 567 1203 639 peccati
1231 581 1338 623 non
1369 565 1589 635 videtur
1615 564 1793 623 solere
1819 565 1932 620 fieri

319 670 420 727 per
448 655 536 712 ius
577 658 931 714 canonicum.
962 657 1094 713 Dico
1122 663 1306 714 autem
1335 655 1585 728 positiva,
1617 656 1746 728 quia
1769 670 1934 728 nega-

329 745 439 801 tive
482 745 688 802 infinita
727 752 857 802 sunt
893 753 1162 818 peccata,
1203 760 1344 818 quae
1385 745 1777 818 permittuntur
1816 744 1934 800 iure

325 835 619 904 canonico,
653 834 708 891 id
735 841 844 905 est,
870 850 1010 907 quae
1034 850 1142 891 non
1167 833 1552 908 prohibentur,
1578 841 1677 890 aut
1698 831 1936 906 puniun-

329 931 425 981 tur
464 924 688 996 speciali
730 925 847 982 iure
887 925 1184 998 canonico,
1226 925 1324 982 sed
1362 925 1758 998 relinquuntur
1800 939 1934 981 suae

325 1020 592 1086 naturae3
641 1013 735 1070 sed
769 1014 872 1070 iam
899 1012 1159 1086 diximus,
1192 1013 1338 1071 hunc
1368 1013 1594 1072 modum
1621 1015 1934 1086 permissio·

326 1105 414 1159 nis
450 1119 563 1159 non
590 1117 712 1158 esse
737 1104 1023 1176 proprium
1052 1103 1308 1161 effectum
1340 1102 1493 1177 legis.
1527 1104 1648 1160 Non
1673 1103 1932 1164 videntur

327 1198 516 1249 autem
547 1194 671 1248 iura
699 1192 967 1250 canonica
996 1193 1224 1264 positive
1249 1191 1540 1265 dispones-e
1561 1192 1627 1250 de
1651 1195 1835 1264 aliquo
1859 1193 1935 1248 vi-

330 1285 406 1339 tio
451 1284 505 1338 in
547 1282 904 1356 particulari,
947 1291 1011 1340 ut
1049 1299 1158 1339 non
1199 1286 1459 1356 puniatur
1507 1297 1606 1354 per
1653 1281 1935 1338 Ecclesiae

335 1373 649 1445 praelatos,
691 1380 791 1431 aut
826 1373 976 1446 quod
1004 1374 1224 1446 impune
1254 1375 1635 1444 permittatur,
1667 1374 1800 1446 quia
1825 1371 1932 1430 hoc

329 1479 441 1518 non
483 1462 702 1519 videtur
743 1469 1176 1519 consentaneum
1217 1462 1310 1517 fini
1348 1461 1490 1519 illius
1525 1462 1694 1532 iuris,
1727 1462 1824 1534 qui
1851 1468 1937 1518 est

333 1552 550 1624 integra
579 1551 730 1607 salus
759 1554 1090 1622 animarum,
1119 1558 1175 1608 et
1203 1550 1320 1608 ideo
1350 1550 1606 1606 videntur
1627 1549 1937 1623 relinquere

331 1641 656 1713 prudentiae
699 1641 1070 1714 praelatorum
1098 1640 1180 1697 vel
1219 1643 1651 1712 correctionem,
1686 1640 1767 1694 vel
1806 1640 1936 1696 tole·

329 1732 570 1788 rantiam
591 1745 788 1787 eorum
810 1737 1195 1802 peccatorum,
1213 1730 1282 1786 de
1304 1729 1506 1803 quibus
1529 1731 1652 1786 iura
1673 1728 1937 1786 canonica

331 1820 465 1877 nihil
487 1821 810 1892 disponunt,
837 1821 985 1878 etita
1006 1820 1225 1892 propria
1247 1819 1530 1893 permissio
1553 1819 1786 1890 positiva
1809 1832 1938 1890 pec-

333 1911 447 1968 cati
473 1926 584 1967 non
613 1910 834 1968 videtur
863 1926 984 1966 esse
1012 1910 1241 1966 effectus
1269 1909 1402 1981 legis
1432 1910 1752 1965 canonicae.

415 2005 471 2058 6.
503 2000 656 2057 Unde
685 2017 718 2057 a
745 2001 952 2057 fortiori
981 2005 1220 2070 constat,
1254 2016 1360 2056 non
1384 1999 1608 2056 inveniri
1631 1999 1794 2055 talem
1817 2013 1938 2070 per-

331 2091 654 2148 missionem
681 2093 736 2146 in
765 2090 883 2162 lege
910 2088 1090 2146 divina
1117 2091 1348 2161 gratiae,
1380 2089 1433 2145 in
1459 2105 1569 2162 qua
1597 2103 1776 2160 pauca
1807 2095 1937 2144 sunt

337 2182 574 2254 positiva
600 2185 894 2253 praecepta
916 2178 1236 2250 pertinentia
1259 2177 1326 2234 ad
1349 2180 1492 2235 ritus
1513 2177 1832 2235 essentiales
1854 2192 1942 2233 sa-

338 2269 534 2326 crificii
553 2310 568 2341 ,
606 2276 665 2326 et
693 2276 1162 2325 sacramentorum
1191 2283 1362 2324 novae
1394 2265 1550 2340 legis,
1581 2274 1638 2323 et
1663 2266 1734 2323 ad
1763 2269 1940 2341 unita-

336 2366 452 2415 tem
494 2357 618 2414 fidei
659 2359 832 2428 magis
873 2357 1195 2429 explicitae,
1234 2361 1292 2412 et
1317 2355 1592 2412 Ecclesiae
1621 2357 1940 2412 universalis

337 2450 446 2505 sub
481 2465 594 2506 uno
627 2450 828 2520 capite.
862 2449 938 2503 De
965 2446 1078 2504 aliis
1107 2453 1292 2503 autem
1321 2447 1488 2502 rebus
1517 2444 1940 2519 particularibus

339 2555 452 2594 non
493 2539 743 2594 continet
783 2535 1077 2608 specialem
1116 2535 1529 2607 dispositionem
1570 2534 1752 2609 quoad
1781 2542 1939 2592 actus

341 2631 648 2700 virtutum,
685 2625 890 2684 nedum
933 2625 1116 2700 quoad
1145 2625 1526 2698 permissiones
1556 2634 1935 2697 peccatorum.

335 2719 530 2791 Neque
565 2717 674 2775 dici
711 2722 894 2789 potest
930 2716 1018 2772 illa
1057 2716 1404 2786 permittere,
1449 2713 1630 2771 solum
1672 2717 1802 2788 quia
1830 2731 1939 2771 non

347 2808 633 2880 prohibet,
671 2807 800 2880 quia
835 2823 942 2862 non
980 2811 1206 2878 propter
1235 2804 1398 2861 talem
1425 2804 1585 2860 tinem
1615 2803 1702 2860 illa
1733 2804 1940 2875 specia-

340 2897 461 2954 liter
489 2912 602 2953 non
643 2894 925 2968 prohihet,
959 2895 1055 2951 sed
1087 2895 1214 2967 qu'ia
1245 2893 1499 2965 supponit
1529 2892 1798 2964 prohibita
1825 2893 1939 2962 ipso

346 2985 526 3043 divino
555 2987 676 3042 iure
705 2986 958 3042 naturali.
990 2983 1288 3056 Loquendo
1318 2989 1502 3040 autem
1531 2982 1598 3038 de
1628 2984 1941 3054 permissio-

339 3092 406 3132 ne
449 3076 774 3132 concessiva
815 3074 1083 3147 privilegii
1125 3073 1288 3146 aliqui
1326 3073 1556 3128 effectus
1583 3072 1788 3128 similes
1817 3087 1940 3143 pos-

342 3172 476 3223 sunt
502 3165 632 3222 huic
662 3165 766 3236 legi
795 3164 1043 3233 attribui,
1074 3163 1211 3219 inter
1238 3177 1380 3235 quos
1410 3162 1685 3217 numerari
1708 3166 1942 3232 possunt

343 3253 642 3329 singularia
677 3253 954 3325 privilegia
991 3251 1415 3308 christianorum
1459 3257 1715 3320 respectu
1758 3249 1939 3305 infide-

344 3346 476 3402 lium
497 3388 512 3418 ,
555 3351 616 3404 ut
640 3343 788 3418 quod
818 3342 992 3416 possit
1018 3342 1222 3398 coniux
1250 3340 1418 3396 tidelis
1447 3340 1515 3395 ab
1543 3339 1735 3394 infideli
1765 3339 1941 3395 disce-

341 3434 470 3491 dere
491 3476 506 3506 ,
535 3440 645 3490 etc.
680 3435 816 3490 item
847 3430 1122 3504 privilegia
1151 3430 1506 3500 clericorum,
1538 3435 1593 3484 et
1619 3428 1941 3499 praesertim

343 3525 544 3580 summi
585 3522 883 3580 pontificis.
929 3524 1006 3578 De
1048 3519 1247 3593 quibus
1291 3527 1471 3575 tamen
1513 3516 1772 3588 adverto,
1805 3518 1941 3573 haec

341 3629 452 3668 non
492 3612 603 3669 dici
641 3611 857 3683 proprie
885 3610 1272 3682 permissiones
1294 3650 1308 3677 ,
1340 3606 1434 3664 sed
1465 3607 1612 3662 iussa
1631 3646 1646 3677 ,
1677 3608 1804 3678 quia
1833 3623 1942 3663 non

339 3710 474 3759 sunt
513 3701 794 3774 privilegia
823 3715 1112 3772 personae,
1143 3697 1238 3754 sed
1267 3698 1413 3768 tidei,
1447 3697 1529 3753 vel
1556 3695 1856 3770 dignitatis,
1888 3703 1944 3753 et

341 3791 776 3860 communitatis,
808 3797 864 3847 et
890 3788 1012 3846 ideo
1041 3805 1148 3845 non
1173 3804 1269 3860 per
1291 3786 1516 3844 modum
1538 3787 1931 3859 permissionis,

339 3880 434 3937 sed
463 3896 561 3953 per
585 3879 812 3937 modum
834 3881 1111 3951 praecepti
1133 3876 1540 3948 conceduntur,
1568 3883 1650 3945 ut,
1677 3879 1786 3932 Deo
1806 3875 1940 3932 dan-

341 3975 392 4027 te
412 4011 427 4041 ,
457 3971 513 4026 in
555 3971 785 4026 materia
811 3967 879 4025 de
906 3967 1128 4038 ordine,
1161 3973 1214 4023 et
1244 3965 1543 4023 hierarchia
1573 3964 1942 4022 ecclesiastica

348 4059 514 4116 latius
555 4057 846 4114 tractaturi
887 4071 1102 4112 sumus.
1150 4057 1224 4112 De
1253 4055 1369 4127 lege
1397 4059 1578 4111 autem
1610 4054 1779 4110 veteri
1808 4068 1939 4108 con-

343 4151 613 4206 troversia
631 4153 740 4220 est,
764 4163 832 4202 an
855 4144 942 4202 illa
965 4146 1190 4217 positive
1211 4147 1550 4216 permitteret
1569 4141 1790 4216 aliquod
1814 4157 1941 4214 pec-

337 4247 565 4309 catum,
606 4245 664 4296 et
701 4239 1025 4311 praesertim
1068 4241 1346 4291 tractatur
1385 4233 1449 4290 de
1492 4231 1669 4291 libello
1705 4231 1935 4303 repudii.

342 4329 448 4386 Sed
476 4345 588 4384 non
616 4334 845 4400 possunt
876 4323 1012 4381 haec
1040 4325 1096 4380 in
1125 4323 1442 4396 particulari
1470 4321 1672 4378 discuti
1703 4322 1753 4377 in
1785 4337 1939 4394 prae·

339 4420 502 4476 senti.
539 4418 729 4475 Solum
757 4415 914 4487 dico,
946 4414 1000 4471 id
1027 4430 1135 4469 non
1167 4427 1470 4486 repugnare
1501 4411 1734 4468 iustitiae
1760 4417 1817 4468 et
1844 4410 1940 4467 ho-

335 4510 538 4567 nestati
570 4507 712 4564 illius
740 4504 911 4578 legis,
944 4519 1044 4561 nec
1072 4519 1194 4560 esse
1223 4502 1460 4558 multum
1490 4499 1724 4557 alienum
1751 4502 1818 4559 ab
1842 4503 1941 4559 im-

337 4598 678 4672 perfectione
717 4597 872 4664 eius,
916 4593 1042 4650 licet
1081 4593 1216 4648 satis
1255 4589 1530 4662 probabile
1561 4589 1658 4662 sit,
1692 4592 1856 4647 etiam
1882 4592 1937 4646 in

344 4689 432 4746 iiia
456 4689 579 4762 lege
607 4703 714 4742 non
744 4684 914 4741 fuisse
942 4681 1089 4740 hunc
1117 4680 1405 4749 effectum,
1436 4678 1564 4753 quia
1593 4682 1938 4742 necessarius

340 4794 448 4834 non
478 4783 623 4847 erat,
653 4782 709 4832 et
737 4775 916 4831 minus
943 4771 1198 4828 decuisse
1227 4769 1463 4827 videtur.

419 4870 446 4926 7
461 4908 475 4922 .
507 4863 748 4922 Tandem
769 4862 837 4919 de
861 4862 1096 4920 naturali
1118 4861 1234 4933 lege
1261 4859 1537 4935 (idemque
1558 4865 1644 4916 est
1663 4875 1794 4916 cum
1814 4874 1940 4932 pro·

259 4937 276 4950 ⁰
341 4958 596 5030 portione
625 4953 690 5012 de
720 4950 965 5025 aeterna)
995 4958 1214 5007 certum
1246 4957 1352 5024 est,
1383 4947 1554 5005 multa
1581 4949 1722 5006 bona
1743 4965 1942 5006 conce-

339 5047 468 5106 dere
501 5044 822 5118 permissive
849 5041 1060 5114 potius,
1091 5056 1258 5114 quam
1287 5038 1628 5112 praeceptive
1653 5039 1740 5114 (ut
1759 5040 1836 5096 sic
1860 5038 1944 5096 di-

338 5135 500 5206 cam)
544 5139 802 5205 respectu
843 5125 1468 5204 singulorum,'quibus
1499 5127 1622 5184 talis
1649 5131 1937 5186 concessio

337 5229 412 5286 fit.
455 5227 528 5285 Ut
569 5223 847 5282 concessit
885 5220 1202 5278 hominibus
1239 5219 1548 5277 divisionem
1598 5225 1660 5302 et·
1713 5217 1946 5276 dominia

3438 334 3515 398 61

2001 489 2223 548 rerum3
2262 489 2389 533 nam
2428 491 2590 549 posse
2628 473 2950 536 divisionem
2976 491 3167 536 rernm
3193 475 3393 550 iacere,
3422 483 3480 534 et
3504 475 3602 536 do·

2001 564 2169 622 minia
2203 565 2559 638 particularia
2596 568 2917 642 acquirere,
2959 567 3027 627 de
3067 569 3187 626 iure
3223 574 3453 629 naturae
3488 574 3597 638 est,

2001 669 2108 712 non
2137 655 2542 729 praecipiendo,
2580 658 2709 731 quia
2736 665 2988 729 poterant
3014 657 3258 716 homines
3281 657 3601 725 divisionem

2001 759 2111 801 non
2150 745 2335 802 facere
2358 785 2375 816 ,
2406 754 2465 803 et
2492 746 2852 818 particularia
2877 747 3117 805 dominia
3143 764 3253 804 non
3281 747 3597 819 admitter03

2004 849 2138 906 ergo
2172 837 2515 906 permissive.
2549 837 2621 894 Et
2648 836 2725 893 ita
2752 845 2987 909 possunt
3012 837 3185 912 multa
3205 839 3502 908 numerari,
3533 836 3602 893 de

2003 923 2204 996 quibus
2249 924 2498 981 dicemus
2540 925 2681 982 libro
2712 928 2984 999 sequenti,
3011 925 3330 999 explicando
3357 929 3445 984 ius
3473 942 3603 999 gen-

2007 1013 2165 1069 tium.
2200 1017 2271 1069 At
2299 1029 2429 1070 vero
2457 1012 2735 1098 loquendo
2763 1015 2831 1072 de
2859 1018 3213 1088 permissione
3234 1015 3359 1073 mali
3379 1017 3599 1090 culpae,

2003 1107 2223 1157 certum
2261 1108 2377 1173 est,
2415 1102 2568 1160 nullo
2607 1099 2771 1160 modo
2800 1105 3041 1177 permitti
3068 1121 3167 1176 per
3195 1105 3501 1162 naturalem
3527 1105 3601 1162 le-

2003 1205 2160 1262 gem3
2207 1205 2335 1247 nam
2376 1191 2461 1248 lex
2500 1193 2764 1249 naturalis
2806 1194 3050 1264 prohibet
3089 1210 3250 1251 omne
3286 1195 3520 1266 maium,
3548 1202 3604 1252 et

2006 1286 2271 1350 quantum
2301 1287 2385 1337 est
2410 1296 2475 1338 ex
2505 1297 2563 1337 se
2584 1281 2799 1339 nullum
2821 1284 3077 1356 relinquit
3098 1284 3449 1356 impunitum,
3474 1300 3601 1342 uam

2007 1370 2185 1424 omnis
2219 1375 2595 1442 transgressor
2623 1370 2756 1442 legis
2785 1387 2851 1427 ex
2880 1373 2929 1427 vi
2959 1372 3214 1430 naturalis
3241 1373 3376 1429 iuris
3404 1372 3603 1446 dignus

2003 1463 2090 1512 est
2127 1473 2323 1528 poena.
2364 1458 2515 1516 Unde
2543 1459 2763 1533 quando
2788 1461 2843 1517 d.
2874 1461 3107 1518 Thomas
3135 1461 3191 1518 d.
3222 1478 3279 1534 q.
3312 1465 3406 1532 92,
3438 1464 3595 1518 artic.

2006 1551 2062 1603 2.
2095 1547 2257 1618 dicit,
2300 1564 2464 1620 parva
2493 1551 2634 1606 mala
2664 1551 2903 1622 permitti
2932 1567 3029 1623 per
3056 1550 3258 1626 legem,
3290 1557 3471 1622 potest
3498 1552 3605 1622 pri·—

2009 1651 2099 1692 mo
2131 1636 2383 1710 intelligi,
2416 1638 2725 1696 secundum
2753 1638 2987 1713 aliquos,
3018 1640 3085 1697 de
3112 1642 3356 1713 peccatis
3385 1640 3604 1698 veniali·
3650 1671 3676 1702 ,-

2005 1725 2131 1797 bus,
2150 1741 2291 1798 quae
2315 1726 2423 1783 lato
2438 1729 2613 1785 modo
2637 1732 2882 1801 permitti
2901 1730 3185 1799 dicuntur,
3200 1731 3328 1804 quia
3346 1747 3454 1787 nou
3476 1738 3607 1789 sunt

2009 1821 2205 1872 contra
2234 1825 2529 1890 praecepta
2556 1819 2844 1891 naturalia,
2875 1820 2968 1876 sed
2998 1828 3213 1893 praeter
3239 1819 3348 1876 illa.
3372 1819 3477 1878 Sed
3501 1821 3605 1878 hoc

2005 1921 2113 1962 non
2137 1906 2337 1979 placet,
2363 1909 2492 1981 quia
2520 1924 2677 1966 omne
2706 1911 2911 1968 malum
2934 1913 3093 1968 etiam
3118 1911 3397 1967 minimum
3424 1910 3606 1982 prohi-

2007 1994 2168 2052 betur
2208 1996 2326 2068 lege
2368 1997 2639 2070 naturali,
2670 2005 2727 2054 et
2764 1998 2873 2056 dici
2912 2006 3096 2071 potest
3117 2005 3309 2056 contra
3339 1999 3511 2070 illam,
3543 1998 3605 2055 li·

2007 2091 2099 2142 cet
2126 2085 2459 2157 imperfecte.
2495 2088 2664 2145 Debet
2689 2104 2821 2161 ergo
2849 2088 2979 2145 iilud
3010 2089 3228 2162 intelligi
3256 2106 3365 2145 non
3393 2088 3462 2147 de
3488 2088 3607 2161 lege

2009 2175 2265 2246 naturali,
2298 2175 2391 2232 sed
2421 2176 2487 2233 de
2517 2177 2635 2250 lege
2666 2180 2718 2234 in
2745 2178 3006 2251 generali,
3042 2183 3100 2235 ut
3127 2178 3439 2236 abstrahite
3462 2179 3604 2251 posi-

2008 2268 2118 2322 tiva
2146 2272 2201 2322 et
2230 2267 2495 2336 naturali;
2524 2269 2599 2324 ita
2626 2269 2769 2325 enim
2798 2268 3046 2343 loquitur
3065 2269 3122 2326 d.
3143 2269 3375 2326 Thomas
3396 2268 3463 2325 de
3483 2270 3603 2342 lege

2009 2355 2060 2411 in
2100 2356 2189 2412 iilo
2215 2353 2497 2429 articulo,
2540 2358 2777 2431 ideoque
2814 2375 2923 2416 non
2953 2363 3153 2430 omnia,
3186 2375 3328 2432 quae
3353 2361 3425 2416 ibi
3453 2360 3603 2433 dicit,
3708 2345 3716 2352 ⁰

2010 2452 2139 2502 sunt
2178 2446 2647 2504 accommodanda
2682 2448 2937 2504 omnibus
2975 2449 3219 2522 legibus,
3264 2447 3359 2504 sed
3390 2449 3605 2522 singula

2011 2533 2242 2606 singulis
2272 2549 2403 2590 cnm
2428 2536 2715 2606 partitione
2739 2537 3154 2594 accommodata
3175 2539 3329 2594 iuxta
3350 2539 3606 2594 materiae

2009 2623 2392 2695 capacitatem.
2424 2624 2513 2681 Sic
2543 2640 2677 2699 ergo
2709 2625 2891 2699 aliqua
2920 2626 3029 2698 lex,
3062 2626 3270 2683 scilicet
3295 2626 3533 2684 humana
3551 2633 3609 2684 et

2009 2713 2207 2784 civilis,
2234 2714 2497 2785 permittit
2526 2713 2616 2771 illa
2642 2731 2809 2787 parva
2832 2717 2995 2786 mala,
3019 2716 3147 2774 iicet
3168 2733 3275 2772 non
3300 2718 3475 2773 omnis
3498 2719 3604 2790 lex,

2010 2804 2140 2875 quia
2169 2801 2251 2858 lex
2281 2803 2541 2859 naturalis
2573 2803 2661 2860 ilia
2691 2820 2800 2861 non
2830 2807 3112 2877 permittit.
3146 2807 3215 2862 Et
3234 2809 3289 2863 in
3313 2805 3417 2862 hoc
3442 2821 3608 2863 sensu

2009 2907 2177 2964 parva
2211 2891 2351 2948 mala
2389 2891 2495 2949 dici
2542 2900 2801 2964 poterunt
2839 2910 2946 2951 non
2980 2903 3191 2953 tantum
3222 2895 3451 2953 venialia
3480 2913 3609 2969 pec·

2010 2987 2158 3052 cata,
2190 2978 2282 3036 sed
2311 2983 2472 3039 etiam
2502 2981 2773 3054 quaedam
2796 2984 3068 3055 mortalia,
3094 2984 3305 3056 quaein
3328 2985 3515 3041 ordine
3538 2985 3608 3042 ad

2009 3069 2169 3126 finem
2212 3069 2343 3142 legis
2384 3070 2557 3128 civilis
2594 3087 2765 3142 parva
2791 3079 3152 3145 reputantur,
3184 3073 3313 3130 licet
3340 3073 3391 3129 in
3420 3073 3607 3131 ordine

2011 3157 2078 3214 ad
2106 3161 2281 3214 Deum
2312 3159 2420 3214 sint
2448 3175 2665 3232 magna.

2091 3253 2142 3305 8.
2176 3250 2252 3305 De
2282 3247 2710 3306 indifferentibus
2739 3257 2922 3307 autem
2953 3252 3213 3323 operibus
3245 3253 3485 3312 dubitari
3512 3270 3609 3327 po-

2012 3343 2149 3409 test,
2181 3352 2249 3392 an
2278 3336 2384 3393 diei
2413 3339 2628 3409 possint
2652 3341 2896 3410 permitti
2928 3340 3043 3413 iege
3073 3341 3274 3414 aliqua,
3308 3345 3435 3415 quia
3462 3343 3613 3399 nulia

2011 3442 2132 3484 esse
2161 3427 2405 3496 videtur,
2436 3443 2577 3499 quae
2608 3429 2834 3499 positive
2858 3427 2944 3485 ilia
2966 3433 3254 3504 permittit,
3280 3431 3376 3488 sed
3400 3438 3611 3489 tantum

2012 3517 2278 3588 negative,
2309 3515 2437 3588 quia
2465 3531 2571 3571 non
2603 3516 2873 3588 prohibet,
2908 3535 3006 3575 nec
3041 3521 3303 3592 praecipit
3318 3521 3437 3593 -illa,
3462 3521 3611 3593 quod

2013 3621 2119 3661 non
2150 3604 2363 3661 videtur
2390 3620 2513 3660 esse
2540 3607 2691 3684 satis,
2730 3612 2789 3662 ut
2815 3607 2945 3664 dixi.
2974 3608 3337 3666 Nihilominus
3358 3610 3461 3667 dici
3484 3628 3612 3684 pos-

2013 3701 2141 3751 sunt
2170 3697 2387 3766 proprie
2418 3696 2653 3767 permitti
2681 3712 2777 3769 per
2806 3696 2979 3769 legem
3007 3699 3333 3770 naturalem,
3366 3701 3495 3773 quia
3521 3701 3609 3758 lex

2009 3784 2277 3842 naturalis
2304 3799 2412 3840 non
2443 3799 2592 3841 mere
2622 3788 2871 3859 negative
2900 3787 3052 3843 circa
3079 3787 3169 3844 illa
3198 3803 3257 3844 se
3288 3789 3479 3862 hahet,
3512 3791 3610 3846 sed

2009 3876 2176 3930 etiam
2218 3873 2447 3945 positive
2490 3872 2719 3939 iudicat,
2750 3882 2807 3931 et
2834 3875 3071 3948 disponit
3103 3878 3227 3934 talia
3254 3893 3375 3934 esse
3404 3879 3609 3936 indiffe-

2011 3963 2218 4034 rentia,
2260 3978 2325 4018 ac
2354 3963 2581 4034 proinde
2611 3979 2678 4019 ex
2708 3978 2766 4020 se
2794 3981 2901 4021 non
2928 3980 3049 4022 esse
3078 3965 3423 4024 dissentanea
3450 3976 3609 4025 natu·

2012 4068 2104 4109 rae
2141 4051 2419 4119 rationali,
2460 4068 2559 4109 nec
2598 4067 2694 4124 per
2731 4049 2789 4109 ‘se
2820 4053 3065 4111 honesta.
3102 4055 3253 4113 Unde
3282 4057 3447 4114 etiam
3478 4059 3603 4116 talia

2011 4147 2162 4211 sunt,
2197 4148 2260 4197 ut
2285 4156 2386 4211 per
2406 4156 2817 4214 quamcumque
2841 4142 3001 4199 aliam
3025 4143 3198 4216 legem
3222 4145 3459 4216 permitti
3482 4163 3610 4219 pos-

2011 4231 2138 4286 sint.
2187 4233 2263 4286 De
2302 4231 2517 4286 actibus
2549 4245 2679 4287 vero
2710 4231 2865 4288 honis
2896 4232 3199 4290 obscurum
3226 4240 3330 4302 est,
3361 4235 3611 4307 quodibi

2010 4320 2066 4376 d.
2089 4309 2329 4376 'Thomas
2369 4320 2523 4390 prius
2552 4321 2660 4389 ait,
2692 4320 2862 4394 legem
2891 4323 3205 4394 praecipere
3235 4339 3423 4380 omues
3450 4332 3611 4384 actus

2013 4411 2307 4483 virtutum,
2353 4424 2478 4465 nam
2519 4409 2622 4464 hoc
2665 4425 2766 4466 nec
2794 4410 2861 4467 de
2891 4427 3000 4468 una
3027 4411 3208 4486 aliqua
3234 4411 3373 4485 lege,
3405 4430 3507 4472 nec
3538 4415 3606 4472 de

2013 4499 2264 4558 omnibus
2306 4498 2466 4556 simul
2496 4497 2711 4556 videtur
2741 4515 2967 4568 verum,
2998 4508 3055 4558 et
3083 4508 3233 4572 patet
3258 4501 3325 4560 de
3352 4505 3611 4576 operibus

2013 4589 2397 4647 consiliorum.
2445 4591 2577 4644 ltem
2613 4594 2762 4660 patet
2787 4589 2854 4646 de
2882 4592 3063 4662 parvis
3093 4590 3247 4647 bonis
3267 4631 3283 4663 ,
3314 4592 3383 4649 de
3410 4594 3610 4667 quibus

2011 4681 2198 4738 statim
2236 4678 2377 4735 idem
2413 4676 2468 4734 d.
2499 4678 2732 4735 Thomas
2758 4679 2923 4752 dicit,
2956 4679 3137 4736 solum
3167 4681 3423 4756 permitti,
3452 4690 3508 4741 et
3533 4691 3612 4741 ta-

2013 4785 2135 4826 men
2162 4767 2235 4824 illi
2268 4774 2400 4824 sunt
2428 4773 2589 4824 actus
2619 4767 2771 4839 boni3
2806 4784 2913 4824 non
2934 4783 3065 4840 ergo
3089 4785 3276 4826 omnes
3299 4779 3458 4829 actus
3482 4773 3610 4830 boni
3650 4807 3663 4824 .

2013 4857 2425 4929 praecipiuntur
2454 4856 2637 4930 aliqua
2672 4856 2813 4930 lege.
2844 4858 3083 4932 Denique
3112 4859 3417 4918 obscurum
3448 4862 3609 4935 etiam

2014 4956 2133 5021 est,
2179 4963 2284 5004 cur
2325 4949 2469 5004 bona
2508 4947 2717 5004 minora
2752 4947 3011 5005 dicantur
3037 4950 3278 5021 permitti
3306 4950 3424 5022 lege
3450 4958 3611 5010 natu-

2012 5055 2141 5112 rae,
2184 5043 2241 5095 et
2268 5053 2377 5093 non
2407 5036 2664 5112 meliora,
2694 5035 2761 5094 de
2788 5039 2989 5111 quibus
3014 5041 3177 5096 etiam
3205 5039 3377 5097 dictat
3402 5040 3486 5098 lex
3516 5057 3610 5098 na·

2016 5127 2245 5200 turalis,
2292 5143 2399 5184 non
2438 5143 2560 5184 esse
2598 5127 2664 5184 de
2700 5128 3023 5184 necessitate
3051 5128 3287 5186 virtutis.
3320 5130 3608 5188 Verumta-

2015 5235 2138 5278 men
2183 5217 2329 5290 prior
2370 5216 2666 5288 propositio
2704 5233 2733 5273 a
2763 5216 2818 5274 d.
2852 5217 3053 5274 Thoma
3082 5217 3373 5275 adducitur
3398 5233 3464 5275 ex
3492 5219 3609 5275 Aria
