4325 6267
1715 430 1923 479 CAPUT
1953 432 2101 481 vul.

284 566 401 615 tum
432 561 495 615 3:
524 560 902 615 Haereticam
937 557 1233 615 hominem
1256 562 1393 633 post
1410 558 1679 633 primam
1707 560 1763 614 et
1787 572 1874 614 se-

282 647 549 707 cundam
586 640 1007 725 correptionem
1046 646 1273 715 denum
1316 664 1451 722 ergo
1492 646 1685 705 saltem
1726 654 1874 706 ante-

282 757 451 815 quam
492 740 731 811 moneri,
772 744 831 797 et
867 738 1069 811 corripi
1106 739 1311 812 possit,
1353 723 1465 796 non
1499 745 1585 796 est
1622 738 1872 811 privatus

280 834 399 905 ipso
426 831 573 889 facto
608 827 979 888 iurisdictione
1014 834 1071 885 et
1106 835 1371 902 potestate
1412 844 1551 900 sua3
1587 834 1649 885 ut
1686 834 1873 887 autem

282 922 487 995 corripi
516 921 709 994 possit,
734 922 809 978 ita
838 925 901 977 ut
924 921 996 977 sit
1019 919 1275 993 obligatio
1303 918 1509 977 vitandi
1538 917 1689 976 illum
1720 924 1783 975 ut
1806 917 1874 975 ab

282 1012 535 1068 Ecclesia
563 1009 871 1084 praecisum
890 1050 907 1081 ,
934 1024 1163 1067 necesse
1190 1015 1305 1081 est,
1335 1015 1401 1065 ut
1427 1009 1636 1065 crimen
1661 1023 1767 1064 non
1802 1008 1877 1064 sit

280 1102 593 1161 occultum.
612 1102 851 1174 Denique
873 1099 1013 1156 hanc
1033 1100 1195 1158 etiam
1217 1105 1426 1172 partem
1446 1091 1683 1173 probarit
1702 1096 1875 1157 multa

277 1206 349 1249 ex
378 1190 483 1261 his,
514 1206 654 1265 quae
681 1188 1033 1247 adduximus.

362 1286 418 1341 6.
448 1282 615 1340 Maior
642 1280 941 1340 difficultas
968 1287 1056 1337 est
1080 1280 1133 1336 in
1165 1280 1328 1339 tertio
1356 1279 1621 1349 membro,
1652 1277 1869 1353 quando

214 1378 221 1383 '
280 1372 565 1430 Ecclesiae
630 1371 901 1443 praelatus
953 1368 1169 1444 publice
1220 1370 1380 1428 fidem
1434 1369 1697 1428 deseruit.
1736 1370 1873 1427 Nam

281 1463 442 1520 multi
487 1462 589 1519 viri
624 1460 771 1519 docti
810 1460 1095 1535 loquentes
1135 1460 1203 1519 de
1242 1462 1387 1533 Papa
1425 1457 1656 1533 docent,
1699 1460 1743 1516 si
1782 1460 1877 1517 fiat

284 1552 504 1625 publice
546 1550 895 1625 haereticus,
937 1566 1003 1607 eo
1042 1551 1163 1624 ipso
1201 1547 1445 1609 desinere
1486 1566 1606 1609 esse
1646 1552 1865 1624 Papam.

280 1643 439 1713 Quod
462 1643 509 1699 si
534 1658 729 1700 verum
752 1650 859 1714 est,
880 1657 991 1698 non
1018 1646 1198 1714 potest
1218 1639 1269 1698 id
1298 1658 1419 1699 esse
1442 1658 1509 1699 ex
1536 1642 1588 1697 vi
1610 1641 1740 1699 iuris
1762 1640 1865 1697 hu·

285 1733 455 1805 mani,
484 1732 634 1807 quod
661 1748 768 1790 non
794 1730 959 1788 habet
982 1730 1093 1787 vim
1117 1731 1421 1790 coactivam
1448 1743 1617 1805 supra
1640 1732 1865 1803 Papam3

278 1831 339 1882 et
365 1825 442 1882 ita
467 1829 697 1881 censent
720 1838 841 1879 esse
860 1838 927 1879 ex
948 1821 999 1879 vi
1025 1820 1161 1878 iuris
1187 1820 1531 1895 divini,quod
1550 1818 1753 1879 Paulus
1780 1819 1873 1877 de·

281 1912 511 1971 claravit
534 1914 593 1971 in
632 1912 755 1971 loco
782 1909 1013 1985 allegato
1048 1910 1116 1967 ad
1152 1910 1255 1968 Tit.
1286 1915 1341 1969 3.
1362 1910 1522 1979 Quod
1556 1910 1639 1968 ius
1678 1924 1875 1968 conse—

281 2009 515 2079 quenter
540 2002 757 2061 habebit
784 2002 1037 2059 effectum
1064 2002 1115 2057 in
1146 2001 1593 2076 quibuscumque
1620 1999 1872 2075 praelatis

280 2094 687 2152 ecclesiasticis.
714 2094 783 2150 Et
809 2092 883 2150 ita
918 2091 1080 2150 sentit
1104 2091 1408 2150 Beliarmin.
1436 2106 1627 2165 supra,
1657 2095 1716 2149 et
1740 2089 1876 2149 indi-

281 2193 379 2241 cat
405 2183 601 2242 Driedo
628 2182 725 2240 lib.
743 2186 796 2241 4.
822 2181 1064 2255 dogmat.
1090 2196 1144 2237 c.
1160 2185 1218 2256 2,
1241 2187 1373 2255 μὶ,
1398 2187 1630 2240 sentent.
1655 2184 1709 2240 7.
1733 2181 1875 2237 Con-

280 2275 513 2332 trarium
542 2288 671 2333 vero
698 2280 851 2331 tenet
876 2272 1046 2331 Caiet.
1072 2285 1256 2344 supra.
1282 2272 1455 2341 Quam
1484 2288 1599 2330 rem
1627 2270 1875 2346 gravissi-

282 2380 431 2435 mam
458 2364 718 2422 nolumus
743 2379 893 2422 nunc
932 2363 1303 2436 perfunctorie
1328 2361 1569 2421 definire.
1593 2364 1731 2420 Nam
1758 2361 1871 2420 fere

284 2471 389 2528 pro
410 2454 525 2512 solo
553 2456 697 2528 Papa
716 2461 804 2512 est
826 2454 1158 2525 necessaria,
1183 2459 1237 2511 et
1265 2453 1597 2511 tractabitur
1618 2454 1675 2510 in
1702 2458 1871 2510 mate·

280 2544 365 2602 ria
388 2545 455 2602 de
480 2543 606 2602 tide.
622 2546 700 2602 De
726 2542 1067 2601 inferioribus
1088 2549 1273 2601 autem
1300 2543 1556 2615 praelatis
1584 2557 1731 2599 nunc
1754 2556 1877 2599 cer·

282 2642 403 2693 tum
442 2640 557 2709 est,
610 2649 719 2691 non
758 2634 939 2691 solum
979 2647 1075 2706 per
1114 2632 1379 2692 haeresim
1418 2632 1729 2705 publicam,
1782 2630 1877 2689 sed

282 2726 448 2783 etiam
472 2740 569 2799 per
596 2740 815 2783 omnem
840 2731 1143 2797 externam,
1166 2723 1327 2781 etiam
1355 2724 1636 2781 occultam
1656 2739 1755 2795 per
1780 2738 1872 2781 ac·

284 2817 499 2887 cidens,
522 2822 585 2873 ut
606 2821 829 2887 vocant,
856 2816 1123 2885 amittere,
1134 2820 1401 2887 quantum
1420 2819 1594 2871 estex
1616 2828 1695 2886 se,
1714 2828 1875 2870 usum

288 2908 463 2966 omnis
504 2903 909 2963 ecclesiasticae
949 2904 1337 2962 iurisdictionis
1363 2945 1380 2976 ,
1420 2904 1614 2961 saltem
1668 2905 1877 2961 ratione

283 2995 901 3066 excommunicationis,
932 3009 1099 3068 quam
1127 2994 1244 3065 ipso
1280 2993 1427 3051 facto
1453 2994 1765 3051 incurrunt.
1796 2997 1877 3051 An

288 3102 419 3144 vero
446 3084 579 3144 haec
618 3083 1115 3142 excommunicatio
1158 3084 1230 3141 sit
1268 3081 1336 3140 de
1371 3084 1492 3140 iure
1532 3082 1749 3156 divino,
1790 3084 1877 3141 vel

290 3179 566 3249 humano,
595 3182 651 3233 et
683 3189 851 3249 quam
886 3174 959 3231 sit
996 3173 1309 3247 antiquum,
1342 3179 1397 3231 et
1430 3172 1705 3247 quomodo
1731 3188 1877 3231 nunc

284 3266 615 3325 servandum
644 3264 713 3321 sit
747 3265 799 3321 in
837 3262 1069 3336 publicis
1105 3262 1387 3321 haereticis
1424 3262 1670 3323 nondum
1705 3264 1881 3320 nomi-

283 3357 457 3415 natim
481 3352 988 3431 excommunicatis,
1020 3368 1085 3409 ac
1110 3350 1471 3425 denuncietis,
1502 3368 1602 3409 seu
1630 3352 1881 3410 declara·

282 3450 377 3521 tis,
401 3448 453 3503 in
480 3444 761 3503 materiam
782 3442 849 3500 de
875 3442 1083 3499 haeresi
1110 3443 1457 3514 remittimus3
1484 3443 1616 3516 quia
1644 3442 1695 3499 in
1725 3457 1883 3515 prae-

284 3538 430 3595 senti
459 3535 689 3594 materia
726 3540 921 3591 neutra
950 3533 1129 3609 opinio
1172 3532 1481 3590 necessaria
1508 3538 1612 3589 est.
1637 3532 1880 3589 Dicimus

282 3642 420 3702 ergo
448 3626 523 3685 de
555 3625 701 3683 facto
728 3623 1065 3682 haereticum
1090 3622 1371 3696 publicum
1390 3662 1407 3695 ,
1434 3622 1645 3679 etiamsi
1672 3620 1882 3679 denun-

288 3718 473 3775 ciatus
500 3731 611 3774 non
641 3716 743 3786 sit,
773 3729 1073 3785 non¹posse
1100 3712 1305 3770 validas
1332 3710 1483 3787 leges
1508 3713 1653 3771 ferre
1688 3714 1881 3771 saltem

285 3808 503 3865 ratione
527 3820 817 3863 censurae.
836 3804 1025 3877 Neque
1048 3802 1287 3860 obstabit
1305 3802 1525 3861 Extrav.
1543 3801 1637 3860 Ad
1662 3806 1881 3861 evitan-

284 3896 401 3965 da,
438 3898 569 3969 quia
594 3894 683 3954 illa
712 3892 1029 3951 constitutio
1058 3907 1167 3949 non
1194 3892 1355 3950 estin
1394 3892 1635 3950 favorem
1661 3910 1881 3951 excom-

284 3985 582 4059 municati,
612 3983 706 4041 sed
736 3982 1003 4055 fidelium3
1034 3989 1091 4041 et
1128 3981 1245 4039 ideo
1272 3986 1525 4057 quamvis
1553 3983 1645 4041 alii
1668 4000 1777 4041 non
1802 3990 1881 4043 te-

284 4083 523 4135 neantur
548 4078 719 4133 vitare
745 4074 921 4144 illum,
947 4072 1301 4131 nihilominus
1326 4074 1372 4130 si
1398 4074 1612 4147 publice
1638 4080 1876 4149 constet,

282 4168 443 4226 illum
468 4182 589 4223 esse
616 4164 985 4235 haereticum,
1018 4162 1219 4236 optime
1247 4170 1480 4237 possunt
1506 4162 1580 4221 illi
1606 4179 1715 4222 non
1754 4165 1881 4223 obe·

256 4258 440 4328 'dire,
488 4271 589 4315 nec
636 4258 755 4313 eius
786 4254 933 4328 leges
960 4267 1211 4326 servare,
1259 4255 1387 4327 quia
1417 4268 1479 4311 re
1506 4268 1633 4311 vera
1656 4254 1745 4312 ille
1770 4272 1881 4312 non

285 4346 457 4404 habet
478 4362 645 4403 usum
671 4343 955 4419 potestatis
992 4341 1062 4399 ad
1087 4341 1459 4401 coercendum
1475 4384 1492 4415 ,
1524 4343 1611 4401 vel
1636 4342 1878 4416 obligan-

283 4437 447 4511 dum3
463 4442 522 4493 et
541 4436 745 4509 alioqui
764 4432 861 4507 ipsi
884 4447 995 4490 non
1014 4438 1295 4505 coguntur
1315 4431 1725 4491 communicare
1747 4448 1881 4492 cum

286 4528 416 4601 illo,
446 4526 577 4585 licet
612 4526 827 4599 possint
854 4520 908 4581 id
946 4521 1129 4581 facere
1152 4523 1205 4579 in
1244 4522 1357 4597 his,
1385 4538 1527 4597 quae
1566 4522 1791 4583 honesta
1824 4531 1882 4583 et

286 4616 583 4677 commoda
620 4616 841 4675 fuerint.
866 4613 922 4672 Si
962 4619 1145 4671 autem
1182 4612 1379 4672 subditi
1419 4628 1611 4685 parere
1649 4629 1759 4672 non
1798 4621 1879 4672 te-

288 4716 513 4783 nentur,
526 4710 639 4782 ipse
658 4722 769 4767 non
789 4704 951 4763 habet
972 4719 1139 4762 usum
1158 4704 1545 4763 iurisdictionis
1566 4705 1875 4779 coactivae,

288 4807 347 4858 et
373 4799 491 4858 ideo
517 4800 665 4875 leges
692 4798 761 4855 ab
796 4795 889 4856 illo
918 4798 1055 4858 latae
1084 4795 1265 4854 nullae
1296 4810 1395 4854 seu
1422 4794 1687 4853 invalidae
1724 4803 1878 4854 sunt.

373 4895 427 4951 7.
458 4889 541 4947 Ad
566 4889 801 4947 rationes
820 4904 952 4963 ergo
982 4888 1170 4946 ultimo
1193 4885 1317 4945 loco
1343 4885 1612 4944 adductas
1638 4900 1740 4959 pro
1768 4886 1884 4959 opi·

290 4982 454 5041 nione
478 4979 651 5038 Castri
679 4977 995 5053 responderi
1022 4976 1183 5036 facile
1210 4983 1408 5051 potest.
1431 4976 1514 5034 ad
1539 4978 1774 5051 primam
1798 4976 1882 5034 di-

292 5074 445 5131 citur
464 5113 479 5143 ,
509 5068 835 5129 antecedens
864 5069 933 5127 ad
956 5083 1237 5128 summum
1265 5066 1565 5140 procedere
1591 5066 1659 5125 de
1694 5066 1885 5126 haere-

290 5164 421 5222 ticis
446 5162 699 5238 publicis,
726 5166 786 5219 et
804 5162 863 5217 in
890 5157 996 5217 illis
1021 5174 1143 5217 esse
1168 5157 1433 5233 dubium;
1466 5166 1650 5216 tamen
1677 5158 1789 5217 sive
1816 5174 1884 5217 ex

298 5257 423 5314 iure
448 5253 651 5326 divino,
681 5254 795 5309 sive
819 5266 888 5308 ex
912 5248 1310 5321 ecclesiastico,
1332 5248 1592 5323 fatemur,
1614 5247 1737 5305 illos
1763 5263 1885 5305 esse

296 5348 539 5424 privatos
565 5350 832 5418 potestate
860 5338 1064 5399 ferendi
1090 5339 1257 5413 leges.
1281 5337 1365 5400 Ad
1399 5337 1695 5399 secundam
1722 5352 1887 5414 nega-

456 5459 634 5509 suant
644 5489 658 5513 .
678 5459 739 5505 De
754 5456 938 5513 Leuibus
950 5474 1010 5489 —
1024 5454 1129 5500 Pars
1148 5454 1183 5501 1.

3322 414 3446 477 329

1947 563 2038 615 tur
2066 564 2443 631 assumptum,
2489 560 2617 634 quia
2651 559 2940 618 character
2974 555 3308 630 baptismalis
3348 561 3529 629 potest

1943 647 2199 705 sufficere
2221 648 2290 706 ad
2318 650 2650 708 retinendam
2673 650 2812 707 banc
2836 653 3179 721 potestatem,
3203 644 3524 720 praesertim

1942 736 1987 793 si
2014 738 2068 794 in
2104 737 2328 811 publico
2355 739 2464 797 ritu
2490 738 2612 797 fidei
2637 747 2695 798 et
2724 747 2950 797 externo
2986 737 3229 796 nondum
3255 737 3380 812 quis
3415 735 3529 794 dis-

1941 831 2110 887 cessit
2142 828 2212 887 ab
2250 828 2519 888 Ecclesia.
2546 828 2626 887 Ad
2667 831 2881 887 tertiam
2915 827 2982 886 de
3021 844 3237 887 summo
3276 826 3529 885 Pontifice

1944 932 2234 990 possemus
2281 920 2614 993 respondere
2639 960 2655 993 ,
2704 917 2948 993 negando
2997 933 3156 992 posse
3197 917 3311 975 dari
3364 917 3526 975 talem

1939 1015 2194 1066 eventum
2215 1010 2367 1067 iuxta
2395 1010 2697 1082 opinionem
2725 1015 3077 1083 asserentem,
3100 1008 3412 1067 Pontificem
3437 1022 3528 1065 ro-

1939 1115 2162 1159 manum
2186 1116 2252 1159 ex
2280 1098 2465 1158 divino
2487 1098 2765 1174 privilegio
2785 1116 2894 1157 non
2923 1115 3082 1171 posse
3109 1113 3294 1157 errare
3317 1098 3371 1153 in
3399 1095 3524 1170 fide,

1936 1192 2100 1265 etiam
2128 1198 2194 1249 ut
2233 1190 2616 1265 particularem
2655 1206 2974 1264 personam,
3013 1202 3179 1263 quam
3221 1189 3525 1260 opinionem

1939 1282 2286 1355 probabiliter
2305 1279 2601 1341 defendunt
2621 1282 2810 1355 aliqui,
2835 1277 3154 1338 vindicando
3177 1279 3242 1336 ab
3271 1278 3372 1336 hac
3396 1282 3526 1334 nota

1941 1390 2129 1431 omnes
2157 1375 2449 1433 Pontifices
2465 1414 2481 1447 ,
2511 1373 2604 1448 qui
2631 1372 2900 1431 hactenus
2927 1376 3366 1445 praecesserunt.
3389 1372 3527 1428 Nam

1938 1462 2153 1521 videtur
2173 1472 2599 1522 consentaneum
2619 1465 2773 1521 suavi
2801 1461 3170 1536 providentiae
3187 1461 3303 1534 Dei,
3325 1466 3392 1518 ut
3417 1476 3526 1517 non

1939 1556 2239 1627 permittat,
2261 1571 2390 1612 eum
2417 1554 2550 1612 falsa
2569 1560 2762 1611 contra
2787 1553 2946 1611 fidem
2975 1552 3190 1623 sentire,
3213 1568 3378 1626 quem
3405 1566 3528 1625 per-

1940 1644 2213 1702 missurus
2234 1660 2341 1701 non
2359 1650 2468 1715 est,
2493 1642 2627 1701 falsa
2646 1641 2866 1700 docere.
2886 1644 2958 1700 Et
2978 1643 3051 1700 ita
3071 1640 3288 1711 dicunt,
3313 1647 3528 1699 utrum·

1941 1750 2049 1809 que
2074 1734 2365 1807 complecti
2389 1734 2551 1790 verba
2578 1732 2697 1791 illa:
2722 1737 2848 1806 qu
2865 1735 3074 1807 rogavi
3085 1748 3201 1808 pro
3227 1736 3299 1799 te,
3329 1732 3520 1799 Petre,

1938 1828 2007 1881 ut
2032 1839 2149 1881 non
2176 1822 2418 1897 deficiat
2430 1822 2588 1897 fides
2614 1827 2742 1881 tua.
2773 1822 2908 1891 Quia
2936 1837 3068 1880 vero.
3093 1822 3226 1879 haec
3263 1823 3530 1879 sententia

1940 1930 2049 1972 non
2074 1920 2163 1971 est
2187 1912 2481 1972 admodum
2506 1918 2728 1986 recepta
2746 1954 2762 1985 ,
2791 1919 2848 1971 et
2882 1910 3116 1971 concilia
3141 1911 3409 1987 generalia
3434 1909 3531 1968 ali-

1942 2004 2157 2078 quando
2193 2002 2531 2061 admiserunt
2573 2018 2766 2061 casum
2806 2000 2960 2061 illum
2981 2042 2998 2075 ,
3034 2009 3093 2060 et
3129 2008 3527 2078 consequenter

1941 2100 2380 2168 supposuerunt,
2423 2092 2613 2151 saltem
2648 2108 2772 2152 esse
2810 2091 3150 2166 possibilem3
3182 2092 3303 2152 ideo
3344 2092 3529 2151 dicen-i

1942 2183 2075 2243 dum
2100 2192 2217 2258 est,
2247 2186 2292 2241 si
2317 2187 2461 2257 Papa
2488 2185 2580 2241 fiat
2604 2184 2915 2242 haereticus
2935 2226 2950 2256 ,
2981 2200 3092 2241 non
3119 2185 3304 2242 statim
3330 2182 3527 2241 cadere

1942 2292 1975 2334 a
2000 2275 2259 2349 dignitate
2289 2275 2403 2347 ipso
2429 2274 2575 2333 facto
2602 2276 2814 2333 ratione
2839 2273 2958 2332 tidei
2987 2275 3240 2346 amissae,
3269 2281 3336 2332 ut
3364 2288 3528 2348 gene-

1942 2366 2127 2425 taliter
2152 2365 2447 2439 probatum
2464 2371 2571 2440 est,
2593 2364 2722 2440 quia
2747 2365 2960 2423 nullum
2981 2364 3049 2423 de
3075 2363 3168 2423 illo
3190 2365 3448 2422 habemus
3469 2366 3526 2421 in

1943 2456 2049 2513 hoc
2088 2454 2322 2529 speciale
2361 2455 2453 2513 ius
2490 2454 2762 2527 divinum,
2805 2470 2984 2528 neque
3021 2454 3211 2513 fuisset
3247 2453 3527 2513 Ecclesiae

1942 2548 2273 2605 conveniens
2324 2556 2548 2619 propter
2599 2544 2846 2618 pericula
2907 2544 3285 2603 schismatum.
3339 2546 3526 2619 Neque

1943 2639 2107 2696 etiam
2132 2654 2199 2695 ex
2228 2638 2282 2693 vi
2309 2651 2676 2694 censurarum
2701 2635 3196 2695 ecclesiasticarum
3222 2642 3406 2695 manet
3430 2633 3526 2693 de-

1944 2728 2155 2801 positus
2183 2728 2302 2799 ipso
2329 2726 2496 2797 facto,
2527 2726 2655 2799 quia
2681 2726 2928 2784 Pontifex
2955 2742 3063 2784 non
3089 2733 3175 2784 est
3198 2742 3370 2801 capax
3397 2740 3524 2783 cen·
3573 2754 3578 2764 ·

1944 2833 2131 2891 surae,
2161 2814 2423 2891 quamdiu
2449 2815 2694 2875 Pontifex
2719 2821 2823 2888 est,
2847 2816 2974 2892 quia
2998 2816 3132 2875 nulli
3157 2816 3442 2877 subiicitur
3467 2818 3528 2873 in

1944 2907 2105 2965 terris
2120 2905 2303 2980 quoad
2318 2911 2642 2978 potestatem
2657 2908 2980 2980 coactivam,
2995 2905 3063 2964 ad
3075 2922 3240 2980 quam
3255 2906 3529 2979 pertinent

1944 3012 2232 3056 censurae.
2248 2997 2428 3054 Unum
2457 3010 2588 3070 ergo
2613 3002 2868 3069 superest
2891 2996 3172 3054 Ecclesiae
3197 2995 3522 3069 remedium,

1946 3086 2188 3154 scilicet,
2229 3092 2291 3143 ut
2323 3087 2380 3143 in
2417 3084 2648 3144 concilio
2674 3084 2914 3161 generali
2952 3085 3181 3145 iuridice
3218 3085 3529 3145 declaretur

1946 3176 2287 3249 haereticus,
2319 3191 2444 3237 nam
2470 3192 2535 3234 eo
2571 3175 2691 3248 ipso
2726 3175 2876 3233 cadit
2900 3190 2933 3232 a
2957 3174 3216 3251 dignitate
3232 3218 3248 3249 ,
3276 3192 3385 3234 non
3411 3184 3530 3235 tam

1946 3271 2209 3340 potestate
2235 3264 2502 3338 humana,
2531 3280 2698 3339 quam
2725 3264 2920 3323 divina.
2945 3266 3270 3324 sicutenim
3305 3265 3526 3341 quando

1946 3356 2168 3431 eligitur
2183 3399 2198 3427 ,
2231 3372 2339 3414 non
2365 3357 2570 3428 accipit
2594 3360 2918 3428 potestatem
2942 3355 3010 3413 ab
3035 3356 3366 3415 electoribus
3387 3399 3402 3428 ,
3432 3354 3526 3413 sed

1948 3464 1980 3505 a
2003 3447 2250 3519 Christo,
2279 3445 2352 3503 ita
2375 3446 2430 3502 in
2470 3460 2534 3502 eo
2563 3444 2782 3518 speciali
2800 3460 2943 3504 casu
2970 3462 3002 3503 a
3035 3445 3249 3505 Christo
3277 3447 3394 3520 ipso
3433 3445 3528 3504 de·

1946 3540 2170 3612 ponitur
2208 3544 2332 3611 post
2370 3534 2658 3595 iuridicam
2696 3534 3139 3595 declarationem.
3170 3538 3242 3595 Et
3278 3536 3528 3611 quamvis

1947 3627 2089 3687 forte
2116 3629 2185 3687 de
2227 3628 2332 3685 hoc
2359 3642 2469 3685 non
2496 3626 2792 3684 habeamus
2816 3642 3139 3700 expressum
3162 3628 3250 3685 ius
3285 3626 3526 3687 divinum

1948 3720 2235 3791 scriptum,
2255 3726 2433 3776 tamen
2461 3716 2679 3775 traditio
2695 3715 2971 3775 Ecclesiae
2989 3716 3322 3775 sufficienter
3347 3724 3528 3776 osten·-

1946 3810 2047 3885 dit,
2076 3824 2198 3867 esse
2223 3810 2274 3865 in
2302 3808 2547 3867 Ecclesia
2571 3807 2712 3865 hanc
2751 3812 3098 3881 potestatem,
3132 3823 3275 3883 quae
3300 3808 3411 3866 fere
3435 3806 3531 3865 de-

1947 3902 2062 3959 bita
2099 3900 2176 3958 illi
2211 3906 2333 3956 erat
2367 3898 2485 3956 iure
2524 3897 2878 3971 defensionis,
2918 3904 2977 3958 et
3017 3896 3088 3956 ad
3138 3896 3531 3971 providentiam

1946 3990 2145 4049 Christi
2171 3988 2380 4047 Domini
2413 3991 2641 4047 maxime
2669 3988 2991 4062 pertinebat.
3020 3991 3105 4046 An
3139 4004 3271 4047 vero
3297 3988 3404 4048 hoc
3441 4005 3535 4048 re-

1946 4081 2192 4141 medium
2219 4082 2290 4137 sit
2314 4094 2530 4151 semper
2557 4079 2958 4151 necessarium,
2989 4080 3197 4139 etiamsi
3224 4083 3527 4157 contingat,

1946 4174 2145 4246 Papam
2173 4186 2294 4229 esse
2317 4169 2532 4244 publice
2554 4169 2913 4243 haereticum,
2935 4170 3301 4245 disputabitur
3319 4172 3372 4230 in
3391 4172 3529 4231 locis

1946 4262 2343 4338 praeallegatis.

2355 4432 2978 4509 ὈΆΡΙῙΤἯΠ.

1954 4640 2170 4699 Utrum
2203 4639 2460 4713 potestas
2501 4632 2902 4695 ecclesiastica
2940 4633 3024 4693 ad
3062 4633 3214 4711 leqes
3241 4636 3530 4713 serendas

2024 4732 2101 4786 sit
2126 4725 2510 4785 excellentior
2534 4724 2786 4797 civitiiu
2797 4724 2950 4799 fine,
2983 4730 3222 4803 oriqine,
3254 4728 3523 4799 subiecto,

2026 4826 2082 4878 ct
2108 4817 2249 4878 aliis
2268 4816 2754 4894 proprietatibus.
3313 4820 3322 4830 “

2514 5014 2971 5079 summarium

1955 5204 2006 5257 1.
2030 5202 2296 5257 Conclusio
2321 5201 2715 5254 affirmativa.—
2734 5202 2964 5257 Potestas
2987 5204 3352 5269 ecclesiastica,
3378 5206 3536 5257 etiam
3567 5202 3572 5207 ’

2022 5280 2082 5325 ut
2106 5271 2412 5337 legislativa,
2439 5279 2519 5323 est
2541 5275 3088 5343 supernaturalis—2.
3116 5275 3252 5326 Finis
3270 5278 3536 5340 potestatis

2022 5343 2400 5397 ecclesiasticae
2409 5345 3282 5409 estsupernaturalis.—3.Potestas
3299 5347 3538 5399 ecclesia-

3012 5442 3068 5489 42
