4325 6267
1731 357 1942 407 cum·
1969 358 2115 407 xlv.

296 479 455 539 cibus
483 482 616 540 satis
641 485 770 540 nota
795 489 897 540 est.
930 483 1066 540 Nam
1096 482 1182 542 lex
1207 483 1538 542 declarativa
1563 500 1672 542 non
1697 484 1883 543 condit

291 571 404 644 ius,
437 577 709 644 qnatenus
739 573 862 631 talis
888 580 993 646 est,
1025 575 1120 632 sed
1147 575 1392 634 declarat
1417 575 1550 649 quid
1577 574 1885 634 secundnm

293 659 443 718 aliud
471 662 746 736 antiquins
777 662 860 719 ins
886 663 996 720 fieri
1023 664 1236 735 debeat,
1261 677 1357 723 aut
1385 683 1490 724 non
1520 667 1654 724 fieri:
1682 667 1768 724 lex
1788 682 1886 723 au·

293 757 406 808 tem
436 754 794 811 constitutiva
823 769 1027 810 novum
1055 754 1352 814 introducit
1375 760 1493 828 ius,
1523 763 1796 831 qnantum
1834 757 1885 814 in

291 840 414 913 ipsa
429 842 742 900 est.Deinde
756 842 1083 918 distinguere
1099 852 1314 918 oportet
1327 846 1558 905 effectus
1575 847 1706 921 legis
1728 864 1882 921 prae·

291 932 458 1004 cipue
503 939 651 1005 tres,
681 931 921 1007 obligare
959 933 1202 1008 scilicet,
1234 952 1465 1010 poenam
1502 939 1805 1013 imponere,
1831 943 1889 996 et

293 1028 484 1078 actum
511 1022 746 1080 irritare.

370 1115 432 1170 2.
465 1113 598 1171 Dico
621 1129 756 1189 ergo
781 1116 982 1188 primoz
1013 1117 1124 1174 Lex
1151 1115 1505 1193 declarativa,
1536 1123 1806 1194 quantum
1833 1119 1887 1177 in

293 1217 354 1260 se
380 1210 500 1277 est,
531 1205 947 1278 comprehendit
977 1223 1084 1264 non
1114 1213 1326 1266 tantum
1353 1209 1571 1276 futura.
1602 1209 1699 1267 sed
1725 1210 1887 1268 etiam

291 1295 605 1366 praeterita.
645 1296 744 1352 Est
781 1300 1088 1359 communis
1129 1301 1396 1358 sententia
1431 1298 1683 1372 Abbatis,
1714 1302 1884 1376 Decii,

291 1383 494 1456 Felini,
522 1391 580 1442 et
609 1384 838 1444 aliorum
863 1387 916 1443 in
946 1403 1069 1461 cap.
1103 1389 1280 1446 ultim.
1310 1390 1377 1447 de
1405 1393 1630 1450 constit.
1661 1392 1884 1466 Bartoli,

294 1480 356 1532 et
383 1473 702 1550 legistarum
723 1477 774 1532 in
794 1475 832 1533 1.
857 1493 1055 1535 omnes
1070 1480 1293 1555 populi,
1323 1481 1377 1538 ff.
1403 1481 1469 1539 de
1493 1483 1669 1540 instit.
1699 1489 1754 1541 et
1772 1484 1883 1540 inr.

293 1563 350 1621 in
371 1563 520 1622 dicta
541 1564 578 1622 l.
593 1563 763 1639 leqes,
779 1572 837 1623 et
857 1568 1092 1626 sumitur
1113 1585 1178 1626 ex
1191 1569 1516 1629 Anthentica
1537 1571 1604 1629 de
1627 1572 1741 1629 tiliis
1765 1579 1888 1630 ante

294 1651 501 1712 dotalia
527 1657 888 1714 instrumenta
914 1660 1075 1731 natis,
1101 1660 1288 1718 collat.
1315 1665 1368 1720 3.
1392 1662 1715 1735 Exemplum
1743 1663 1885 1720 sumi

292 1748 478 1818 potest
503 1761 569 1802 ex
595 1761 718 1818 cap.
741 1747 819 1807 Ut
843 1745 958 1814 lex,
993 1751 1089 1822 27,
1105 1764 1161 1824 q.
1186 1755 1234 1822 t,
1250 1750 1342 1808 ubi
1371 1752 1720 1810 Innocentius
1748 1769 1888 1826 papa

291 1835 586 1908 praecipit,
600 1837 840 1910 separari
860 1837 1093 1896 clericos
1113 1841 1166 1896 in
1189 1840 1454 1914 sacris,et
1465 1842 1746 1917 religiosos
1762 1859 1888 1918 pro·

294 1925 472 1983 fessos
499 1924 764 1985 ducentes
793 1944 1015 2003 uxores,
1037 1937 1092 1986 et
1112 1930 1318 1989 subdit:
1335 1932 1696 1991 Huiusmodi
1719 1949 1890 1992 vsa-m-

294 2031 406 2090 que
442 2015 880 2092 copulationem
901 2063 916 2087 ,
963 2035 1144 2094 quam
1179 2026 1388 2080 contra.
1425 2022 1892 2082 ecclesiasticam

293 2105 574 2180 requlam
598 2113 828 2167 constat
856 2124 978 2167 esse
1005 2117 1399 2196 contractam,
1431 2117 1890 2173 matrimonium

294 2213 420 2255 non
443 2214 566 2256 esse
591 2215 912 2257 censemus.
943 2201 1018 2259 De
1057 2217 1169 2275 quo
1208 2209 1362 2261 textu
1402 2203 1640 2262 dubitari
1681 2211 1888 2281 potest,

294 2289 426 2362 quia
453 2291 679 2348 materia
705 2291 792 2348 illa
817 2291 953 2349 iuris
979 2291 1200 2350 humani
1228 2301 1334 2366 est,
1359 2300 1414 2352 et
1439 2294 1670 2353 verbum
1691 2311 1890 2353 cense-

295 2395 432 2436 mus
467 2387 554 2439 est
576 2381 922 2456 ambiguum3
952 2399 1082 2440 nam
1118 2390 1302 2457 potest
1335 2386 1666 2460 significare,
1696 2385 1781 2443 vel
1808 2389 1892 2443 iu-

295 2468 568 2546 dicamus,
591 2472 675 2530 vel
705 2475 1021 2546 statuimus,
1051 2479 1117 2531 ut
1141 2473 1304 2532 docet
1326 2474 1516 2532 Glossa
1541 2476 1592 2531 in
1623 2475 1883 2534 clement.

291 2561 446 2618 unic.
478 2561 546 2619 de
583 2577 834 2622 concess.
869 2563 1124 2636 praeben.
1157 2563 1265 2622 Sed
1302 2564 1650 2624 nibilominus
1687 2566 1774 2624 lex
1803 2565 1893 2624 illa

291 2649 624 2710 declarativa
650 2653 817 2712 fuisse
843 2653 1092 2728 videtnr3
1122 2662 1240 2714 tum
1278 2656 1408 2729 quia
1431 2656 1662 2714 verbum
1687 2671 1888 2714 censeo

292 2743 352 2799 in
378 2744 560 2816 rigore
591 2743 776 2816 latino,
809 2750 865 2802 et
891 2745 944 2801 in
968 2743 1326 2820 frequentiori
1353 2763 1462 2804 usu
1488 2749 1660 2820 magis
1692 2747 1890 2823 signifi·

293 2838 389 2889 cat
413 2833 686 2905 arbitrari,
713 2840 769 2892 et
794 2841 1030 2892 mentem
1052 2852 1210 2892 suam
1229 2838 1474 2910 aperire3
1495 2843 1616 2894 tum
1637 2838 1890 2911 maxime,

295 2921 424 2995 quia
450 2922 696 2982 Pontifex
724 2924 901 2982 reddit
921 2928 1187 2983 rationem
1209 2926 1483 3000 antiquam
1509 2943 1640 2984 suae
1661 2927 1893 2986 decisio-

293 3014 402 3086 nis,
428 3029 572 3088 quae
591 3022 679 3073 est
703 3015 983 3074 sufficiens
1013 3017 1224 3090 signnm
1256 3017 1388 3091 legis
1419 3017 1796 3091 declarativae,
1829 3025 1896 3076 nt

295 3102 373 3160 ibi
397 3104 619 3178 Glossa,
651 3111 708 3163 et
732 3107 1023 3164 Panormit.
1058 3113 1269 3182 notant,
1300 3115 1356 3166 et
1381 3110 1621 3167 sumitur
1647 3125 1714 3167 ex
1741 3110 1890 3166 Bart.

295 3193 353 3250 in
377 3193 524 3252 dicta
550 3193 591 3253 l.
623 3211 824 3254 omnes
842 3195 1073 3271 populi,
1108 3214 1162 3254 n.
1198 3202 1290 3258 u.
1322 3197 1475 3267 Quod
1505 3201 1736 3257 maxime
1763 3213 1894 3272 pro-

297 3283 470 3357 cedit,
493 3285 714 3360 quando
735 3286 872 3344 ratio
895 3303 1000 3344 non
1021 3294 1237 3346 tantum
1259 3295 1344 3345 est
1362 3290 1584 3364 motiva,
1604 3291 1699 3349 sed
1730 3292 1894 3348 etiam

299 3373 538 3432 decisiva
558 3415 574 3447 ,
600 3375 652 3433 id
671 3381 758 3433 est
778 3375 845 3434 de
866 3391 925 3434 se
945 3376 1222 3436 sufficiens
1245 3375 1313 3435 ad
1335 3378 1721 3438 ostendendam
1743 3381 1895 3438 mali·

299 3465 436 3522 tiam
457 3472 642 3539 actus,
655 3465 874 3525 seclusa
889 3483 1030 3525 nova
1047 3469 1185 3543 lege,
1199 3476 1264 3526 ut
1283 3469 1418 3527 bene
1437 3477 1589 3529 notat
1600 3473 1825 3529 Navarr.
1841 3474 1896 3529 in

299 3569 424 3628 cap.
441 3557 514 3614 Si
533 3555 790 3630 quando.
811 3558 876 3616 de
900 3562 1154 3632 rescript.
1170 3577 1360 3636 excep.
1377 3566 1471 3634 21,
1487 3579 1541 3620 n.
1558 3567 1614 3622 4.
1639 3564 1780 3621 Talis
1801 3580 1897 3622 an·

301 3651 413 3703 tem
427 3654 515 3705 est
529 3647 664 3704 ratio
679 3648 948 3707 Pontificis
964 3651 1016 3706 in
1031 3649 1181 3709 dicto
1208 3667 1328 3725 cap.
1353 3656 1432 3713 Ut
1445 3652 1560 3725 lex,
1585 3660 1642 3713 et
1655 3654 1776 3713 ideo
1791 3671 1897 3713 non

300 3733 524 3794 videtur
547 3736 798 3813 dubium,
829 3739 962 3814 quin
986 3741 1074 3798 ius
1101 3741 1496 3801 declarativum
1523 3743 1725 3816 tradat,
1749 3745 1900 3821 quod

301 3825 630 3886 extendatur
670 3830 836 3887 etiarn
871 3828 938 3888 ad
969 3833 1308 3890 matrimonia
1331 3874 1348 3907 ,
1381 3850 1520 3908 quae
1545 3833 1682 3892 illud
1707 3835 1899 3896 decre-

303 3923 424 3974 tum
445 3925 882 3992 antecesserunt,
897 3922 1024 3995 quia
1037 3929 1160 3980 ante
1180 3923 1313 3981 illud
1337 3924 1619 3983 decretum
1638 3925 1762 3986 talia
1781 3943 1898 3984 ma-

305 4007 560 4066 trimonia
583 4017 744 4068 erant
769 4019 962 4069 contra
986 4012 1419 4071 ecclesiasticam
1447 4015 1716 4090 regulam.
1747 4015 1898 4075 Unde

305 4096 360 4153 in
389 4097 622 4172 singulis
651 4100 862 4174 legibus
889 4101 1185 4160 verborum
1211 4105 1534 4179 proprietas,
1565 4112 1623 4163 et
1646 4106 1894 4180 materia,

305 4203 370 4246 ac
403 4190 540 4246 ratio
569 4188 702 4264 legis
731 4190 1017 4264 diligenter
1041 4192 1392 4266 expendenda
1418 4201 1569 4269 sunt,
1599 4195 1668 4254 ad
1695 4195 1900 4254 discer-

305 4278 571 4355 nendum,
600 4297 670 4338 an
691 4280 776 4339 lex
798 4283 867 4339 sit
887 4282 1238 4342 declarativa.
1253 4285 1463 4344 Clarius
1485 4285 1790 4359 exemplum
1803 4292 1900 4344 est

304 4369 360 4426 in
391 4371 570 4443 capite
615 4370 716 4428 ult.
749 4369 816 4430 de
857 4388 1058 4445 sponsa
1084 4373 1346 4450 duorum,
1376 4375 1469 4434 nbi
1499 4377 1901 4435 matrimonium

306 4466 659 4519 contractum
689 4466 746 4519 et
783 4471 1228 4522 consummatum
1267 4471 1393 4538 post
1432 4464 1579 4523 aliud
1620 4472 1806 4526 ratum
1843 4472 1900 4524 et

305 4549 551 4610 nondum
581 4561 1057 4626 consummatum,
1089 4561 1351 4614 censetur
1377 4555 1622 4628 nullum,
1653 4556 1804 4648 qnqd
1830 4557 1898 4615 ad

307 4641 592 4714 praeterita
627 4642 959 4702 extenditur.
989 4644 1150 4703 Aliud
1177 4653 1266 4706 est
1290 4647 1345 4703 in
1375 4662 1499 4721 cap.
1535 4645 1892 4718 Gaudemus,

307 4729 376 4789 de
402 4729 660 4790 divortiis.

387 4825 442 4880 3.
474 4823 630 4881 Ratio
657 4839 785 4882 vero
809 4830 915 4898 est,
939 4827 1071 4900 quia
1097 4824 1183 4884 lex
1209 4825 1540 4885 declarativa
1564 4845 1673 4888 non
1705 4834 1790 4886 est
1815 4844 1904 4886 re-

305 4911 441 4986 gula
477 4913 740 4988 actionis,
771 4915 865 4972 sed
904 4918 1192 4992 supponit,
1219 4925 1279 4976 et
1311 4918 1699 4992 interpretatur
1732 4920 1900 4996 illam,

308 5019 442 5077 ergo
465 5010 594 5062 ante
621 5004 799 5078 legem
825 5005 1212 5066 declarativam
1239 5014 1361 5066 erat
1386 5009 1493 5084 lex,
1523 5010 1605 5067 vel
1634 5011 1719 5069 ius
1746 5011 1906 5068 indu-

309 5110 444 5154 cens
466 5093 846 5169 obligationem
869 5096 957 5155 vel
979 5097 1146 5156 alium
1161 5099 1456 5174 effectnm3
1483 5115 1614 5175 ergo
1635 5099 1742 5174 lex,
1765 5116 1906 5174 quae

309 5185 559 5246 declarat
583 5186 688 5245 tale
715 5189 822 5260 ius,
839 5207 842 5212 ·
857 5188 1116 5263 supponit
1143 5205 1358 5262 semper
1378 5190 1630 5249 habuisse
1654 5191 1810 5249 talem
1831 5191 1910 5250 ef·

308 5278 683 5354 fectum,nam
710 5277 940 5338 effectus
967 5281 1176 5356 antiqui
1202 5281 1336 5340 iuris
1361 5298 1471 5342 non
1499 5281 1696 5357 pendet
1721 5297 1786 5341 ex
1815 5280 1910 5342 de·

3347 337 3470 402 207

1957 483 2249 542 claratione
2276 489 2462 556 postea
2485 481 2845 542 futura.Unde
2868 481 3391 555 confirmatur,quia
3412 495 3552 538 nova

1954 569 2251 630 declaratio
2282 573 2413 629 nibil
2440 572 2621 630 denuo
2652 572 2956 646 constituit,
2990 578 3311 645 argumento
3344 571 3381 628 1.
3411 572 3555 628 hae·

1951 661 2138 730 redes,
2172 660 2197 729 ἓ
2232 667 2283 734 1,
2316 663 2370 720 tr.
2402 661 2470 720 de
2500 669 2715 720 testam.
2742 663 2841 720 ibi:
2866 661 3038 722 Nihil
3056 665 3214 720 enim
3236 678 3397 718 nunc
3418 659 3544 728 dat,

1954 752 2058 811 sed
2083 751 2298 812 datum
2320 754 2653 826 siqniticam
2672 770 2805 828 ergo
2826 754 2912 811 lex
2933 753 3259 811 declarativa
3280 767 3347 810 ex
3369 767 3428 810 se
3446 769 3553 810 non

1954 843 2118 902 habet
2138 860 2342 901 novum
2363 843 2639 916 effectum3
2655 859 2783 918 ergo
2807 846 3147 917 quantumin
3170 861 3227 901 se
3248 851 3354 916 est,
3380 860 3554 918 aeque

1953 933 2371 1008 comprehendit
2392 935 2746 1006 praeteritum
2769 949 2832 990 ac
2853 933 3127 991 futurum.
3146 934 3251 992 Sed
3277 935 3436 992 obiici
3459 951 3555 1008 po-

1954 1032 2092 1101 test,
2123 1041 2248 1083 nam
2276 1026 2323 1081 si
2352 1025 2487 1082 ratio
2516 1032 2602 1082 est
2621 1023 2959 1097 efficax,non
2982 1023 3157 1081 solnm
3181 1025 3554 1099 probat,hanc

1956 1116 2130 1191 legem
2159 1114 2379 1175 extendi
2408 1131 2569 1188 posse
2606 1114 2674 1172 ad
2704 1117 3055 1187 praeteritum
3074 1157 3089 1188 ,
3120 1115 3215 1172 sed
3244 1117 3556 1174 necessario

1953 1208 2028 1266 ita
2053 1224 2197 1278 esse,
2228 1223 2330 1265 nec
2352 1222 2514 1280 posse
2536 1221 2633 1279 per
2654 1205 2827 1280 legem
2850 1205 3143 1262 humanam
3168 1205 3411 1278 limitari,
3427 1207 3558 1279 quia

1955 1297 2022 1356 ad
2049 1299 2407 1371 praeteritum
2432 1313 2540 1353 non
2570 1304 2655 1354 est
2682 1296 2943 1368 potentia.
2967 1296 3314 1369 Consequens
3344 1303 3432 1354 est
3457 1295 3555 1354 fal-

1955 1404 2121 1461 snm3
2149 1403 2275 1445 nam
2314 1388 2461 1462 leges
2498 1386 2861 1445 declarativae
2897 1386 3174 1444 interdum
3212 1385 3421 1444 addunt
3457 1388 3555 1444 has

1956 1477 2257 1551 particulas
2288 1495 2364 1536 ex
2391 1494 2567 1546 nunc,
2604 1479 2671 1534 in
2690 1483 3016 1553 posterum,
3053 1485 3109 1534 et
3136 1479 3368 1551 similes,
3399 1487 3462 1536 nt
3498 1479 3559 1535 li·

1958 1571 2151 1627 mitent
2178 1567 2373 1642 legem,
2404 1585 2472 1626 ne
2509 1567 2577 1626 ad
2617 1570 2911 1641 praeterita
2952 1569 3301 1626 extendatur.
3334 1571 3559 1626 Assum·

1957 1666 2110 1733 ptum
2145 1667 2298 1734 patet
2321 1675 2389 1717 ex
2415 1675 2541 1733 cap.
2575 1662 2726 1716 unic.
2759 1660 2827 1718 de
2854 1661 3214 1734 postulatipne
3244 1659 3474 1718 Praelat.
3508 1660 3561 1716 in

1959 1755 2016 1824 6,
2039 1751 2133 1810 ubi
2156 1751 2515 1824 prohibentur
2555 1750 2822 1824 quaedam
2843 1749 3108 1808 formulae
3134 1749 3361 1825 eligendi
3387 1757 3442 1807 et
3464 1766 3561 1822 po-

1959 1841 2198 1898 stulandi
2235 1840 2302 1898 de
2344 1856 2403 1898 se
2444 1841 2691 1914 ineptae,
2719 1847 2775 1900 et
2814 1849 2995 1899 tamen
3034 1841 3248 1899 additur
3290 1840 3562 1914 particula

1957 1930 2030 1989 de
2053 1935 2304 2000 caetero,
2341 1947 2483 2005 quae
2514 1930 2718 1989 indicat
2744 1931 2915 1990 solam
2944 1931 3354 2004 prohibitionem
3393 1931 3447 1988 in
3476 1929 3561 1987 fu-

1961 2028 2172 2096 turum,
2206 2029 2271 2079 ut
2300 2021 2368 2077 ibi
2398 2028 2555 2079 notat
2578 2020 2787 2078 Glossa.
2821 2021 3004 2080 Simile
3046 2019 3355 2095 exemplum
3386 2027 3473 2078 est
3504 2022 3561 2076 in

1961 2114 2142 2186 capite
2172 2119 2366 2186 Aqua,
2402 2110 2469 2169 de
2496 2118 2807 2170 consecrat.
2836 2111 3099 2178 ecelesiae
3123 2111 3207 2169 vel
3235 2111 3442 2185 altaris,
3471 2111 3565 2168 ubi

1958 2202 2203 2261 declarat
2228 2203 2504 2277 Pontifex,
2534 2203 2789 2260 violatam
2816 2203 3113 2261 ecclesiam
3139 2218 3244 2259 non
3283 2197 3445 2274 posse
3473 2217 3563 2259 re·

1959 2295 2239 2352 conciliari
2254 2310 2351 2367 per
2368 2293 2729 2367 sacerdotem,
2748 2293 2843 2351 sed
2860 2311 2957 2369 per
2973 2295 3299 2367 episcopum
3319 2300 3557 2369 tantum,

1958 2393 2015 2443 et
2039 2385 2387 2443 nihilominus
2414 2384 2564 2442 addit
2592 2385 2921 2458 particulam
2943 2385 3015 2441 de
3037 2388 3293 2452 caetero·
3319 2385 3427 2441 imo
3449 2391 3562 2440 sta·-

1962 2477 2058 2532 tim
2083 2477 2348 2549 praecipit
2374 2476 2627 2533 sustineri
2654 2474 3122 2534 reconciliationes
3154 2475 3311 2548 prius
3335 2473 3509 2532 factas
3531 2489 3563 2531 a

1963 2565 2367 2624 sacerdotibus.

2037 2661 2092 2716 4.
2117 2655 2520 2729 Respondetur,
2538 2663 2919 2730 argumentum
2951 2656 3295 2726 convincere,
3318 2653 3563 2713 sistendo
3634 2657 3645 2666 ‘

1968 2747 2022 2804 in
2051 2748 2102 2804 vi
2131 2746 2266 2820 legis
2294 2745 2675 2816 declarativae‚
2708 2754 2769 2804 ut
2795 2747 2915 2803 talis
2942 2755 3065 2821 est,
3097 2747 3242 2804 sicut
3266 2746 3335 2802 de
3363 2745 3455 2803 illa
3483 2745 3565 2802 lo-

1963 2837 2080 2894 cuti
2110 2853 2325 2909 snmus,
2357 2837 2501 2895 illam
2530 2837 2595 2896 de
2622 2855 2683 2895 se
2708 2837 2926 2896 extendi
2955 2838 3022 2895 ad
3046 2837 3401 2910 praeteritum
3422 2843 3558 2894 tem·

1964 2943 2093 3001 pus,
2124 2944 2225 3001 pro
2253 2942 2365 3001 quo
2397 2927 2819 2999 constat,fuisse
2843 2928 3004 2985 latam
3025 2927 3199 3002 legem
3226 2926 3562 3001 aliam,quae

1963 3016 2302 3075 declaratur.
2335 3015 2488 3075 Unde
2528 3021 2573 3075 si
2604 3018 2948 3089 declaratur,
2978 3017 3181 3092 aliquid
3218 3033 3339 3074 esse
3368 3022 3565 3074 contra

1963 3108 2048 3167 ins
2077 3108 2348 3181 naturale,
2376 3108 2463 3166 ubi
2486 3109 2689 3166 virtute
2708 3107 3048 3183 decernitur,
3068 3114 3230 3166 actus
3256 3107 3562 3166 contrarios

1964 3199 2056 3257 tali
2073 3199 2179 3256 iuri
2196 3214 2412 3272 semper
2427 3198 2592 3256 fnisse
2608 3197 2801 3272 malos3
2820 3201 2864 3255 si
2884 3214 3018 3256 vero
3034 3198 3371 3275 declaratur,
3385 3198 3562 3273 legem

1964 3289 2204 3364 aliquam
2235 3289 2397 3346 fuisse
2423 3291 2758 3361 irritantem,
2788 3294 3186 3364 consequenter
3222 3288 3561 3362 declaratur,

1964 3386 2122 3437 actus
2159 3380 2484 3452 praeteritos
2520 3378 2693 3436 factos
2730 3396 2765 3436 a
2792 3385 3033 3453 tempore
3062 3377 3184 3436 talis
3221 3378 3355 3451 legis
3393 3378 3565 3436 fuisse

1963 3470 2030 3528 de
2059 3486 2116 3528 se
2142 3469 2344 3545 nullos,
2369 3469 2528 3527 etsie
2553 3469 2619 3526 de
2640 3469 2773 3526 aliis.
2790 3471 3022 3543 Oportet
3046 3476 3227 3528 tamen
3258 3469 3560 3542 advertere,

1965 3559 2253 3634 aliquando
2274 3575 2381 3616 non
2402 3574 2522 3617 esse
2542 3558 2715 3634 legem
2738 3573 2875 3632 pure
2898 3559 3310 3632 declarativam,
3337 3560 3437 3617 sed
3468 3559 3565 3617 ha·

1963 3648 2092 3707 bere
2113 3648 2315 3724 aliquid
2338 3648 2640 3708 admixtum
2654 3650 2789 3722 legis
2807 3650 3186 3709 constitutivae
3204 3667 3273 3708 ex
3287 3656 3562 3724 potestate

1966 3738 2291 3813 legislatoris
2319 3739 2671 3798 declarantis.
2695 3741 2764 3798 Et
2784 3747 2917 3798 tunc
2939 3747 3208 3814 quantum
3230 3741 3297 3798 ad
3320 3741 3395 3812 id,
3412 3741 3563 3815 quod

1965 3829 2114 3888 addit
2148 3835 2371 3903 praeter
2408 3828 2611 3887 nudam
2651 3830 3070 3889 declarationem
3108 3847 3215 3889 non
3252 3833 3567 3890 extenditur

1967 3919 2034 3977 ad
2063 3921 2383 3995 praeterita,
2419 3919 2515 3977 sed
2542 3919 2611 3977 ad
2635 3919 2823 3977 futura
2853 3927 3096 3995 tantum,
3127 3923 3276 3980 iuxta
3306 3938 3395 3998 ea,
3423 3936 3564 3996 quae

1965 4008 2191 4067 inferius
2223 4009 2490 4068 dicemus.
2523 4010 2847 4082 Exemplum
2882 4012 3049 4069 estin
3092 4027 3217 4085 cap.
3259 4015 3559 4087 Quantae.

1966 4099 2034 4157 de
2063 4105 2289 4158 sentent.
2314 4116 2585 4160 excomm.
2612 4100 2705 4159 ubi
2725 4117 2823 4175 per
2845 4102 3073 4160 verbnm
3094 4105 3561 4178 interpretamur

1966 4188 2214 4248 declarat
2241 4189 2509 4261 Pontifex,
2542 4190 2645 4248 snb
2674 4193 3096 4264 percussoribus
3119 4193 3389 4266 episcopis
3412 4208 3566 4250 com-

1965 4279 2227 4354 prehendi
2266 4297 2377 4338 non
2412 4281 2590 4338 solum
2628 4283 2721 4354 qui
2756 4282 2984 4355 positive
3022 4289 3422 4357 cooperantur,
3466 4281 3565 4339 sed

1965 4371 2125 4431 etiam
2154 4373 2251 4446 qni
2276 4388 2384 4429 non
2410 4373 2646 4445 obstant,
2676 4387 2806 4430 cum
2833 4375 3079 4448 possint3
3104 4389 3247 4447 quae
3267 4373 3565 4431 declaratio

1965 4478 2076 4520 non
2109 4469 2196 4520 est
2230 4477 2401 4536 pura,
2432 4460 2530 4520 sed
2565 4478 2663 4536 per
2698 4468 3024 4535 potestatem
3060 4462 3328 4522 condendi
3366 4464 3561 4537 legem,

1965 4555 2151 4627 potins
2180 4568 2348 4626 qnam
2375 4567 2473 4626 per
2498 4553 2997 4626 interpretationem
3027 4554 3190 4612 facta.
3207 4555 3275 4612 Et
3305 4553 3425 4612 ideo
3448 4553 3568 4612 talis

1967 4645 2341 4718 interpretatio
2370 4645 2421 4700 in
2448 4645 2627 4719 rigore
2656 4660 2765 4703 non
2801 4646 3113 4703 extenditur
3152 4645 3218 4703 ad
3250 4647 3563 4722 praeterita,

1967 4735 2071 4793 nisi
2109 4735 2255 4793 aliud
2292 4751 2545 4809 expresse
2582 4735 2913 4793 declaretur.
2955 4739 3097 4795 Nam
3146 4735 3420 4794 interdum
3457 4737 3568 4793 fieri

1971 4826 2112 4885 solet
2137 4827 2381 4884 extensio
2427 4825 2549 4884 talis
2591 4825 2973 4884 declarationis
3015 4826 3083 4884 ad
3110 4830 3463 4901 praeteritum
3503 4843 3569 4886 ex

1968 4916 2232 4990 peculiari
2262 4916 2541 4973 voluntate
2566 4917 2739 4990 ipsius
2775 4917 3097 4991 legislatoris
3126 4918 3256 4976 satis
3282 4934 3566 4993 expressa,

1973 5009 2134 5064 cuius
2160 5009 2241 5066 rei
2266 5005 2406 5064 inter
2446 5008 2550 5063 alia
2586 5013 2673 5064 est
2712 5007 2998 5082 vulgatum
3035 5009 3346 5081 exemplum
3385 5008 3438 5065 in
3475 5007 3571 5064 de·-
3626 5027 3633 5033 ·

1976 5097 2272 5156 claratione
2300 5095 2451 5174 Xysti
2478 5097 2543 5155 V.
2592 5097 2742 5155 circa
2780 5113 2945 5156 suum
2986 5099 3222 5158 Motum
3251 5101 3570 5176 proprium

1976 5187 2044 5246 de
2072 5185 2382 5261 illegitimis,
2410 5193 2468 5246 et
2489 5185 2559 5244 de
2585 5190 2905 5262 receptione
2935 5190 3340 5265 religiosorum.

2056 5287 2108 5341 5.
2140 5277 2339 5339 Deinde
2366 5284 2582 5354 oportet
2606 5279 2935 5356 distinguere
2972 5279 3088 5340 illos
3128 5288 3241 5341 tres
3284 5281 3419 5360 legis
3445 5281 3571 5342 effe·
