4325 6267
781 234 905 328 182

702 384 913 434 ratores
940 376 1227 433 orientales
1254 376 1309 431 in
1340 372 1654 433 Occidentis
1684 374 2014 446 provincias,
2040 376 2168 446 quia
2190 390 2292 431 nec

703 466 943 523 Pontifex
988 465 1131 521 illam
1174 466 1431 521 maiorem
1473 464 1901 521 iurisdictionem
1942 463 2294 535 temporalem

702 555 955 626 contulit,
998 570 1098 611 nec
1128 554 1377 612 conferre
1406 561 1641 627 poterat.
1676 554 1915 610 Primum
1948 559 2091 625 patet
2116 570 2182 610 ex
2211 556 2298 611 iu·

704 645 856 701 ribus
885 644 1129 717 allegatis
1158 650 1213 700 et
1238 660 1305 699 ex
1332 643 1567 700 historiis
1594 664 1609 716 3
1643 660 1783 717 quae
1814 643 1989 699 solum
2020 649 2292 714 asserunt,

700 750 893 807 papam
930 735 1161 791 Leonem
1192 734 1281 791 lll.
1318 732 1667 791 transtulisse
1695 734 2007 805 imperium,
2036 735 2174 789 etin
2205 732 2294 789 illo

700 826 935 896 primum
970 823 1322 880 constituisse
1363 823 1621 881 Carolum
1660 824 1947 896 Magnum,
1991 822 2288 879 transferre

2150 249 2352 299 LIBER
2391 250 2494 299 111.

2363 390 2468 429 non
2510 370 2578 427 ad
2616 370 2881 429 directam
2921 371 3272 444 temporalem
3301 370 3762 441 iurisdictionem3
3790 378 3845 429 et
3875 374 3951 429 ita

2363 464 2414 519 in
2457 478 2560 517 usu
2604 461 2728 517 talis
2755 462 3092 517 auctoritatis
3123 476 3336 533 semper
3364 478 3395 517 a
3422 463 3678 518 Pontifice
3715 461 3944 533 pendet3

2362 554 2472 607 imo
2513 552 2626 607 sine
2666 552 2977 607 interventu
3004 550 3269 607 Pontificis
3297 550 3464 607 credo
3491 566 3611 607 esse
3639 550 3790 607 valde
3815 550 3950 609 inef-

2363 642 2611 712 ficacem,
2641 646 2698 695 et
2726 640 2811 696 vix
2841 655 3001 711 posse
3028 640 3410 713 obligationem
3439 639 3728 711 inducere3
3759 642 3809 697 in
3837 656 3952 714 qua

2365 747 2424 788 re
2456 730 2578 788 usui
2607 737 2664 787 et
2692 727 3072 786 consuetudini
3101 728 3354 787 standum
3383 731 3504 787 erit.
3537 730 3680 787 Haec
3704 746 3830 787 vero
3851 746 3950 786 au·

2362 822 2590 876 ctoritas
2623 818 2891 892 quidquid
2918 818 2985 875 de
3007 819 3096 876 illa
3117 820 3204 889 sit,
3228 836 3334 875 non
3359 818 3567 876 sufficit
3587 818 3654 876 ad
3675 821 3950 891 propriam

700 918 885 968 autem
914 911 1091 969 solum
1119 918 1227 981 est,
1258 911 1575 983 dominium,
1604 911 1751 985 quod
1780 913 1931 968 Irene
1960 928 2013 965 v.
2046 927 2100 983 g.
2132 909 2296 966 habe·
2359 908 2791 967 iurisdietionem
2815 906 3170 979 temporalem
3193 908 3475 978 directam,
3497 923 3597 965 nec
3620 906 3687 965 ad
3707 907 3854 981 leges
3875 911 3954 964 ci-

700 1000 793 1057 bat
819 1002 868 1057 in
894 1003 1056 1058 terris
1076 1002 1283 1074 imperii
1318 1001 1693 1073 occidentalis,
1718 1001 1959 1058 ablatum
1982 1000 2051 1056 ab
2074 1015 2138 1057 ea
2162 999 2294 1056 suis-

700 1106 790 1162 se,
830 1096 885 1145 et
923 1090 1183 1147 collatum
1224 1090 1452 1163 Carolo,
1498 1098 1559 1148 ut
1598 1098 1861 1163 perpetuo
1888 1092 1939 1146 in
1970 1089 2294 1147 occidentali

699 1180 1025 1250 imperatore
1050 1177 1295 1252 eligendo
1332 1180 1481 1237 iuxta
1510 1180 1733 1237 modum
1766 1195 1795 1234 a
1822 1179 2180 1236 Pontificibus
2205 1194 2291 1234 or-

699 1267 994 1326 dinandum
1018 1309 1033 1339 ,
1066 1276 1432 1339 permaneret3
1478 1285 1611 1342 ergo
1640 1285 1703 1325 ex
1734 1269 1784 1323 vi
1813 1267 1955 1324 illius
1986 1268 2294 1324 translatio-

698 1360 783 1413 nis
824 1374 928 1415 non
968 1365 1055 1414 est
1091 1364 1319 1415 auctum
1363 1357 1491 1415 illud
1532 1358 1821 1429 imperium
1858 1357 2039 1429 quoad
2077 1356 2295 1414 iurisdi-

700 1447 936 1504 ctionem
978 1446 1329 1519 temporalem
1368 1455 1423 1504 et
1463 1447 1729 1506 directam
1773 1448 1825 1504 in
1860 1463 1953 1503 eas
1982 1448 2291 1519 provincias

696 1538 1003 1607 Ecclesiae,
1032 1539 1083 1593 in
1112 1553 1251 1609 quas
1293 1545 1451 1594 antea
1488 1538 1631 1595 illam
1660 1554 1767 1594 non
1796 1537 2048 1594 babebat.
2082 1538 2292 1594 Secun-

696 1625 828 1681 dum
870 1633 1085 1695 autem,
1130 1626 1370 1695 scilieet,
1422 1625 1525 1683 boc
1564 1627 1718 1684 aliter
1745 1627 1859 1681 fieri
1885 1642 1988 1703 non
2020 1628 2285 1696 potuisse,

698 1723 867 1789 patet,
895 1717 1021 1789 quia
1050 1716 1292 1773 Pontifex
1320 1731 1426 1771 non
1458 1722 1641 1787 potest
1667 1732 1768 1788 pro
1797 1732 1899 1771 suo
1924 1715 2145 1771 arbitrio
2171 1730 2289 1771 mu-

699 1815 815 1862 tare
854 1794 1047 1878 regina,
1086 1805 1169 1861 vel
1210 1805 1477 1875 subiicere
1517 1805 1886 1877 temporaliter
1916 1820 2013 1875 ea,
2058 1820 2201 1877 quae
2232 1804 2291 1860 li-

696 1896 825 1952 bera
866 1900 1024 1966 sunt,
1065 1893 1159 1951 sed
1198 1893 1384 1951 solum
1418 1894 1638 1967 quando
1668 1896 1807 1950 ratio
1840 1894 2133 1966 spiritualis
2162 1895 2289 1950 boni

696 1983 747 2041 id
786 1983 1029 2056 postulet
1069 2000 1164 2055 per
1218 2000 1531 2057 supremam
1572 1989 1893 2057 potestatem
1926 1984 2288 2056 spiritualem,

696 2090 839 2147 quae
864 2074 969 2131 hoc
1000 2073 1160 2131 modo
1202 2073 1267 2130 ad
1298 2074 1622 2146 temporalia
1650 2073 1980 2131 extenditur.
2010 2075 2163 2130 Tunc
2193 2090 2291 2135 au·

697 2170 805 2220 tem
836 2163 983 2220 nulla
1016 2170 1134 2221 erat
1153 2166 1293 2220 ratio
1314 2164 1555 2220 mutandi
1579 2164 1821 2222 ordinem
1859 2165 2294 2221 iurisdictionum

699 2253 1078 2325 temporalium
1119 2268 1445 2326 regnorum,
1476 2270 1577 2310 nec
1624 2254 1943 2310 subiiciendi
1978 2254 2293 2326 imperatori

697 2359 867 2416 regna
895 2343 1081 2414 libera,
1114 2344 1157 2398 si
1183 2358 1323 2416 quae
1352 2350 1534 2416 erant,
1558 2358 1690 2416 ergo
1718 2360 1821 2400 non
1844 2349 1929 2400 est
1962 2343 2291 2408 verosimile,

698 2432 937 2503 potuisse
978 2439 1108 2489 tunc
1151 2434 1463 2489 Pontificem
1510 2439 1717 2489 tantam
1754 2433 2107 2489 mutationem
2147 2432 2295 2488 face-

700 2536 782 2594 re,
813 2520 1095 2595 multoque
1124 2522 1301 2578 minus
1328 2521 1583 2579 credibile
1608 2528 1713 2587 est,
1744 2521 1795 2578 id
1824 2522 2033 2579 fecisse.

776 2615 891 2669 lmo
920 2614 1199 2683 existimo,
1232 2628 1297 2669 ex
1339 2613 1388 2668 vi
1420 2612 1563 2670 illius
1594 2611 1957 2668 translationis
1991 2627 2095 2667 non
2127 2610 2295 2666 fuisse

704 2700 939 2758 additam
970 2701 1420 2771 immobilitatem,
1455 2707 1516 2757 ut
1544 2702 1625 2757 sic
1654 2700 1854 2766 dicam,
1887 2698 2127 2757 dominio
2156 2706 2295 2755 tem·

703 2791 897 2863 porali,
922 2806 1021 2847 scu
1048 2789 1401 2847 iurisdictioni
1426 2790 1791 2861 imperatoris.
1816 2793 1894 2847 Ac
1923 2787 2159 2846 subinde
2182 2789 2294 2844 fieri

704 2882 869 2937 etiam
909 2880 1183 2952 potuisse,
1225 2886 1284 2936 ut
1320 2885 1445 2951 post
1480 2880 1573 2937 illa
1609 2885 1857 2952 tempora
1882 2894 2051 2952 regna
2079 2878 2292 2951 aliqua,

705 2985 849 3043 quae
888 2974 1021 3025 tunc
1064 2984 1171 3025 uon
1212 2976 1369 3025 erant
1410 2971 1630 3026 omnino
1672 2969 1874 3039 libera,
1901 2967 2296 3025 fuerintlibera

706 3059 919 3130 effecta,
951 3058 1035 3115 vel
1062 3074 1158 3131 per
1184 3060 1272 3115 ius
1301 3058 1443 3130 belli,
1478 3058 1560 3115 vel
1589 3075 1687 3131 per
1712 3058 2002 3131 legitimam
2029 3056 2296 3130 praescri-

709 3148 973 3221 ptionem,
1016 3148 1097 3205 vel
1136 3154 1282 3205 certe
1312 3164 1404 3221 per
1436 3150 1683 3220 ipsorum
1713 3148 2033 3206 Pontificum
2064 3162 2297 3203 conces-

711 3238 917 3295 sionem
937 3253 1001 3293 ex
1027 3238 1169 3294 iusta
1188 3245 1242 3293 et
1263 3238 1559 3295 rationabili
1580 3254 1750 3295 causa
1767 3239 1988 3295 factam.
2006 3237 2140 3306 Quia
2165 3243 2300 3294 tem-

712 3326 911 3399 poralis
942 3328 1151 3398 imperii
1179 3327 1479 3384 iurisdictio
1509 3329 1575 3386 de
1604 3344 1662 3383 se
1692 3329 1940 3385 subiecta
1964 3340 2045 3383 est
2074 3327 2154 3382 bis
2177 3342 2298 3384 mu-

713 3416 1003 3473 tationibus
1024 3457 1039 3486 ‚
1080 3422 1133 3472 et
1173 3432 1269 3488 per
1298 3416 1467 3473 solam
1508 3417 1914 3474 translationem
1946 3432 2051 3472 non
2078 3423 2165 3471 est
2199 3416 2299 3471 im-

712 3505 959 3562 mobilior
996 3504 1138 3561 l'acta
1160 3547 1175 3576 ,
1217 3506 1345 3578 quia
1388 3506 1437 3560 in
1466 3505 1833 3562 iurisdictione
1865 3505 1945 3562 vel
1976 3506 2027 3561 in
2056 3504 2293 3561 dominio

714 3610 823 3649 non
848 3600 931 3649 est
958 3600 1143 3663 aucta,
1173 3610 1271 3651 nec
1302 3594 1352 3650 in
1382 3611 1438 3651 se
1469 3597 1691 3661 variata,
1720 3594 1814 3651 sed
1846 3596 2020 3651 solum
2048 3598 2101 3651 in
2127 3594 2294 3667 appli-

712 3683 929 3739 catione
957 3681 1025 3739 ad
1053 3683 1209 3739 talem
1239 3699 1525 3756 personam
1556 3691 1612 3741 et
1638 3683 1895 3741 ad.talem
1924 3684 2148 3741 modum
2171 3700 2300 3740 suc-

711 3773 999 3828 cessionis.
1029 3771 1347 3828 Accessisse
1382 3780 1565 3829 autem
1592 3772 1807 3830 videtur
1836 3774 2143 3845 imperatori
2179 3774 2298 3847 qui-

712 3859 837 3917 dam
863 3860 1085 3917 honoris
1106 3867 1168 3921 et
1193 3860 1467 3934 dignitatis
1494 3862 1722 3937 graduS,
1754 3864 1847 3936 qui
1877 3863 2007 3920 licet
2042 3864 2297 3935 simplici·

712 3957 798 4007 ter
820 3950 1138 4021 temporalis
1168 3952 1269 4022 sit,
1303 3951 1563 4010 indirecte
1601 3953 1892 4025 participat
1920 3952 2296 4010 excellentiam

716 4040 1009 4111 spiritualis
1036 4040 1242 4097 ordinis
1267 4057 1361 4113 per
1386 4041 1751 4099 habitudinem
1776 4042 1841 4100 ad
1866 4043 2195 4115 pontificiam
2219 4041 2299 4100 di-

714 4131 991 4203 gnitatem.
1030 4132 1166 4197 Quia
1197 4132 1506 4203 specialiter
1534 4132 1816 4189 ordinatus
1845 4142 1951 4198 est,
1985 4140 2046 4190 ut
2074 4133 2145 4189 sit
2175 4147 2300 4203 pro-

714 4227 893 4278 tector
921 4227 977 4277 et.
1002 4219 1253 4277 defensor
1282 4222 1559 4279 Ecclesiae
1586 4230 1641 4279 et
1669 4224 1970 4294 pontificiae
1998 4221 2295 4296 dignitatis,

714 4317 771 4375 et
794 4310 913 4367 ideo
935 4310 1245 4383 specialiter
1266 4311 1617 4385 coniungitur
1637 4312 1972 4385 Pontifici,et
1997 4312 2064 4368 ab
2082 4328 2147 4367 eo
2169 4326 2300 4367 con-

712 4400 983 4472 iungitur,
1013 4406 1404 4471 consacratur,
1434 4407 1490 4457 et
1516 4407 1831 4457 coronatur.
1862 4403 1934 4459 Et
1965 4402 2200 4458 sortasse
2243 4401 2300 4456 in

716 4486 905 4544 ordine
933 4488 1002 4545 ad
1028 4504 1155 4545 eum
1185 4490 1345 4547 linem
1370 4488 1689 4547 defendendi
1710 4488 2036 4561 Ecclesiam,
2062 4491 2298 4563 aliquam

716 4577 1098 4634 auctoritatem
1128 4578 1289 4635 babet
1315 4579 1675 4651 convocandi,
1703 4580 1786 4636 vel
1822 4579 2070 4637 movendi
2099 4581 2301 4651 princi—

717 4684 813 4740 pes
851 4667 1189 4740 catbolicos,
1230 4668 1314 4726 vel
1328 4669 1503 4726 'etiam
1534 4670 1764 4727 similem
1792 4670 2175 4727 auctoritatem
2206 4669 2301 4725 ha-

717 4758 806 4814 bet
834 4756 899 4814 ad
930 4757 1357 4831 componendas,
1387 4766 1443 4816 et
1470 4758 1796 4816 dirimendas
1824 4758 2191 4816 dissensiones
2222 4760 2302 4814 in-

718 4854 801 4905 ter
828 4846 969 4921 illos,
1003 4847 1093 4904 ubi
1120 4848 1187 4905 ad
1217 4848 1429 4906 vitanda
1456 4849 1591 4906 bella
1610 4856 1668 4906 et
1685 4848 1883 4905 damna
1904 4848 2185 4906 Ecclesiae
2207 4866 2300 4906 ue-

718 4938 1021 4995 cessarium
1044 4938 1225 4995 luerit.
1251 4938 1357 4996 Sed
1380 4938 1559 5011 siquid
1580 4939 1743 4995 babet
1763 4938 2089 5005 huiusmodi,
2110 4955 2138 4994 a
2160 4940 2302 4995 Pou-

717 5028 856 5083 titice
892 5027 945 5085 id
972 5028 1294 5101 participat;
1327 5030 1667 5103 pertinetque
1695 5026 1763 5085 ad
1792 5028 2113 5089 indirectam
2145 5036 2297 5101 pote·

720 5121 915 5174 statem
963 5119 1121 5190 quasi
1162 5115 1559 5175 ministerialem
1599 5124 1655 5175 et
1694 5117 1951 5175 vicariam
1995 5118 2295 5193 Pontifiois,

2363 998 2494 1056 viles
2521 998 2792 1070 ferendas,
2824 997 2971 1071 quod
2999 1013 3146 1056 nuuc
3177 1004 3504 1055 tractamus.

2911 1174 3186 1244 CAPUT
3231 1176 3402 1244 vm.

2367 1369 2714 1428 Corollaria
2739 1386 2815 1427 ea:
2839 1386 2987 1445 prae
2995 1370 3222 1429 cedenti
3243 1368 3532 1433 doctrina.
3557 1369 3764 1443 quibus
3787 1375 3949 1443 pote-

2439 1466 2622 1517 testas
2641 1462 3022 1534 imperatoris
3051 1465 3106 1517 et
3133 1459 3325 1533 leyum
3351 1458 3614 1517 civilium
3625 1462 3778 1517 iuris
3790 1476 3947 1516 com-

2439 1553 2636 1607 munis
2661 1552 2856 1621 maqis
2883 1546 3245 1623 explicatur.

2923 1728 3397 1791 summariu-

2364 1916 2412 1965 1.
2442 1917 2716 1980 imperator
2755 1928 2846 1981 per
2873 1928 2992 1967 suas
3016 1915 3154 1980 leges
3179 1915 3407 1979 obligare
3431 1922 3597 1979 potest
3620 1921 3819 1966 tantum
3845 1923 3948 1966 ter-

2431 1998 2515 2036 ras
2541 1984 2761 2049 imperio'
2777 1998 2983 2036 romano
3005 1986 3280 2037 subiectas.
3307 2012 3378 2021 —
3401 1984 3452 2036 2.
3480 1986 3776 2037 Provinciae
3794 1987 3948 2050 impe-
4048 2010 4064 2025 ·

2433 2056 2510 2105 rio
2540 2056 2803 2105 subiectae
2829 2055 3018 2119 duplici
3043 2054 3189 2105 modo
3212 2054 3473 2127 differunt.
3502 2082 3571 2091 —
3594 2056 3671 2105 An
3695 2056 3950 2119 principes

2431 2125 2644 2189 imperio
2667 2124 2886 2175 subiecti
2911 2126 3102 2189 possint
3127 2125 3232 2175 suis
3257 2124 3456 2185 legibus
3473 2124 3720 2187 derogare
3739 2126 3952 2189 impera-

2431 2195 2596 2245 toriis.
2635 2222 2703 2230 —
2738 2196 2790 2245 3.
2826 2194 2878 2243 ln
2911 2196 3099 2258 quibus
3134 2194 3289 2244 terris
3325 2194 3552 2256 obligant
3579 2195 3717 2259 leges
3740 2196 3947 2253 civiles,

2431 2276 2561 2327 quae
2584 2263 2832 2315 dicuntur
2857 2265 2986 2315 iuris
3015 2264 3312 2315 communis,
3339 2291 3410 2300 —
3433 2264 3514 2314 lus
3537 2265 3691 2315 civile
3707 2276 3770 2313 ex
3788 2277 3878 2314 sua
3900 2266 3948 2313 vi

2431 2346 2530 2383 non
2554 2333 2747 2396 obligat
2773 2335 2823 2383 in
2849 2334 3128 2384 Lusitania.
3153 2360 3222 2369 -—-
3247 2335 3298 2383 41.
3328 2333 3490 2395 Leges
3511 2335 3689 2384 civiles
3715 2334 3949 2384 absolute

2430 2415 2528 2453 non
2563 2410 2685 2453 sunt
2712 2404 2763 2453 in
2798 2418 2897 2454 usu
2930 2404 2982 2453 in
3015 2404 3193 2454 Gallia.
3230 2430 3300 2439 --
3331 2403 3382 2453 5.
3420 2404 3494 2453 An
3530 2403 3832 2454 servandum
3857 2417 3950 2453 un·

2429 2485 2582 2536 quam
2604 2474 2893 2525 necessario
2925 2474 3004 2523 ius
3028 2474 3182 2524 civile
3207 2474 3259 2523 in
3283 2473 3538 2537 Hispania.
3559 2500 3628 2509 —
3653 2476 3704 2525 6.
3735 2473 3949 2523 Dubium

2431 2542 2680 2593 incidens.

2451 2705 2499 2759 1.
2531 2702 2609 2757 Ex
2639 2700 2803 2758 dictis
2825 2701 3180 2759 concluditur
3201 2704 3398 2774 primo,
3423 2702 3802 2773 imperatorem
3825 2700 3952 2772 qui-

2368 2788 2492 2847 dem
2533 2806 2692 2863 posse
2732 2791 2878 2864 leges
2914 2792 3098 2847 civiles
3140 2791 3406 2863 condere3
3448 2800 3762 2849 nontamen
3791 2806 3948 2862 posse

2371 2895 2466 2950 per
2493 2880 2608 2937 illas
2638 2880 2878 2953 obligare
2907 2887 3078 2937 totam
3106 2880 3430 2951 Ecclesiam,
3460 2880 3556 2937 sed
3587 2886 3796 2936 tantum
3820 2894 3947 2951 pro-

2373 2970 2579 3027 vincias
2618 2970 2839 3042 imperio
2882 2986 3104 3027 romano
3141 2970 3436 3029 subiectas.
3471 2971 3623 3026 Prior
3649 2985 3774 3042 pars
3799 2976 3951 3025 certa

2368 3065 2454 3115 est
2491 3057 2636 3130 apud
2678 3074 2897 3131 omnes,
2937 3062 3082 3132 quia·
3106 3060 3401 3130 imperator
3437 3061 3490 3115 in
3531 3060 3646 3115 suis
3685 3059 3842 3115 terris
3867 3065 3955 3114 est

2368 3150 2626 3221 princeps
2668 3165 2961 3221 supremus
2999 3150 3182 3223 quoad
3222 3150 3646 3207 iurisdictionem
3683 3156 3952 3220 tempora-

2369 3238 2470 3294 lem
2512 3238 2808 3307 directam
2851 3254 2983 3311 ergo
3015 3241 3244 3297 maxime
3271 3239 3410 3295 ferre
3440 3244 3618 3310 potest
3645 3238 3790 3311 leges
3817 3238 3951 3293 civi-

2367 3327 2466 3383 les.
2493 3329 2564 3385 Et
2590 3328 2692 3384 hoc
2719 3335 2937 3386 constat
2964 3344 3027 3385 ex
3049 3330 3168 3384 iure
3191 3328 3468 3385 communi
3499 3342 3776 3397 caesareo,
3801 3325 3954 3398 quod

2369 3418 2692 3474 auctoritate
2707 3418 3092 3488 imperatorum
3109 3418 3422 3475 institutum
3434 3424 3536 3489 est,
3549 3418 3793 3474 eamdem
3808 3417 3951 3472 enim

2369 3506 2746 3563 auctoritatem
2775 3506 2936 3563 habet
2963 3523 3110 3563 nunc
3140 3508 3500 3579 imperatorin
3523 3508 3682 3563 terris
3703 3506 3800 3561 sibi
3823 3507 3953 3561 sub-

2369 3597 2555 3667 iectis,
2600 3613 2766 3669 quam
2809 3598 2936 3654 olim
2967 3597 3234 3653 habebant
3271 3599 3628 3670 imperatores
3657 3597 3707 3651 in
3735 3612 3838 3652 suo
3877 3594 3956 3650 la-

2372 3686 2494 3744 tiori
2524 3687 2767 3758 imperio:
2799 3687 3098 3759 imperator
3125 3694 3308 3743 autem
3347 3703 3454 3743 non
3483 3685 3660 3743 solum
3689 3685 3828 3741 hauc
3859 3700 3954 3753 po-

2375 3782 2623 3832 testatem
2653 3775 2862 3842 babuit,
2895 3774 2990 3831 sed
3017 3778 3178 3833 etiam
3208 3774 3300 3831 illi
3327 3779 3487 3832 Deus
3513 3774 3665 3848 leqes
3687 3774 3948 3833 subiecit.

2371 3881 2616 3937 eumque
2639 3863 2820 3939 leqem
2839 3868 3176 3921 animatam
3199 3868 3520 3933 constituit,
3549 3871 3613 3921 ut
3632 3863 3766 3920 dicit
3791 3862 3952 3919 Iusti·

2373 3956 2564 4011 nianus
2588 3955 2637 4009 in
2662 3952 2992 4010 Anthentica
3013 3952 3084 4009 de
3101 3952 3452 4018 consulibus,
3471 3954 3622 4010 circa
3643 3954 3953 4009 finem.1mo

2375 4044 2424 4099 in
2457 4043 2494 4100 l.
2525 4050 2585 4115 2,
2613 4044 2673 4100 C.
2704 4042 2770 4099 de
2797 4050 2971 4099 veter.
3003 4045 3122 4100 iure
3149 4042 3341 4101 enucl.
3369 4043 3493 4102 Soli
3517 4040 3822 4117 imperiali
3845 4058 3955 4098 au-

2372 4136 2657 4194 ctoritati,
2691 4134 2789 4203 ait,
2819 4131 2970 4208 leqes
3013 4132 3278 4199 condere,
3325 4138 3381 4191 et
3413 4134 3796 4209 interpretari
3829 4146 3956 4187 esse

2371 4238 2729 4281 concessum.
2760 4222 2830 4278 Et
2854 4221 2996 4279 idem
3025 4223 3136 4279 sere
3161 4222 3326 4281 babet
3351 4224 3401 4279 in
3429 4223 3466 4279 l·.
3506 4228 3554 4295 1,
3585 4230 3642 4279 et
3668 4222 3768 4279 ult.
3799 4219 3861 4276 C.
3887 4220 3956 4277 de

2371 4312 2602 4384 legibus.
2634 4312 2900 4385 Loquitur
2933 4319 3112 4369 tamen
3152 4314 3206 4369 in
3247 4312 3435 4369 ordine
3475 4312 3541 4370 ad
3582 4312 3815 4386 populos
3854 4311 3954 4368 sibi

2371 4402 2648 4458 subiectos
2671 4440 2686 4469 ,
2719 4407 2782 4457 ut
2810 4402 3122 4473 saepissime
3145 4402 3260 4459 aliis
3289 4401 3425 4459 locis
3447 4401 3719 4472 declarat,
3751 4417 3874 4457 nam
3897 4401 3952 4456 in

2371 4506 2473 4547 suo
2505 4492 2728 4563 imperio
2757 4507 2816 4547 se
2845 4498 3058 4548 tantum
3099 4490 3432 4565 agnoscebat
3466 4494 3520 4547 in
3564 4491 3951 4564 temporalibus

2375 4596 2716 4652 supremum,
2738 4578 2929 4637 eadem
2949 4596 3082 4653 ergo
3112 4587 3353 4652 potestas
3382 4596 3528 4637 nunc
3549 4580 3708 4637 estin
3729 4581 3956 4652 impera·

2372 4675 2490 4726 tore
2519 4685 2646 4725 cum
2673 4668 2861 4726 eadem
2891 4671 3255 4742 proportione.
3281 4669 3433 4728 Unde
3453 4670 3608 4727 facile
3627 4672 3790 4727 etiam
3813 4674 3961 4742 patet

2375 4760 2546 4817 altera
2574 4775 2703 4832 pars
2730 4776 2796 4817 ex
2823 4758 3006 4827 dictis,
3038 4775 3160 4816 nam
3189 4767 3470 4817 ostensum
3491 4766 3598 4831 est,
3621 4775 3729 4815 non
3759 4758 3955 4815 babere

2373 4851 2754 4921 imperatorem
2771 4864 3056 4905 romanum
3073 4849 3348 4921 propriam
3368 4847 3798 4906 iurisdictionem
3820 4855 3958 4904 tem-

2371 4938 2614 5010 poralem
2642 4939 2696 4994 in
2735 4938 3044 4995 universam
3084 4938 3410 5012 Ecclesiam,
3453 4955 3584 5013 ergo
3627 4956 3730 4996 non
3775 4946 3958 5013 potest

2372 5033 2540 5084 totam
2583 5028 2726 5084 illam
2767 5028 2882 5084 suis
2921 5028 3130 5101 legibus
3159 5029 3434 5104 obligare,
3464 5029 3561 5086 sed
3589 5036 3800 5087 tantum
3831 5044 3959 5101 pro-

2373 5116 2576 5175 vincias
2605 5116 2707 5175 sibi
2734 5117 3026 5175 subiectas.
