4325 6267
791 309 918 375 288·

709 454 963 511 omnibus
998 452 1236 523 civibus,
1270 459 1331 510 ut
1366 451 1500 510 tales
1529 458 1690 519 sunt,
1721 458 1778 509 et
1810 456 1895 509 est
1930 453 2074 509 iusta
2111 455 2166 509 et
2198 449 2296 506 ho-

708 552 894 618 nesta,
916 552 971 601 et
996 544 1123 601 nibil
1148 544 1391 600 continet
1424 549 1617 600 contra
1646 542 1952 599 decentiam
1990 541 2075 598 vel
2118 556 2302 598 exem-

709 637 943 709 ptionem
973 633 1331 692 ecclesiastici
1370 638 1579 704 status,
1612 633 1704 690 sed
1736 635 1917 706 potius
1946 633 2090 690 illam
2126 631 2296 701 fovet,

708 726 915 783 etiamsi
956 724 1225 783 interdum
1265 740 1373 781 non
1413 725 1563 781 iuvet
1601 724 1668 781 ad
1710 725 1997 782 utilitatem
2022 731 2300 797 tempora-

710 816 849 887 lem,
878 832 1017 890 quae
1059 816 1112 871 in
1151 814 1242 873 tali
1280 830 1418 872 casu
1456 813 1859 872 considerabilis
1900 831 2008 871 non
2045 823 2150 872 est.
2183 816 2298 871 Hoc

711 913 859 980 patet
882 906 1170 979 exemplis,
1194 906 1248 962 in
1288 906 1405 979 lege
1433 913 1647 963 taxante
1674 908 1909 979 pretium
1943 907 2109 965 tritici
2138 913 2196 964 et
2231 908 2303 961 si-

712 997 918 1055 milium
958 1012 1183 1070 rerum,
1225 996 1275 1053 in
1314 996 1431 1069 lege
1469 996 1785 1069 prohibente
1828 997 2038 1055 extrahi
2067 1013 2098 1054 a
2125 1012 2298 1070 regno

711 1106 799 1146 res
838 1088 1177 1147 necessarias
1221 1086 1586 1159 reipublicae,
1617 1088 1701 1145 vel
1744 1088 2063 1159 prohibente
2091 1086 2300 1144 deferre

712 1196 865 1237 arma
902 1186 1106 1251 noctu,
1148 1185 1205 1236 et
1243 1177 1527 1237 similibus.
1560 1179 1627 1235 Et
1667 1180 1802 1237 ratio
1842 1187 1929 1236 est
1967 1180 2148 1250 clara,
2179 1178 2304 1252 quia

712 1287 1007 1329 commune
1034 1270 1239 1328 bonum
1268 1268 1533 1341 civitatis,
1571 1275 1632 1326 ut
1668 1269 1773 1327 tale
1798 1278 1883 1327 est
1908 1313 1923 1342 ,
1949 1270 2181 1327 maxime
2211 1286 2305 1326 ca-

712 1361 793 1419 dit
820 1361 922 1418 sub
950 1359 1326 1433 obligationem
1346 1402 1361 1429 ,
1384 1366 1440 1417 et
1464 1358 1717 1419 omnibus
1739 1360 1853 1417 aliis
1877 1358 2302 1432 praeferendum

714 1459 816 1509 est.
850 1449 1003 1509 Unde
1032 1451 1160 1522 quia
1188 1464 1283 1522 per
1312 1449 1408 1506 has
1436 1449 1581 1522 leges
1610 1465 1705 1521 per
1742 1465 1800 1505 se
1829 1451 2002 1521 primo
2030 1465 2302 1523 procura-

715 1550 837 1611 tur,
865 1548 923 1597 et
957 1539 1157 1614 alioqui
1198 1555 1305 1595 non
1342 1546 1470 1596 sunt
1508 1545 1704 1597 contra
1742 1539 1999 1611 specialia
2027 1543 2182 1613 iura,
2217 1542 2300 1598 vel

713 1631 987 1704 privilegia
1006 1630 1339 1688 clericorum
1357 1672 1371 1701 ,
1398 1636 1459 1687 ut
1478 1630 1837 1702 supponitur3
1866 1629 1982 1687 ideo
2003 1632 2055 1688 in
2076 1634 2153 1688 eis
2179 1632 2299 1688 nul-

711 1721 765 1779 la
790 1725 875 1778 est
900 1720 1038 1777 ratio
1066 1719 1445 1792 exemptionis,
1477 1717 1573 1776 sed
1609 1720 1825 1794 omnia,
1858 1736 1998 1793 quae
2034 1720 2291 1793 diximus,

711 1811 765 1869 in
791 1811 895 1867 illis
923 1810 1153 1867 maxime
1182 1810 1367 1866 locum
1394 1809 1613 1867 habent.

794 1905 882 1959 19.
913 1904 989 1958 De
1026 1901 1219 1959 ceteris
1244 1916 1373 1956 vero
1400 1898 1609 1973 legibus
1643 1916 1753 1958 nou
1784 1907 1870 1959 est
1890 1908 2001 1960 tam
2042 1910 2199 1961 certa
2227 1904 2301 1961 si-

710 1992 849 2051 milis
874 1990 1137 2066 generalis
1164 1990 1381 2064 regula3
1409 2006 1533 2047 nam
1564 1997 1821 2048 auctores
1852 1993 2001 2049 citati
2030 1993 2192 2050 variis
2218 1993 2298 2051 di-

712 2082 1093 2141 stinctionibus
1133 2088 1400 2155 utuntur,
1431 2087 1486 2163 et
1512 2084 1802 2155 praecipue
1833 2084 2087 2141 videntur
2116 2084 2300 2159 requi-

708 2190 861 2247 rere,
892 2183 957 2231 ut
982 2172 1119 2230 tales
1158 2173 1301 2245 leges
1328 2171 1634 2255 redundent
1660 2174 1716 2230 in
1742 2176 2094 2234 commodum
2120 2177 2302 2234 eccle·-

712 2260 1247 2335 tiiasticorum3‘nam
1276 2263 1321 2318 si
1360 2262 1754 2335 praeiudicium
1786 2264 2041 2335 afferant,
2072 2282 2180 2323 non
2209 2282 2302 2323 va·

712 2354 923 2412 lebunt.
952 2353 1133 2426 Aliqui
1174 2354 1340 2409 etiam
1379 2352 1691 2424 postulant,
1724 2360 1788 2410 ut
1824 2354 1975 2427 leges
2020 2362 2302 2413 vertentur

712 2447 863 2503 circa
898 2450 1219 2524 contractus
1259 2442 1529 2501 laicorum
1565 2444 1755 2502 saltem
1794 2461 1859 2503 ex
1890 2452 2078 2520 parte,
2108 2446 2163 2503 id
2191 2454 2294 2514 est,

704 2536 836 2605 ‚laici
863 2552 995 2593 cum
1019 2534 1219 2591 clerico
1236 2577 1251 2608 ,
1277 2541 1374 2591 aut
1401 2550 1431 2591 e
1461 2549 1757 2607 converso;
1788 2551 1897 2593 non
1924 2552 2059 2593 vero
2088 2537 2133 2593 si
2160 2537 2294 2593 fiant

712 2628 853 2684 inter
898 2627 1045 2699 ipsos
1092 2624 1325 2681 clericos
1372 2624 1512 2683 inter
1559 2641 1636 2681 se.
1678 2625 1802 2683 nihi
1850 2633 2032 2683 tamen
2084 2626 2301 2683 videtur

714 2716 895 2790 quoad
925 2716 1161 2789 priorem
1188 2721 1419 2787 partem,
1450 2714 1755 2772 cavendum
1782 2731 1925 2787 esse,
1955 2731 2021 2773 ne
2049 2715 2135 2773 lex
2162 2716 2302 2774 dire-

714 2815 804 2866 cte
832 2806 915 2864 vel
942 2806 1201 2865 indirecte
1228 2803 1412 2862 tendat
1440 2804 1506 2861 ad
1536 2805 1921 2878 imponendum
1960 2823 2103 2863 onus
2140 2806 2300 2864 cleri-

714 2900 831 2972 cis,
872 2896 953 2955 vel
992 2894 1315 2969 privandum
1356 2894 1474 2953 illos
1516 2895 1696 2971 aliqua
1734 2897 2017 2970 libertate,
2048 2905 2145 2955 aut
2185 2898 2300 2956 iure

712 2987 815 3045 sibi
854 3001 1151 3060 concess03
1195 3002 1320 3042 nam
1360 2992 1491 3042 tunc
1532 2988 1635 3044 iam
1678 2993 1826 3043 esset
1866 2986 1951 3044 lex
1992 2988 2304 3061 iniusta,et

714 3087 907 3138 contra
934 3077 1325 3135 immunitatem
1351 3075 1807 3134 ecclesiasticam:
1843 3076 1886 3132 si
1914 3085 2097 3134 autem
2127 3078 2212 3134 lex
2239 3094 2300 3135 re

713 3185 844 3228 vera
882 3170 954 3225 sit
989 3169 1162 3238 iusta,
1204 3174 1262 3223 et
1298 3165 1594 3239 generalis,
1636 3181 1744 3222 non
1781 3173 1869 3222 est
1897 3167 2206 3225 curandum
2233 3168 2300 3224 de

715 3258 1138 3332 particularibus
1166 3256 1521 3314 incommodis
1550 3255 1936 3328 temporalibus
1956 3300 1969 3327 ,
2000 3272 2139 3329 quae
2170 3264 2302 3315 sunt

714 3366 813 3423 per
839 3349 1125 3421 accidens3
1158 3363 1282 3403 nam
1310 3346 1445 3403 tales
1474 3346 1619 3419 leges
1660 3344 1935 3403 interdum
1972 3347 2190 3417 iuvant,
2219 3348 2302 3403 in-

714 3438 933 3499 terdum
955 3440 1257 3513 impediunt
1277 3436 1594 3509 temporalia
1616 3436 1902 3493 commoda
1922 3478 1937 3509 ,
1961 3444 2025 3494 ut
2043 3438 2194 3510 quod
2219 3444 2298 3493 te-

716 3534 1044 3588 stamenfum
1072 3530 1256 3585 minus
1298 3526 1535 3583 solemne
1577 3541 1687 3582 non
1726 3528 1795 3583 sit
1830 3525 2105 3598 'validum,
2136 3542 2301 3599 saepe

716 3622 821 3677 erit
845 3626 1041 3678 contra
1069 3618 1405 3675 voluntatem
1446 3616 1755 3673 testatoris:
1804 3616 2018 3689 saepius
2054 3631 2184 3673 vero
2219 3624 2305 3674 est

715 3710 792 3767 illi
819 3709 949 3767 utile
976 3714 1200 3780 propter
1228 3706 1481 3781 fraudes,
1510 3722 1653 3780 quae
1674 3708 1943 3764 committi
1967 3707 2161 3764 solent.
2194 3710 2304 3766 Un-

716 3798 784 3856 de
811 3800 1004 3857 merito
1032 3814 1065 3855 a
1090 3800 1467 3855 Panormitano
1486 3805 1546 3855 et
1572 3797 1687 3854 aliis
1708 3797 2028 3855 adnotatum
2054 3804 2158 3873 est,
2194 3816 2302 3855 non

716 3904 879 3963 posse
906 3889 1014 3947 dici
1039 3888 1216 3962 legem
1244 3903 1560 3960 onerosam,
1589 3903 1731 3961 quae
1771 3886 2083 3945 secundum
2123 3888 2302 3945 varias

715 3980 1065 4053 occasiones,
1095 3985 1152 4036 et
1176 3979 1307 4037 facti
1334 3977 1633 4035 accidentia
1658 3984 1837 4052 potest
1862 3994 1983 4035 esse
2013 3979 2190 4051 utilis,
2215 3977 2299 4037 vel

716 4071 977 4129 damnosa
996 4115 1009 4141 ,
1033 4078 1091 4127 et
1114 4072 1169 4127 in
1195 4086 1260 4126 ea
1286 4068 1631 4144 generalitate
1661 4069 1766 4126 lata
1792 4076 1897 4140 est,
1929 4077 2094 4141 prout
2116 4085 2299 4127 mora-

716 4162 837 4219 liter
870 4168 927 4217 et
962 4160 1303 4234 frequentius
1343 4157 1561 4232 expedit
1594 4159 1737 4215 bono
1784 4158 2065 4216 communi
2092 4200 2108 4232 ,
2138 4166 2306 4233 atque

717 4254 882 4310 etiam
914 4250 1261 4325 singulorum
1288 4248 1359 4307 ad
1386 4247 1661 4306 evitandas
1684 4246 1904 4305 fraudes
1927 4253 1983 4306 et
2004 4246 2143 4320 lites3
2170 4264 2304 4322 ergo

717 4341 931 4414 quoties
960 4340 1045 4398 lex
1074 4340 1192 4397 talis
1220 4341 1416 4421 fuerit,
1438 4346 1493 4397 et
1518 4337 1768 4395 babuerit
1794 4337 1927 4395 alias
1956 4337 2297 4396 conditiones

717 4431 1047 4507 honestatiS,
1078 4438 1133 4489 et
1158 4431 1425 4503 iustitiae,
1458 4444 1524 4485 ac
1553 4428 2007 4501 universalitatis,
2039 4427 2304 4503 obligabit

719 4521 957 4581 clericos
976 4566 991 4595 ,
1018 4534 1127 4579 non
1154 4520 1402 4579 obstante
1438 4517 1751 4593 particulari
1780 4516 2067 4592 temporali
2093 4520 2305 4577 incom-

718 4611 881 4671 modo
913 4611 1321 4670 accidentaliter
1342 4617 1687 4668 occurrente.
1713 4610 1903 4679 Quoad
1926 4610 2149 4668 alteram
2173 4627 2303 4668 vero

720 4709 934 4776 partem
960 4719 1067 4759 non
1087 4702 1353 4774 existimo,
1376 4716 1496 4758 esse
1523 4702 1889 4758 necessariam
1911 4700 2301 4774 limitationem,

724 4795 771 4849 si
800 4793 849 4849 in
889 4791 1083 4849 ceteris
1119 4792 1322 4849 iustitia
1356 4790 1487 4865 legis
1520 4797 1791 4849 servetur.
1821 4792 1957 4858 Quia
1994 4791 2156 4849 etiam
2193 4791 2304 4847 cle-

720 4884 850 4956 rici,
881 4882 1099 4956 quando
1136 4881 1227 4939 ille
1253 4878 1413 4940 modo
1452 4882 1591 4940 inter
1630 4898 1689 4940 se
1715 4879 2087 4951 contrahunt„
2109 4896 2215 4936 non
2243 4896 2303 4938 se

722 4980 925 5045 gerunt
950 4979 1012 5029 ut
1037 4971 1247 5041 clerici,
1279 4970 1373 5029 sed
1400 4979 1463 5029 ut
1487 4972 1656 5043 cives,
1685 4976 1741 5027 et
1766 4969 2044 5028 communi
2074 4971 2194 5026 iure
2222 4970 2300 5026 ci-

724 5063 813 5120 vili
851 5062 933 5119 uti
974 5062 1189 5120 debent.
1220 5063 1291 5119 Ut
1326 5068 1477 5119 recte
1512 5062 1819 5136 explicatur
1854 5061 1907 5117 in
1933 5060 2053 5133 lege
2083 5065 2299 5116 taxante

725 5154 1001 5225 triticum3
1033 5169 1158 5209 nam
1186 5152 1317 5209 licet
1342 5152 1583 5209 clericus
1606 5150 1803 5210 vendat
1822 5150 2046 5222 clerico,
2078 5166 2298 5207 servare

724 5244 883 5311 debet
908 5244 1117 5320 legem3
1148 5250 1203 5301 et
1228 5241 1367 5301 idem
1395 5242 1559 5301 credo
1579 5257 1701 5301 esse
1720 5243 1773 5299 in
1798 5247 2143 5317 testamento,
2171 5241 2303 5301 licet

2163 324 2368 375 LIBER
2393 324 2500 374 111.

2372 449 2608 508 clericus
2641 451 2892 509 instituat
2912 450 3200 510 haeredem
3223 452 3487 512 clericum
3503 496 3519 527 ,
3543 453 3702 513 debet
3722 456 3867 513 enim
3892 462 3974 513 te-

2373 547 2706 599 stamentum
2731 558 2854 599 esse
2881 542 3121 601 solemne
3140 586 3154 615 ,
3181 550 3242 600 ut
3262 544 3467 617 valeat,
3492 544 3710 603 seclusa
3731 546 3964 620 speciali

2376 632 2584 689 ratione
2611 632 2726 704 piae
2755 648 2984 702 causae,
3015 640 3072 691 et
3099 634 3176 691 sic
3203 633 3271 692 de
3299 634 3437 692 aliis.

2451 726 2544 779 20.
2576 720 2814 780 Tandem
2841 724 3169 796 interrogari
3197 731 3410 798 potest,
3451 726 3519 785 de
3546 726 3746 800 quibus
3775 743 3971 800 perso·

2374 814 2456 869 nis
2486 814 2875 871 ecclesiasticis
2904 814 3250 887 intelligenda
3277 818 3348 871 sit
3367 816 3630 874 resolutio
3653 817 3966 890 praedicta.

2371 904 2430 961 In
2454 919 2566 977 quo
2587 904 2820 965 breviter
2841 904 2964 961 dico
2986 948 3000 977 ,
3022 904 3392 978 excipiendam
3413 906 3464 961 in
3489 906 3672 979 primis
3697 920 3820 964 esse
3841 922 3970 979 per-

2379 1001 2568 1050 sonam
2605 996 2803 1053 summi
2842 996 3118 1053 Pontificis
3137 1039 3152 1066 ,
3180 1011 3322 1069 quae
3348 998 3470 1054 iure
3499 997 3682 1055 divino
3709 1000 3768 1054 in
3795 1000 3970 1057 omni-

2372 1081 2478 1139 bus
2504 1125 2519 1155 ,
2549 1091 2607 1140 et
2633 1100 2732 1157 per
2759 1086 2936 1143 omnia
2963 1093 3212 1159 exempta
3237 1095 3322 1145 est
3348 1104 3381 1145 a
3405 1095 3674 1161 potestate
3701 1088 3867 1162 civili,
3906 1098 3969 1148 ut

2373 1189 2523 1231 nunc
2547 1190 2819 1247 suppon03
2839 1175 2983 1234 unde
3006 1176 3341 1251 nullasleges
3364 1178 3548 1235 civiles
3562 1179 3787 1237 alterius
3810 1183 3961 1252 prin-

2371 1264 2506 1336 cipis
2537 1280 2756 1323 servare
2785 1273 3028 1339 tenetur,
3059 1283 3166 1324 non
3195 1268 3374 1326 solum
3411 1270 3539 1343 quia
3557 1286 3705 1327 nunc
3735 1272 3849 1344 ipse
3879 1279 3971 1329 est

2373 1370 2666 1426 supremus
2705 1356 2756 1413 in
2799 1357 3188 1428 temporalibus
3227 1360 3278 1415 in
3319 1362 3433 1416 suis
3463 1364 3649 1433 terris,
3683 1362 3780 1419 sed
3805 1364 3968 1419 etiam

2371 1432 2523 1501 ex‘vi
2551 1461 2683 1501 suae
2714 1447 2988 1521 dignitatis
3015 1449 3335 1521 spiritualis,
3361 1457 3423 1508 ut
3449 1453 3502 1508 in
3533 1453 3686 1509 dicto
3715 1459 3963 1513 tractatu

2370 1542 2648 1593 ostensum
2675 1544 2779 1594 est.
2813 1538 2964 1595 Unde
2994 1538 3126 1597 licet
3151 1541 3390 1597 Pontifex
3420 1550 3734 1600 versaretur
3763 1544 3814 1599 in
3840 1543 3970 1601 alie·

2371 1642 2443 1682 no
2473 1642 2638 1701 regno
2659 1670 2673 1698 ,
2696 1644 2805 1684 non
2835 1636 3114 1687 teneretur
3135 1630 3283 1704 leges
3305 1631 3493 1689 civiles
3511 1630 3654 1689 illius
3676 1636 3831 1705 regni
3851 1648 3967 1689 ser-

2367 1732 2528 1789 vare,
2573 1718 2722 1791 quod
2761 1720 3009 1777 existimo
3049 1735 3242 1778 verum
3283 1738 3390 1777 non
3431 1723 3611 1781 solum
3651 1724 3707 1780 in
3733 1724 3785 1780 vi
3815 1738 3975 1797 prae-

2369 1808 2516 1880 cepti
2547 1815 2600 1865 et
2629 1807 2986 1882 obedientiae,
3019 1815 3082 1867 ut
3108 1811 3305 1883 probat
3329 1812 3465 1869 ratio
3487 1811 3652 1885 facta,
3683 1812 3780 1871 sed
3805 1814 3970 1871 etiam

2368 1912 2436 1953 ex
2467 1898 2627 1955 titulo
2659 1899 2912 1956 servandi
2943 1901 3362 1959 uniformitatem
3391 1918 3520 1959 cum
3551 1900 3640 1959 tali
3665 1904 3972 1961 communi-

2371 1995 2480 2045 tate
2503 2032 2518 2063 ,
2552 1990 2684 2061 quia
2722 1996 2808 2047 est
2843 2006 3074 2062 persona
3107 1991 3243 2050 adeo
3281 1992 3588 2067 excellens,
3620 2000 3684 2050 ut
3708 2010 3774 2051 ex
3801 1996 3854 2051 vi
3882 2010 3972 2051 ra-

2371 2078 2531 2135 tionis
2561 2095 2670 2137 non
2701 2087 2938 2154 cogatur
2965 2096 3085 2138 sese
3113 2082 3529 2163 accommodare
3567 2084 3788 2141 statutis
3814 2076 3972 2141 et'le-

2369 2170 2529 2242 gibus
2559 2161 2784 2227 suorum
2813 2171 3165 2247 inferiorum,
3193 2181 3256 2231 ut
3283 2175 3336 2230 in
3363 2175 3541 2249 capite
3586 2177 3842 2249 sequenti
3873 2178 3970 2233 ite-

2369 2275 2496 2317 rum
2525 2260 2788 2319 dicemus.
2821 2260 3022 2320 Deinde
3049 2262 3393 2336 excipiendae
3423 2272 3553 2322 sunt
3575 2266 3842 2323 ecclesiae
3869 2282 3970 2324 seu

2369 2352 2790 2411 communitates
2829 2353 3264 2426 ecclesiasticae,
3295 2371 3359 2412 ac
3390 2358 3475 2429 pia
3513 2356 3665 2429 loca,
3696 2364 3972 2429 quatenus

2370 2442 2553 2515 aliquo
2583 2443 2803 2515 speciali
2837 2444 3104 2518 privilegio
3133 2444 3404 2519 gaudent,
3437 2448 3644 2505 ratione
3670 2449 3833 2506 cuius
3861 2450 3971 2506 dis-

2365 2532 2562 2603 positio
2593 2533 2722 2606 legis
2750 2550 2858 2591 non
2886 2541 3067 2606 potest
3093 2533 3159 2591 ad
3191 2535 3278 2592 illa
3315 2538 3756 2610 accommodari,
3789 2547 3856 2597 ut
3885 2548 3973 2598 est

2369 2620 2436 2678 de
2465 2622 2801 2681 institutione
2831 2626 3010 2682 minus
3039 2625 3301 2698 solemni,
3335 2635 3390 2686 et
3417 2628 3630 2687 similia.
3653 2630 3791 2687 Nam
3833 2638 3970 2687 tunc

2371 2718 2458 2767 est
2498 2713 2790 2783 peculiaris
2831 2717 2968 2771 ratio
3013 2716 3399 2789 exemptionis,
3441 2724 3497 2774 et
3537 2719 3610 2775 ita
3635 2735 3744 2775 non
3771 2736 3972 2793 proce-

2371 2800 2513 2858 dunt
2531 2802 2733 2875 omnia,
2759 2820 2900 2876 quae
2922 2804 3175 2862 diximus.
3203 2804 3460 2881 Idemque
3481 2809 3587 2864 erit
3608 2806 3678 2867 de
3697 2824 3972 2883 quacum·

2371 2906 2479 2963 que
2507 2907 2739 2963 persona
2763 2894 2816 2949 in
2835 2894 3104 2967 spirituali
3125 2894 3381 2968 dignitate
3404 2898 3706 2957 constituta
3723 2944 3737 2971 ,
3763 2900 3855 2958 cui
3877 2916 3975 2956 an-

2373 2996 2576 3039 nexum
2597 2983 2671 3038 sit
2693 2982 2862 3039 simile
2891 2983 3251 3058 privilegium:
3269 2985 3416 3059 quod
3438 2978 3578 3045 idem
3597 2997 3745 3046 esset
3767 2991 3822 3045 in
3845 3006 3972 3062 per-

2373 3086 2508 3129 sona
2527 3078 2584 3129 et
2603 3071 2866 3147 dignitate
2889 3072 3059 3147 laica,
3091 3077 3139 3131 si
3166 3076 3326 3133 talem
3346 3075 3463 3134 dari
3483 3079 3778 3152 contingat.
3813 3080 3968 3137 Tunc

2373 3169 2558 3220 autem
2585 3163 2731 3221 sicut
2771 3164 2888 3220 talis
2918 3167 3282 3223 communitas
3309 3168 3394 3224 vel
3425 3183 3657 3240 persona
3688 3184 3800 3225 non
3828 3168 3970 3225 obli·

2369 3259 2533 3325 gatur
2571 3252 2688 3327 lege
2725 3254 2869 3309 civili
2907 3269 2972 3311 ex
3014 3256 3066 3311 vi
3105 3257 3380 3328 praecepti
3405 3265 3463 3314 et
3491 3256 3862 3329 obedientiae,
3896 3259 3974 3316 ita

2372 3344 2535 3398 etiam
2563 3358 2665 3399 nec
2707 3351 2929 3416 propter
2956 3346 3446 3403 considerationem
3476 3348 3861 3406 uniformitatis
3889 3356 3972 3407 te·

2371 3438 2537 3488 netur
2572 3432 2694 3487 illas
2734 3436 2986 3507 servare,
3031 3436 3159 3507 quia
3185 3436 3330 3492 iusta
3357 3437 3627 3509 exemptio
3655 3437 3800 3495 tollit
3828 3436 3971 3495 banc

2373 3522 2762 3596 obligationem
2777 3565 2792 3594 ,
2817 3532 2880 3581 ut
2904 3540 3070 3597 supra
3091 3526 3522 3598 argumentando
3545 3527 3838 3599 probatum
3860 3535 3968 3585 est.

2371 3614 2432 3669 ln
2461 3612 2690 3686 reliquis
2717 3620 2902 3670 autem
2922 3614 3312 3675 ecclesiasticis
3335 3619 3585 3688 personis
3607 3617 3858 3675 doctrina
3876 3634 3974 3691 ge-

2373 3703 2629 3760 neraliter
2661 3704 2940 3777 procedit,
2971 3720 3080 3761 non
3111 3712 3321 3763 tantum
3347 3709 3401 3763 in
3429 3706 3838 3779 saecularibus,
3871 3708 3974 3765 sed

2373 3795 2540 3850 etiam
2568 3793 2619 3849 in
2647 3793 2940 3867 religiosis,
2971 3810 3074 3851 nec
3103 3802 3316 3852 tantum
3337 3796 3388 3852 in
3411 3796 3658 3871 personis
3678 3800 3848 3869 veris,
3869 3798 3974 3855 sed

2376 3884 2540 3939 etiam
2568 3883 2620 3939 in
2648 3883 2787 3940 fictis
2811 3926 2825 3955 ,
2855 3882 2908 3941 id
2935 3890 3052 3955 est,
3080 3886 3562 3943 communitatibus
3599 3887 3975 3944 contrabenti-

2377 3974 2512 4044 buS,
2545 3974 2628 4029 vel
2669 3974 3024 4045 operantibus
3065 3989 3161 4045 per
3198 3974 3424 4034 modum
3448 3976 3615 4034 unius
3643 3977 3804 4034 civis.
3835 3979 3976 4035 Nam

2377 4061 2447 4119 de
2475 4062 2726 4120 omnibus
2767 4071 2855 4121 est
2893 4064 3132 4138 aequalis
3159 4067 3330 4139 ratio,
3363 4067 3632 4125 servando
3660 4070 3977 4141 proportio-

2375 4168 2498 4209 nem
2517 4195 2532 4228 ,
2553 4160 2610 4211 et
2633 4154 2987 4227 supponendo
3001 4194 3019 4229 ,
3039 4154 3191 4229 quod
3212 4156 3518 4215 observatio
3540 4157 3664 4215 talis
3687 4156 3822 4230 legis
3848 4162 3977 4216 uni-

2378 4244 2580 4316 cuique
2621 4246 2768 4302 iusta
2808 4245 2903 4318 sit,
2945 4252 3002 4303 et
3039 4262 3148 4303 non
3181 4254 3450 4323 repugnet
3474 4247 3756 4307 decentiae
3783 4257 3841 4307 et
3867 4250 3978 4308 im·

2376 4336 2629 4393 munitati
2659 4336 3100 4411 uniuscuiusque
3129 4343 3331 4396 status.
3371 4362 3376 4367 ·

2881 4512 3158 4583 CAPUT
3187 4514 3463 4585 XXXV.

2533 4698 2744 4756 Utrum
2772 4692 3083 4770 leqislator
3113 4700 3240 4756 suis
3269 4697 3494 4773 leqibus
3521 4698 3825 4775 obliyetur.

2951 4863 3408 4928 summarium

2372 5035 2422 5085 1.
2451 5033 2553 5085 Lex
2579 5035 2680 5085 lata
2702 5046 2732 5085 a
2755 5038 3119 5089 communitate
3143 5038 3337 5103 obligat
3361 5053 3534 5092 omnes
3557 5042 3718 5107 ipsius
3735 5054 3970 5097 commu-

2439 5106 2636 5155 nitatis.
2669 5131 2737 5141 -
2765 5104 2817 5156 2.
2854 5107 3100 5159 Praesens
3133 5110 3364 5172 quaestio
3397 5118 3477 5161 est
3508 5111 3575 5161 de
3611 5114 3842 5179 principe
3881 5117 3972 5165 vel

2442 5176 2689 5238 praelato,
2716 5182 2770 5225 et
2794 5176 2859 5225 de
2885 5176 3104 5239 legibuS,
3125 5191 3255 5241 quae
3274 5180 3522 5231 rationem
3544 5179 3734 5233 habent
3759 5186 3980 5235 univer·-

2441 5246 2602 5299 salem
2624 5252 2677 5297 et
2701 5256 3015 5299 communem
3039 5248 3278 5316 principi,
3309 5257 3365 5301 ut
3389 5251 3444 5302 in
3467 5252 3682 5317 pretiis,
3717 5268 3820 5309 non
3843 5268 3982 5310 vero
