4325 6267
1343 860 1908 979 LIBER
2027 860 2743 982 PRIMUS

1999 1102 2219 1110 -——-

685 1521 784 1601 DE
853 1520 1054 1603 LEGE
1107 1518 1188 1601 ΙΝ
1245 1518 1598 1600 COMMUNI
1665 1519 1996 1616 EIUSQUE
2055 1520 2378 1601 NATURA
2432 1519 2703 1601 CAUSIS
2758 1521 2861 1600 ET
2918 1520 3404 1603 EFFEGTIBUS

1841 1742 2209 1750 ——--———

483 2306 544 2361 ln
579 2304 684 2360 hoc
711 2304 888 2376 primo
919 2304 1056 2361 libro
1074 2348 1088 2374 ,
1121 2304 1385 2363 servando
1411 2306 1698 2363 doctrinae
1726 2306 1993 2376 ordinem,

405 2394 596 2450 solum
623 2392 692 2449 de
719 2394 956 2467 generali
985 2395 1191 2453 ratione
1218 2394 1352 2468 legis
1378 2395 1813 2468 disputabimus3
1841 2412 1997 2469 prae-

405 2484 694 2541 mittemus
723 2490 903 2540 tamen
929 2480 1246 2541 divisionem
1277 2484 1416 2559 legis
1441 2488 1495 2541 in
1524 2484 1764 2542 membra
1787 2502 1911 2557 sua,
1937 2491 1996 2541 ut

407 2571 594 2645 aliqua
620 2588 818 2629 eorum
845 2573 1032 2631 notitia
1063 2573 1258 2631 saltem
1285 2575 1519 2631 confusa
1549 2574 1832 2632 habeatur.
1860 2575 1996 2643 Quia

403 2664 534 2720 licet
570 2664 625 2719 in
665 2662 771 2719 hoc
817 2662 952 2719 libro
992 2679 1056 2719 ea
1086 2664 1373 2721 tractanda
1401 2665 1506 2720 sint
1527 2706 1542 2736 ,
1575 2680 1716 2737 quae
1745 2664 1994 2723 omnibus

401 2751 618 2826 legibus
657 2753 866 2809 suerint
903 2752 1245 2825 communia,
1276 2753 1644 2811 abstrahendo
1673 2753 1994 2826 quoad'fleri

402 2842 576 2913 possit
602 2842 670 2898 ab
698 2842 809 2905 his,
843 2854 987 2915 quae
1015 2842 1242 2914 singulis
1271 2844 1561 2915 speciebus
1592 2851 1722 2902 sunt
1748 2848 1990 2916 propria,

399 2930 754 2987 nihilominus
795 2946 958 3003 saepe
999 2931 1274 3003 oportebit
1314 2934 1622 3005 specierum
1662 2936 1993 2990 mentionem

397 3018 610 3085 facere,
645 3028 707 3076 ut
734 3036 830 3089 ea,
863 3037 1004 3094 quae
1043 3024 1356 3079 communia
1384 3029 1550 3090 sunt,
1581 3021 1778 3079 melius
1805 3023 1991 3079 intelli-

397 3116 638 3181 gantur,
680 3117 739 3166 et
781 3110 902 3169 ideo
943 3125 1168 3168 necesse
1207 3116 1330 3184 est,
1363 3117 1426 3167 ut
1451 3109 1517 3167 de
1545 3111 1828 3181 speciebus
1857 3111 1990 3181 ipsis

399 3197 585 3269 aliqua
621 3200 816 3256 notitia
856 3198 1126 3256 tradatur.
1156 3202 1230 3257 Ut
1264 3206 1452 3257 autem
1489 3200 1696 3256 clarius
1726 3200 1990 3271 proceda-

400 3301 527 3342 mus
547 3326 563 3358 ,
595 3288 744 3359 prius
771 3289 838 3345 de
865 3289 1080 3347 nomine
1109 3304 1174 3346 ac
1201 3289 1406 3346 ratione
1435 3288 1570 3362 legis
1601 3289 1803 3361 aliquid
1831 3304 1988 3361 prae-

399 3376 722 3435 mittendum
753 3386 860 3435 est.

1012 3571 1307 3643 CAPUT·
1333 3575 1385 3641 1.

689 3776 854 3853 Quid
879 3781 1122 3839 nomine
1147 3780 1289 3857 leqis
1317 3782 1701 3858 siqnificetur.
1796 3794 1802 3799 ’

953 3974 1432 4039 summarium

359 4210 366 4219 ,
396 4162 447 4211 ¹.
475 4161 714 4213 Definitio
749 4164 878 4225 legis
911 4175 974 4212 ex
1005 4162 1126 4214 divo
1163 4162 1370 4213 Thoma.
1391 4190 1460 4201 —
1479 4162 1531 4214 2.
1559 4162 1751 4213 Divisio
1775 4164 1906 4227 legis
1929 4177 1990 4213 ex

465 4232 694 4284 Platone.
709 4259 778 4269 —
798 4233 850 4283 3.
879 4233 1016 4293 Quae
1041 4233 1110 4283 sit
1134 4233 1338 4297 propria
1364 4237 1418 4282 et
1445 4246 1563 4283 vera
1607 4234 1708 4283 lex.
1725 4261 1793 4269 —
1812 4234 1863 4283 4.
1887 4232 1992 4283 Dif-

465 4301 684 4385 fer-entia
727 4303 865 4353 inter
901 4302 1066 4366 legem
1108 4309 1161 4353 et
1203 4303 1493 4353 consilium.
1509 4302 1639 4352 -5,
1677 4303 1991 4366 Etymologia

466 4373 616 4436 regns.

479 4550 528 4604 1.
567 4544 734 4601 Divus
759 4543 996 4601 Thomas
1032 4551 1080 4603 1.
1113 4550 1145 4605 2
1166 4586 1182 4617 ,
1211 4562 1267 4619 q.
1304 4551 1408 4616 90,
1440 4552 1547 4603 art.
1589 4548 1646 4616 1,
1678 4548 1753 4602 ita
1781 4544 1983 4602 descri-

395 4635 473 4691 bit
497 4632 631 4707 quid
663 4634 896 4694 nominis
925 4635 1090 4707 legis:
1118 4639 1242 4693 Lex
1267 4640 1353 4693 est
1379 4634 1676 4707 quaedam
1699 4634 1910 4707 requla
1927 4640 1984 4689 et

395 4740 712 4786 mensura,
749 4724 1073 4781 secundum
1101 4741 1283 4798 quam
1321 4724 1630 4782 inducitur
1655 4724 1873 4797 aliquis
1901 4722 1984 4781 ad

391 4811 694 4887 aqendum
712 4860 726 4882 ‚
763 4813 852 4871 vel
878 4814 956 4871 ab
983 4813 1211 4888 aqendo
1235 4816 1583 4872 retrahitur.
1611 4816 1758 4883 Quae
1779 4816 1981 4871 descri-

391 4905 502 4978 ptio
529 4905 692 4960 nimis
721 4904 828 4961 lata
854 4912 910 4962 et
926 4903 1199 4977 generalis
1226 4904 1437 4961 videtur
1454 4946 1469 4973 ,
1496 4906 1576 4961 sic
1601 4906 1742 4960 enim
1765 4905 1847 4961 lex
1871 4920 1978 4959 uon

395 4992 572 5051 solum
601 4996 656 5049 in
685 4993 1020 5065 hominibus,
1051 5010 1148 5051 seu
1175 4992 1530 5052 rationalibus
1559 4998 1854 5065 creaturiS,
1887 4994 1982 5051 sed

393 5084 557 5141 etism
596 5085 653 5140 in
694 5083 1142 5156 reliquislocurn
1185 5083 1434 5155 babebit3
1467 5099 1590 5141 nam
1621 5099 1984 5157 unaquaeque

395 5188 482 5229 res
526 5189 686 5232 suam
723 5174 968 5248 regulam
1001 5174 1162 5257 babet
1197 5182 1251 5232 et
1287 5190 1632 5246 mensuram,
1677 5174 1983 5233 secundum

2069 2320 2239 2379 quam
2268 2310 2566 2377 operatur,
2606 2311 2663 2361 et
2698 2302 2982 2361 inducitur
3016 2302 3084 2359 ad
3123 2303 3427 2377 agendum,
3460 2302 3543 2359 vel
3573 2314 3658 2357 re-

2067 2394 2301 2451 trahitur
2340 2392 2407 2449 ab
2448 2392 2679 2467 agendo.
2712 2395 2821 2449 Lex
2846 2395 2975 2449 item
3006 2409 3111 2451 non
3142 2393 3321 2451 solum
3352 2396 3407 2449 in
3438 2390 3659 2449 morali-

2065 2483 2199 2554 bus,
2230 2482 2329 2539 sed
2362 2485 2525 2539 etiam
2556 2483 2609 2538 in
2651 2480 3053 2553 artificialibus,
3086 2498 3187 2539 nec
3217 2483 3395 2539 solum
3425 2485 3476 2539 in
3502 2480 3663 2538 bonis

2065 2578 2122 2629 et
2152 2572 2431 2645 honestis,
2466 2572 2563 2629 sed
2598 2572 2759 2629 etiam
2788 2574 2841 2627 in
2870 2571 3121 2644 turpibus
3151 2572 3461 2629 versabitur
3482 2616 3496 2643 ,
3530 2570 3661 2644 quia

2067 2664 2232 2719 etiam
2272 2669 2453 2735 artes,
2497 2664 2609 2719 sive
2638 2661 2845 2733 licitae,
2880 2662 2993 2718 sive
3020 2662 3265 2733 illicitae,
3298 2662 3495 2718 habent
3522 2678 3654 2717 suas

2066 2754 2291 2826 regulas
2317 2760 2374 2809 et
2400 2768 2689 2809 mensuras
2706 2751 2895 2823 ,iuxta
2923 2766 3063 2823 quas
3097 2750 3179 2807 vel
3204 2750 3270 2807 ad
3293 2749 3650 2823 operandum,

2067 2843 2150 2900 vel
2195 2843 2261 2899 ad
2304 2842 2685 2900 abstinendum
2722 2841 2788 2897 ab
2820 2856 2985 2913 opere
3024 2840 3384 2897 inducuntur.
3417 2842 3657 2912 Denique

2066 2932 2240 3010 (quod
2282 2933 2559 2990 difficilius
2601 2931 2843 3004 videtur)
2889 2929 3657 3016 sequiturnconsiliumesse

2063 3023 2167 3079 sub
2213 3022 2331 3095 lege
2374 3020 2871 3094 comprehensum;
2916 3036 3039 3075 nam
3080 3021 3240 3075 etiam
3273 3025 3359 3074 est
3384 3017 3654 3090 quaedam

2062 3112 2288 3184 regula,
2318 3118 2374 3167 et
2411 3125 2671 3167 mensura
2709 3109 3033 3179 operationis
3069 3106 3243 3163 bonae
3271 3105 3338 3163 ad
3368 3106 3649 3163 meliorem

2061 3199 2329 3257 inducens
2354 3239 2369 3271 ,
2392 3206 2449 3255 et
2469 3214 2501 3254 a
2522 3198 2703 3269 minus
2726 3197 2871 3253 bona
2894 3196 3207 3267 retrahens,
3234 3201 3449 3252 constat
3470 3201 3654 3251 autem

2059 3288 2371 3346 secundum
2408 3285 2569 3343 fidem
2611 3286 2839 3343 consilia
2880 3302 2911 3342 a
2939 3286 3245 3357 praeceptis
3273 3283 3564 3357 distingui,
3595 3290 3653 3339 et

2062 3384 2463 3451 consequenter
2492 3377 2595 3433 sub
2622 3376 2741 3449 lege
2770 3376 2993 3448 propria
3020 3392 3129 3431 non
3158 3372 3567 3447 comprehendi.

2139 3474 2197 3527 2.
2228 3471 2393 3526 Circa
2422 3468 2525 3524 hoc
2555 3466 2734 3523 notari
2764 3467 2812 3521 in
2843 3467 3036 3536 primis
3067 3470 3246 3537 potest
3266 3463 3485 3530 divisio,
3512 3479 3655 3536 quae

2067 3575 2132 3615 ex
2162 3559 2387 3615 Platone
2415 3556 2653 3613 sumitur
2676 3556 2729 3611 in
2764 3555 2987 3627 Dialogo
3019 3556 3227 3612 Minos
3246 3598 3260 3620 ‚
3291 3569 3389 3609 seu
3418 3552 3486 3609 de
3516 3552 3657 3625 lege,
3742 3598 3745 3604 .

2069 3648 2162 3707 ubi
2191 3648 2474 3721 duplicem
2499 3646 2787 3720 distinguit
2814 3632 3023 3719 legem,
3053 3643 3182 3700 artis
3210 3648 3266 3701 et
3292 3657 3534 3715 morum,
3561 3643 3654 3699 cui

2063 3739 2291 3797 tertium
2336 3736 2642 3794 membrum
2683 3735 2881 3791 addere
2924 3747 3253 3805 possumus,
3283 3729 3521 3803 ordinis,
3553 3747 3653 3787 seu

2061 3827 2441 3899 propensionis
2470 3833 2701 3883 naturae
2726 3840 2793 3881 ex
2818 3822 3013 3879 eodem
3041 3820 3265 3879 Platone
3293 3822 3343 3877 in
3385 3824 3643 3888 Timaeo,

2059 3924 2116 3974 et
2168 3919 2409 3989 Gorqia.
2448 3915 2548 3972 Ubi
2594 3912 3011 3988 quadruplicem
3063 3909 3238 3983 legem
3288 3910 3648 3983 distinguens,

2060 4008 2356 4081 quamdam
2394 4011 2557 4063 vocat
2595 4004 2931 4071 naturalem,
2974 3999 3043 4057 de
3083 4015 3193 4073 qua
3226 3998 3487 4056 divisione
3514 4000 3651 4055 infra

2062 4099 2115 4154 in
2144 4113 2269 4169 cap.
2303 4097 2391 4151 ΠΙ.
2418 4095 2601 4166 aliqua
2621 4091 2891 4149 dicemus.
2918 4092 3075 4146 Nunc
3099 4104 3197 4160 per
3217 4088 3519 4145 naturalem
3542 4104 3651 4143 non
3680 4150 3688 4158 ,

2064 4185 2434 4259 intelligemus
2477 4183 2619 4240 illam
2640 4226 2653 4254 ,
2677 4174 2838 4256 ‘quae
2877 4186 2965 4238 est
2992 4179 3044 4234 in
3075 4178 3416 4247 hominibus,
3447 4178 3513 4236 de
3540 4194 3652 4251 qua

2063 4279 2224 4333 etiam
2277 4281 2463 4346 postes
2492 4272 2697 4329 dicturi
2738 4286 2965 4342 sumus3
3000 4267 3094 4324 sed
3121 4282 3273 4338 eam,
3304 4283 3445 4340 quae
3484 4268 3651 4324 rebus

2064 4365 2320 4423 omnibus
2362 4380 2431 4421 ex
2470 4362 2821 4418 inclinatione
2860 4360 2928 4415 ab
2957 4360 3198 4415 Auctore
3227 4363 3453 4414 naturae
3482 4356 3650 4413 indita

2061 4456 2353 4524 convenit3
2403 4453 2476 4509 ita
2520 4451 2665 4509 enim
2714 4449 2858 4507 illam
2906 4446 3122 4503 videtur
3164 4444 3436 4517 explicare
3471 4444 3646 4515 Plato,

2056 4546 2308 4619 quamvis
2348 4544 2513 4599 etiam
2543 4541 2597 4597 in
2624 4538 2931 4597 hominibus
2959 4538 3205 4595 nobiliori
3234 4534 3396 4593 modo
3424 4550 3545 4592 esse
3572 4535 3649 4591 sa·-

2054 4643 2259 4693 teatur.
2293 4632 2444 4691 Unde
2485 4632 2619 4687 haec
2658 4630 2820 4688 tertia
2857 4629 3104 4701 acceptio
3134 4626 3507 4699 metaphorica
3534 4631 3639 4698 est3

2053 4742 2179 4782 nam
2218 4739 2309 4780 res
2345 4727 2597 4779 carentes
2634 4720 2843 4777 ratione
2872 4735 2978 4777 non
3008 4724 3140 4775 sunt
3164 4716 3379 4789 proprie
3408 4730 3641 4787 capaces

2055 4816 2217 4887 legis,
2260 4816 2407 4870 sicut
2440 4827 2543 4867 nec
2582 4809 2937 4867 obedientiae.
2969 4808 3229 4865 Efficacia
3263 4822 3395 4879 ergo
3435 4803 3643 4862 divinae

2052 4906 2301 4973 virtutis,
2333 4910 2390 4959 et
2429 4902 2734 4965 necessitas
2776 4899 3071 4967 naturaliS,
3114 4912 3256 4970 quae
3284 4898 3337 4951 in
3366 4895 3449 4951 his
3476 4895 3641 4951 rebus

2053 4994 2178 5052 inde
2206 4992 2467 5060 resultat,
2499 5006 2595 5063 per
2622 4989 2995 5059 metaphoram
3029 4987 3113 5043 lex
3143 4985 3464 5057 appellatur.
3497 4986 3640 5052 Con-

2059 5090 2327 5157 sonatque
2368 5082 2579 5155 phrasis
2620 5079 2936 5153 Scripturas
2978 5079 3235 5135 Proverb.
3284 5083 3346 5135 8:
3387 5073 3644 5152 Quando

2055 5180 2223 5232 certa
2248 5172 2372 5247 leae
2390 5217 2403 5241 ‚
2442 5177 2496 5229 et
2525 5188 2672 5247 qyro
2696 5168 2967 5229 vallabat
2994 5168 3235 5243 abyssos
3252 5187 3275 5229 ,·
3302 5173 3357 5223 et
3385 5165 3541 5223 inira:
3568 5168 3648 5220 Et
