4325 6267
761 368 885 433 122

684 513 812 585 quia
850 514 1077 585 iniusta3
1118 528 1257 586 quae
1287 512 1548 571 iniustitia
1574 522 1683 570 tam
1713 512 1981 571 invenitur
2012 514 2063 571 in
2090 520 2270 571 reten-

684 602 830 659 tione
872 602 1011 658 lueri
1054 602 1298 675 accepti,
1340 609 1397 659 et
1436 602 1558 661 ideo
1600 602 1891 676 prohibitio
1933 604 2021 661 illa
2046 605 2269 661 irritans

682 698 787 749 est.
832 691 984 751 Unde
1024 694 1185 750 etiam
1226 700 1442 751 constat
1482 696 1617 751 ratio
1657 693 1837 765 clara,
1882 698 2009 768 quia
2044 696 2089 752 si
2118 697 2272 752 valor

682 791 841 840 actus
886 786 957 841 sit
991 790 1183 841 contra
1226 785 1310 842 ius
1348 791 1597 860 naturae,
1630 802 1661 843 a
1690 786 1901 845 nemine
1929 786 2042 843 fieri
2071 793 2270 858 potest,

682 890 812 931 eum
853 876 941 931 ius
983 876 1279 948 superioris
1320 877 1567 933 resistat:
1599 879 1650 933 in
1681 878 1771 934 illo
1800 884 1986 935 autem
2016 894 2150 935 easu
2181 893 2273 934 va-

681 963 767 1021 lor
794 964 910 1037 ipse
946 973 1032 1023 est
1058 973 1253 1023 eontra
1284 967 1367 1025 ius
1396 975 1655 1041 naturae,
1686 971 1814 1043 quia
1842 969 2003 1027 habet
2028 969 2273 1028 eamdem

682 1071 905 1113 eausam
932 1057 1315 1131 turpitudinis3
1341 1074 1471 1132 ergo
1493 1075 1598 1116 non
1621 1066 1804 1131 potest
1822 1060 1943 1116 talis
1966 1060 2119 1116 valor
2143 1059 2271 1116 sub-

680 1145 907 1209 sistere;
938 1164 1070 1221 ergo
1101 1155 1187 1206 est
1214 1149 1397 1206 irritus
1420 1149 1541 1205 talis
1562 1157 1741 1207 actus.
1769 1150 1919 1208 Unde
1940 1157 2121 1225 potest
2142 1167 2276 1208 con-

682 1235 909 1293 siderari
938 1238 1237 1296 differentia
1265 1239 1404 1295 inter
1441 1239 1580 1295 hanc
1610 1241 1857 1314 regulam
1876 1248 1929 1297 et
1949 1242 2275 1313 praeceden-

680 1334 793 1385 tem
812 1370 827 1399 ,
858 1328 1008 1403 quod
1048 1332 1103 1387 in
1149 1331 1319 1403 priori
1349 1337 1507 1388 aetus
1537 1330 1877 1404 prohibetur,
1909 1334 2039 1405 quia
2066 1347 2269 1403 pravus

679 1426 735 1476 et
762 1418 947 1477 nullus
983 1427 1068 1477 est
1107 1436 1173 1477 ex
1213 1420 1432 1478 defectu
1462 1424 1776 1495 potestatis3
1807 1423 1861 1478 in
1892 1422 1992 1478 hac
2022 1437 2149 1478 vero
2180 1438 2274 1495 po-

680 1510 897 1567 steriori
936 1516 1093 1568 aetus
1134 1512 1204 1569 sit
1238 1509 1423 1569 nullus
1452 1514 1659 1568 ratione
1688 1512 2010 1568 intrinsecae
2037 1512 2274 1569 malitiae

680 1608 997 1675 perpetuae,
1024 1616 1088 1658 ae
1118 1602 1348 1659 subinde
1372 1618 1466 1674 per
1492 1603 1659 1674 ipsam
1682 1601 2119 1675 prohibitionem.
2144 1604 2275 1675 quia

678 1689 811 1746 alias
859 1697 1097 1763 potestas
1145 1691 1392 1749 absoluta
1437 1694 1591 1750 eirca
1638 1691 1798 1751 talem
1838 1694 2123 1751 materiam
2165 1709 2273 1751 non

680 1780 889 1838 deerat.

757 1876 811 1931 6.
844 1873 1013 1931 Extra
1054 1873 1154 1929 hos
1196 1879 1379 1931 autem
1422 1890 1613 1944 easuS,
1646 1875 1899 1947 quamvis
1928 1874 2011 1930 ius
2039 1880 2266 1931 naturae

680 1962 969 2035 prohibeat
1010 1969 1233 2035 actum,
1264 1980 1376 2020 non
1409 1962 1645 2019 irritabit
1671 1963 1927 2021 effectum
1954 1965 2106 2036 eius,
2140 1964 2271 2037 quia

684 2052 729 2107 si
758 2059 1103 2126 supponatur
1130 2059 1373 2125 potestas
1403 2052 1680 2109 sufficiens
1710 2051 1777 2109 ad
1803 2053 1965 2109 talem
1988 2054 2268 2125 effectum,

682 2148 737 2199 et
764 2143 964 2216 alioqui
992 2144 1167 2215 possit
1191 2143 1419 2201 effeetus
1447 2142 1647 2200 durare
1676 2142 1882 2215 absque
1910 2143 2270 2216 turpitudine,

680 2240 736 2291 et
774 2250 903 2291 eum
945 2233 1174 2291 honesto
1217 2251 1355 2308 usu,
1386 2250 1491 2290 non
1519 2239 1635 2307 est,
1668 2249 1771 2290 cur
1799 2232 2063 2290 invalidus
2091 2232 2181 2290 sit.
2218 2234 2278 2290 ld

682 2324 884 2395 optime
912 2322 1223 2381 declaratur
1248 2326 1304 2380 in
1328 2324 1667 2383 matrimonio
1698 2324 1841 2380 sacto
1862 2330 2058 2380 eontra
2083 2330 2276 2380 votum

686 2413 912 2486 simplex
936 2414 1229 2487 castitatis,
1257 2429 1378 2471 nam
1408 2412 1541 2472 illud
1564 2421 1753 2472 votum
1777 2429 1883 2470 non
1910 2414 2156 2485 abstulit,
2182 2414 2278 2469 sed

683 2504 871 2579 ligavit
916 2511 1274 2578 potestatem,
1319 2522 1486 2578 quam
1529 2503 1689 2561 homo
1732 2503 1927 2562 habeat
1969 2507 2018 2560 in
2072 2520 2278 2575 corpus

682 2611 886 2669 suum3
917 2602 972 2652 et
1003 2596 1203 2668 alioqui
1230 2596 1638 2652 matrimonium
1664 2601 1862 2652 contra
1890 2594 2023 2655 illud
2055 2600 2277 2651 contra-

684 2692 873 2760 ctum,
916 2693 1189 2760 quatenus
1232 2694 1317 2743 est
1356 2686 1585 2744 actualis
1626 2686 1876 2759 traditio,
1920 2683 2084 2741 habet
2112 2686 2278 2741 maio-

682 2790 802 2832 rem
832 2776 1123 2849 quamdam
1147 2775 1472 2849 efficaciam,
1498 2792 1663 2850 quam
1687 2776 2004 2848 promissio,
2022 2782 2077 2831 et
2101 2780 2282 2845 potest

683 2867 844 2924 etiam
874 2867 1072 2923 habere
1102 2867 1393 2924 honestum
1431 2882 1627 2939 usum,
1662 2866 1855 2923 saltem
1884 2863 2193 2933 reddendo,
2225 2871 2304 2921 et·

685 2973 792 3013 non
834 2956 1065 3028 petendo
1104 2956 1378 3029 debitum3
1423 2972 1555 3030 ergo
1596 2963 1749 3013 reete
1792 2962 2121 3030 potestesse
2146 2953 2280 3009 vali·

684 3046 841 3103 dum.
886 3046 1133 3103 venditio
1173 3047 1299 3104 item
1328 3046 1529 3103 iniusta
1556 3046 1813 3120 relinquit
1839 3045 2065 3121 quidem
2094 3060 2283 3118 perpe-

690 3145 842 3195 tuam
866 3136 1247 3211 obligationem
1267 3136 1585 3194 restituendi
1612 3153 1903 3195 excessum
1930 3138 2107 3209 pretii,
2132 3134 2280 3208 quod

689 3230 734 3284 si
761 3229 884 3300 fiat,
916 3235 1099 3286 cessat
1128 3230 1301 3285 omnis
1330 3228 1612 3300 turpitudo
1644 3228 1693 3284 in
1717 3228 1900 3285 valore
1923 3233 1980 3286 et
2008 3226 2281 3299 perpetui-

687 3325 799 3377 tate
827 3319 946 3376 talis
976 3324 1321 3390 contractus,
1353 3324 1410 3375 et
1436 3318 1559 3375 ideo
1603 3334 1708 3375 non
1747 3324 1853 3389 est,
1884 3332 1989 3374 eur
2026 3317 2282 3390 simpliei-

688 3416 771 3467 ter
799 3410 988 3465 irritus
1018 3409 1106 3465 sit.
1138 3409 1204 3465 Et
1235 3408 1307 3464 ita
1333 3413 1486 3480 patet
1513 3408 1795 3479 responsio
1833 3405 1903 3463 ad
1945 3407 2278 3463 obiectiones

684 3499 880 3556 factas.
912 3501 969 3555 ln
999 3499 1200 3572 quibus
1226 3499 1388 3555 etiam
1416 3498 1679 3570 exemplis
1709 3496 2047 3556 considerari
2078 3502 2278 3567 potest,

686 3589 1104 3662 prohibitionem
1141 3604 1251 3645 non
1282 3603 1403 3645 esse
1430 3589 1587 3661 quasi
1617 3587 1884 3644 directam
1903 3627 1918 3658 ,
1949 3585 2035 3642 vel
2064 3585 2282 3642 absolu-

686 3684 801 3734 tam
841 3676 910 3733 de
952 3677 1262 3736 substantia
1291 3678 1411 3734 talis
1440 3683 1631 3750 actus,
1664 3677 1760 3735 sed
1790 3677 1871 3734 vel
1901 3678 2190 3749 provenire
2217 3690 2285 3732 ex

689 3768 872 3841 aliqua
912 3768 1151 3842 generali
1193 3767 1341 3840 lege,
1372 3773 1436 3824 ut
1461 3775 1548 3826 est
1576 3783 1793 3824 servare
1823 3774 2047 3839 votum,
2080 3766 2163 3823 vel
2195 3781 2286 3821 so-

689 3859 805 3916 lum
832 3874 951 3915 esse
980 3857 1047 3915 de
1075 3858 1168 3915 tali
1196 3856 1393 3931 modo,
1426 3873 1525 3915 seu
1552 3874 1818 3930 excessu,
1850 3863 1907 3916 et
1933 3856 2055 3915 ideo
2082 3856 2284 3915 mirum

692 3966 801 4007 non
828 3964 981 4024 esse,
1011 3948 1159 4023 quod
1188 3954 1372 4005 aetum
1402 3964 1509 4005 non
1537 3950 1735 4006 irritet.

1224 4138 1503 4210 CAPUT
1543 4140 1720 4209 XIII.

892 4358 1109 4415 Utrum
1129 4356 1460 4429 praecepta
1488 4349 1629 4425 leqis
1656 4352 1916 4406 naturae
1943 4345 2014 4404 de
2041 4362 2101 4405 se

943 4452 998 4503 et
1026 4444 1101 4503 ab
1127 4447 1445 4503 intrinseco
1472 4439 1877 4499 immutabilia
1904 4442 2042 4497 εἰπε.

1262 4638 1745 4705 summarium

696 4832 749 4883 1.
777 4831 1091 4897 Expenditur
1116 4843 1293 4882 sensus
1312 4828 1647 4893 quaestionis,
1670 4835 1724 4877 et
1746 4825 1812 4875 de
1835 4837 1936 4889 qua
1960 4822 2292 4874 immutabili-

766 4910 874 4955 tate
898 4905 965 4954 sit
992 4916 1185 4964 sermo,
1214 4897 1662 4965 explicatum—2.
1692 4897 1972 4963 Resolutio.
1996 4921 2063 4930 —
2082 4894 2186 4944 Lex
2206 4906 2294 4945 na-

768 4975 951 5024 turalis
987 4987 1080 5023 nec
1117 4970 1334 5021 delicere
1371 4977 1538 5034 potest
1564 4981 1656 5033 per
1683 4982 1739 5018 se
1765 4967 1923 5031 ipsam
1939 5002 1953 5027 ‚
1981 4978 2073 5014 nec
2099 4964 2289 5014 mutari

766 5045 873 5095 sive
911 5046 963 5094 in
999 5042 1277 5093 universali
1314 5041 1421 5091 sive
1447 5042 1499 5089 in
1528 5038 1847 5103 particulari.
1870 5036 2011 5085 ·—3.
2036 5034 2290 5097 Quomodo

766 5117 845 5165 lex
880 5115 1131 5164 naturalis
1168 5114 1235 5162 sit
1258 5110 1622 5164 immutabilis,
1648 5115 1702 5158 et
1727 5109 1781 5157 in
1804 5120 1905 5170 quo
1930 5106 2106 5157 subire
2130 5106 2289 5168 possit

764 5186 1115 5236 mutationem.
1130 5184 1262 5232 -4.
1287 5182 1622 5245 Exponuntur
1645 5178 1697 5230 d.
1724 5178 1937 5227 Thomas
1960 5182 2015 5226 et
2039 5175 2291 5225 Aristote-

768 5258 840 5307 les
853 5292 868 5318 ,
894 5253 1096 5320 quando
1112 5252 1443 5303 mutationem
1462 5250 1741 5300 admittunt
1764 5248 1815 5297 in
1836 5246 2120 5311 praeceptis
2139 5251 2290 5294 natu-

674 5318 679 5323 ’
769 5338 956 5377 rae.--
975 5324 1028 5377 5.
1055 5323 1331 5390 Responsio
1367 5322 1427 5373 ad
1468 5320 1746 5387 oppositam
1770 5316 2180 5370 rationem—6.
2207 5316 2286 5369 An

2160 390 2359 439 LIBER
2387 391 2464 438 11.

2409 517 2490 566 lex
2523 525 2735 568 naturae
2776 518 2937 569 deleri
2981 521 3138 583 possit
3183 533 3212 569 a
3247 520 3504 572 mentibus
3547 519 3844 582 hominum,
3875 532 3936 569 ac

2407 588 2616 653 proinde
2642 590 2712 639 ita
2737 591 3076 641 mutationem
3099 592 3302 642 subire.

2425 788 2472 843 1.
2505 786 2780 843 Hactenus
2811 786 3169 844 substantiam
3191 795 3245 845 et
3268 787 3645 861 obligationem
3676 788 3807 860 legis
3837 804 3932 843 na·

2341 875 2532 933 tui-alis
2572 876 2962 951 explicuimus,
3007 878 3280 951 reliquum
3309 886 3427 951 est,
3471 886 3536 935 ut
3573 879 3640 935 de
3671 877 3817 936 illius
3847 878 3938 934 iir-

2341 967 2526 1023 mitate
2565 966 2649 1023 vel
2690 967 3119 1025 immutabilitate
3165 968 3436 1026 dicamus.
3486 968 3693 1041 Duplex
3743 975 3926 1039 autem

2341 1057 2569 1114 mutatio
2595 1063 2774 1128 potest
2797 1056 3015 1131 intelligi
3039 1058 3090 1113 in
3112 1058 3292 1133 aliqua
3321 1059 3469 1131 lege,
3497 1058 3710 1116 seilicet
3732 1058 3814 1115 vel
3839 1074 3934 1129 per

2341 1147 2692 1220 additionem,
2712 1146 2797 1204 vel
2819 1162 2914 1219 per
2936 1148 3254 1205 ablationem
3280 1164 3377 1204 seu
3396 1148 3815 1206 diminutionem.
3836 1150 3936 1205 Hie

2343 1245 2524 1296 autem
2547 1256 2654 1295 non
2685 1246 2770 1295 est
2797 1255 2976 1295 sermo
3004 1237 3070 1296 de
3101 1238 3395 1309 additione,
3426 1242 3557 1313 quia
3597 1240 3687 1295 illa
3716 1255 3822 1295 non
3849 1246 3938 1295 est

2342 1330 2593 1402 mutatio,
2617 1328 2835 1403 quando
2855 1330 3003 1401 prior
3025 1329 3108 1386 lex
3131 1330 3340 1403 integra
3361 1337 3562 1402 manet,
3588 1328 3682 1386 sed
3703 1336 3789 1386 est
3815 1345 3939 1402 per-

2342 1421 2501 1477 fectio
2523 1421 2798 1477 extensiva
2819 1420 3106 1477 conserens
3131 1420 3197 1476 ad
3220 1420 3507 1477 utilitatem
3531 1420 3850 1491 humanam,
3871 1428 3935 1477 ut

2342 1510 2473 1568 dixit
2491 1510 2548 1567 d.
2579 1511 2811 1568 Thomas
2839 1526 2894 1583 q.
2923 1514 3016 1580 9⁴,
3040 1516 3142 1567 art.
3174 1516 3228 1584 5,
3251 1511 3402 1567 etsie
3427 1512 3637 1583 Ulpiau.
3666 1510 3701 1566 l.
3731 1514 3826 1567 ius
3851 1512 3935 1565 ci-

2339 1602 2468 1670 vile,
2501 1602 2555 1658 ff.
2587 1601 2652 1659 de
2681 1603 2814 1659 inst.
2846 1608 2900 1657 et
2928 1602 3075 1673 iure,
3107 1602 3213 1673 ait,
3255 1603 3340 1658 ius
3369 1602 3522 1657 civile
3553 1600 3812 1659 constitui
3841 1599 3936 1657 ad-

2341 1693 2724 1766 dendonliqua
2745 1693 2850 1748 iuri
2875 1692 3128 1748 naturali.
3152 1693 3266 1749 imo
3297 1698 3352 1749 et
3378 1694 3462 1750 ius
3489 1692 3734 1748 divinum
3763 1690 3940 1748 multa

2344 1782 2549 1840 addidit
2575 1783 2676 1839 iuri
2705 1790 2952 1853 naturae,
2977 1787 3030 1839 et
3055 1783 3141 1838 ius
3165 1782 3493 1839 canonicum
3519 1782 3937 1864 utrique.Nam,

2343 1881 2407 1932 ut
2430 1874 2568 1931 inira
2591 1873 2912 1945 videbimus,
2937 1871 3176 1929 humana
3199 1872 3316 1929 iura
3344 1872 3516 1931 multa
3537 1872 3926 1941 determinant,

2344 1981 2485 2041 quae
2529 1980 2626 2038 per
2667 1965 2753 2020 ius
2782 1971 3013 2020 naturae
3043 1970 3139 2020 aut
3166 1962 3408 2020 divinum
3436 1962 3793 2020 determinata
3823 1978 3931 2018 non

2345 2064 2506 2128 sunt,
2538 2070 2639 2111 nee
2673 2054 3056 2111 convenienter
3083 2053 3431 2111 determinari
3455 2059 3777 2126 potuerunt.
3801 2053 3934 2108 Tra-

2344 2153 2560 2202 ctamus
2581 2161 2714 2218 ergo
2736 2143 2802 2201 de
2823 2144 3040 2217 propria
3071 2144 3398 2215 mutatione,
3425 2160 3566 2216 quae
3591 2144 3648 2200 fit
3669 2142 3938 2215 pei->abla-

2347 2237 2541 2293 tionem
2583 2235 2716 2307 legis
2757 2234 2840 2291 vel
2877 2233 3218 2306 obligationis
3247 2235 3383 2291 eius.
3427 2235 3571 2289 Haec
3601 2240 3788 2290 autem
3819 2248 3940 2289 mu-

2345 2327 2476 2383 tatio
2505 2325 2794 2397 dupliciter
2823 2325 2961 2381 solet
2986 2325 3036 2381 in
3068 2324 3232 2381 rebus
3262 2323 3532 2398 accidere,
3565 2324 3824 2380 nimirum
3855 2323 3937 2379 vel

2346 2432 2441 2489 per
2468 2416 2824 2473 mutationem
2845 2416 2920 2471 rei
2941 2415 3009 2470 ab
3031 2417 3330 2495 intrinseco
3356 2413 3659 2471 deficientis
3679 2456 3694 2487 ,
3730 2412 3812 2468 vel
3846 2429 3942 2484 per

2335 2510 2687 2565 ,extrinsecus
2725 2506 2925 2562 saetam
2969 2507 3168 2563 virtute
3197 2505 3426 2563 alieuius
3455 2507 3664 2579 agentis
3692 2504 3940 2559 habentis

2347 2605 2692 2671 potestatem.
2735 2599 2806 2653 Et
2841 2604 3074 2669 uterque
3117 2596 3310 2654 modus
3353 2595 3618 2668 potestad
3642 2594 3818 2667 legem
3847 2610 3942 2665 ap·

2349 2689 2564 2760 plicari,
2591 2703 2712 2743 nam
2755 2686 3028 2744 interdum
3070 2702 3158 2742 res
3194 2703 3291 2759 per
3319 2688 3546 2759 seipsam
3573 2684 3776 2756 delicit,
3813 2684 3946 2757 quia

2345 2794 2413 2835 ex
2441 2778 2552 2836 utili
2579 2779 2639 2835 fit
2666 2779 2851 2849 noxia,
2883 2776 2967 2833 vel
2997 2794 3062 2833 ex
3101 2778 3404 2835 rationabili
3445 2778 3502 2833 lit
3529 2775 3936 2847 irrationabilis;

2348 2868 2636 2943 aliquando
2659 2884 2785 2923 vero
2813 2866 3021 2923 tollitur
3049 2882 3142 2938 per
3173 2866 3532 2939 superiorem,
3559 2872 3621 2923 ut
3641 2866 3693 2921 in
3720 2864 3940 2937 legibus

2348 2962 2592 3035 positivis
2621 2966 2807 3031 postea
2839 2956 3154 3013 videbimus.
3189 2958 3259 3014 Et
3295 2966 3528 3031 utraque
3557 2957 3790 3013 istarum
3822 2971 3946 3011 mu—

2349 3051 2612 3108 tationum
2663 3049 2927 3122 contingit
2969 3049 3070 3111 vel.
3092 3048 3339 3106 absolute
3379 3055 3432 3106 et
3473 3047 3848 3105 universaliter
3890 3049 3946 3103 in

2350 3148 2464 3201 tota
2493 3143 2640 3215 lege,
2669 3148 2725 3200 et
2760 3141 2962 3198 dieitur
2989 3140 3270 3213 abrogatio
3299 3140 3468 3214 legis,
3502 3140 3584 3196 vel
3613 3141 3668 3195 in
3698 3140 3944 3211 particu-

2350 3233 2469 3305 lari,
2494 3238 2549 3289 et
2573 3232 2774 3289 dieitur
2801 3231 3129 3303 dispensatio
3151 3231 3239 3287 vel
3271 3231 3616 3303 particularis
3655 3230 3940 3287 relaxatio.

2349 3326 2424 3380 De
2465 3322 2546 3379 his
2585 3339 2718 3395 ergo
2745 3322 2997 3379 omnihus
3025 3321 3198 3378 modis
3239 3324 3602 3379 mutationum
3646 3328 3829 3394 potest
3867 3320 3945 3375 in-

2352 3414 2492 3487 quiri
2515 3414 2666 3470 circa
2694 3412 2866 3485 legem
2890 3412 3188 3469 naturalem
3210 3433 3224 3485 3
3249 3412 3301 3467 in
3321 3411 3424 3469 hoc
3447 3418 3629 3469 autem
3657 3412 3830 3483 eapite
3854 3427 3944 3467 so-

2352 3504 2466 3561 lum
2496 3503 2562 3560 de
2605 3490 2900 3559 mutatione
2931 3502 2997 3558 ab
3027 3504 3322 3559 intrinseco
3362 3502 3610 3559 dicemus
3631 3544 3646 3571 ,
3676 3509 3733 3559 et
3769 3502 3822 3557 in
3862 3516 3947 3555 se-

2354 3595 2642 3670 quentibus
2685 3594 3022 3667 inquiremus
3059 3592 3126 3649 de
3153 3594 3540 3650 mutationibus
3569 3592 3638 3649 ab
3675 3592 3949 3649 extrinse-

2353 3688 2434 3744 cis
2461 3684 2760 3758 agentibus.

2431 3781 2485 3834 2.
2519 3778 2648 3858 Dico
2690 3774 2888 3847 igitur,
2921 3774 3137 3846 proprie
3175 3772 3483 3847 loquendo,
3515 3772 3686 3846 legem
3717 3777 3946 3828 natura-

2355 3864 2460 3923 lem
2489 3880 2588 3937 per
2615 3864 2844 3936 seipsam
2869 3862 3111 3920 desinere
3133 3880 3242 3921 non
3271 3879 3461 3936 posse,
3487 3862 3569 3919 vel
3595 3862 3819 3935 mutari,
3847 3878 3941 3919 ne-

2356 3972 2462 4029 que
2491 3956 2548 4012 in
2570 3953 2890 4027 universali,
2922 3970 3099 4027 neque
3122 3956 3175 4010 in
3200 3952 3550 4026 particulari,
3575 3959 3825 4009 manente
3850 3968 3946 4008 na-

2355 4052 2484 4103 tura
2511 4045 2756 4101 rationali
2784 4061 2912 4101 cum
2944 4061 3050 4101 usu
3073 4044 3301 4101 rationis
3323 4050 3379 4100 et
3400 4042 3690 4100 libertatis.
3717 4044 3942 4114 Semper

2355 4136 2496 4193 enim
2519 4136 2650 4192 haec
2674 4133 2987 4212 hypothesis
3011 4131 3482 4207 praeintelligitur,
3506 4138 3561 4189 et
3583 4132 3939 4204 supponitur,

2357 4243 2482 4283 nam
2522 4242 2652 4282 cum
2679 4218 2776 4281 'lex
2815 4224 3078 4281 naturalis
3121 4224 3193 4280 sit
3229 4223 3403 4279 veluti
3442 4223 3749 4295 proprietas
3778 4219 3949 4276 huius

2359 4325 2607 4384 naturae,
2640 4316 2682 4371 si
2715 4315 2802 4371 illa
2828 4314 2896 4370 de
2924 4312 3102 4371 medio
3131 4314 3437 4387 tolleretur,
3467 4312 3752 4370 tolleretur
3781 4312 3946 4367 etiam

2359 4408 2442 4465 lex
2485 4406 2744 4464 naturalis
2786 4403 2968 4478 quoad
3007 4403 3346 4460 existentiam
3387 4420 3578 4476 suam,
3619 4409 3676 4460 et
3703 4408 3950 4459 maneret

2361 4504 2574 4554 tantum
2603 4494 2908 4552 seeundum
2935 4509 3056 4551 esse
3083 4492 3346 4551 essentiae
3376 4509 3474 4550 seu
3519 4492 3772 4566 possibile
3800 4491 3948 4547 obie-

2360 4589 2504 4646 ctive
2540 4588 2593 4643 in
2629 4591 2806 4643 mente
2841 4584 2970 4654 Dei,
3001 4584 3147 4642 sieut
3182 4591 3240 4642 et
3274 4585 3390 4656 ipsa
3417 4583 3696 4640 rationalis
3723 4588 3944 4638 natura.

2360 4682 2476 4737 Imo
2515 4686 2649 4737 tune
2692 4681 2854 4735 etiam
2894 4676 2980 4733 lex
3019 4682 3239 4732 aeterna
3279 4691 3388 4732 non
3431 4674 3655 4731 baberet
3678 4674 3950 4729 rationem

2362 4771 2613 4844 propriae
2639 4770 2793 4842 legis,
2824 4768 2952 4840 quia
2980 4783 3087 4823 non
3117 4773 3262 4823 esset
3287 4767 3381 4823 cui
3411 4769 3552 4823 Deus
3581 4764 3945 4837 praeciperet3

2362 4868 2578 4934 oportet
2602 4876 2756 4933 ergo,
2787 4868 3035 4915 naturam
3068 4857 3384 4914 rationalem
3409 4856 3668 4929 supponi,
3691 4856 3846 4911 etsie
3869 4852 3952 4908 di-

2361 4968 2582 5019 cemuS,
2614 4966 2722 5007 non
2759 4964 2919 5021 posse
2963 4947 3137 5021 legem
3177 4946 3480 5003 naturalem
3502 4988 3517 5017 ,
3551 4945 3630 5001 vel
3662 4945 3711 4999 in
3742 4950 3946 5014 totum,

2360 5044 2444 5101 vel
2474 5044 2524 5098 in
2559 5047 2712 5114 parte
2741 5056 2838 5113 per
2867 5054 2985 5096 sese
3013 5038 3267 5111 deficere,
3298 5044 3396 5093 aut
3425 5038 3645 5093 mutari.
3673 5037 3749 5091 lta
3779 5034 3950 5090 sumi-

2362 5143 2455 5193 tur
2481 5150 2548 5191 ex
2575 5132 2630 5190 d.
2662 5132 2868 5189 Thema
2903 5136 2951 5187 1.
2982 5134 3039 5201 2,
3071 5145 3127 5203 q.
3157 5132 3250 5201 94,
3275 5136 3380 5185 art.
3406 5131 3464 5198 4,
3487 5134 3545 5183 et
3569 5134 3622 5196 5,
3648 5132 3704 5181 et
3723 5142 3778 5198 q.
3817 5128 3947 5197 100,

2359 5231 2464 5282 art.
2501 5229 2554 5294 8,
2583 5228 2642 5279 et
2668 5228 2722 5280 2.
2758 5226 2901 5294 2,(1.
2938 5222 3154 5289 66,art.
3181 5224 3233 5276 2.
3265 5217 3331 5275 ad
3365 5223 3569 5290 1,etq.
3601 5219 3726 5285 10⁴,
3752 5222 3857 5272 art.
3884 5220 3940 5275 4.

2357 5313 2425 5374 ad
2451 5318 2509 5387 2,
2537 5328 2604 5370 ex
2623 5312 2875 5371 vincent.
2900 5312 2965 5367 in
2985 5307 3222 5384 Specul.
3254 5307 3468 5366 moral.
3497 5307 3586 5364 lib.
3623 5312 3672 5377 l,
3703 5313 3844 5381 part.
3884 5312 3946 5382 2,
