4325 6267
787 233 914 298 220

713 393 818 438 nec
853 376 1152 436 absurdum
1183 372 1403 450 aliquod
1431 372 1700 448 sequitur.
1732 371 1884 430 Haec
1909 371 2102 446 regula
2127 372 2297 428 sumi-

711 478 804 528 tur
829 485 894 527 ex
925 467 1119 526 Glossa
1155 471 1212 533 1,
1255 471 1311 523 et
1345 463 1667 522 doctoribus
1697 463 1750 520 in
1778 462 1922 521 dicta
1949 462 2292 526 authentica,

709 568 767 618 et
801 561 857 616 in
893 559 998 633 leg.
1035 561 1086 628 1,
1116 556 1176 614 C.
1211 555 1279 613 de
1306 554 1530 627 capitat.
1563 553 1797 624 civium,
1827 559 1939 610 etc.
1975 551 2066 608 lib.
2107 555 2210 624 11,
2238 556 2296 607 et

711 652 762 708 in
795 650 898 722 leg.
938 654 997 720 1,
1034 649 1094 704 C.
1129 662 1195 704 ne
1223 646 1604 718 fideiussores,
1635 643 1718 700 vel
1750 641 1990 699 mandat.
2022 639 2138 698 dot.
2170 639 2299 698 den-

713 745 826 807 tur,
856 739 950 797 ubi
976 737 1164 797 Glossa
1189 737 1399 810 Magist.
1433 734 1585 792 circa
1613 735 1794 804 finem,
1823 739 1880 790 et
1904 748 1972 791 ex
2001 734 2200 789 Anton.
2232 730 2299 788 de

713 829 899 888 Butrio
924 831 979 886 in
1007 827 1271 900 prooemio
1299 828 1516 883 Decret.
1547 826 1734 895 lason,
1764 831 1818 879 et
1842 823 2005 878 Decio
2024 823 2081 878 in
2101 821 2207 894 leg.
2249 825 2297 890 1,

711 923 766 980 n'.
811 921 856 978 si
896 926 1114 977 certum
1143 923 1391 990 petatur,
1421 923 1476 972 et
1504 915 1620 972 aliis
1651 929 1790 988 quos
1818 912 2004 982 refert,
2034 917 2090 968 et
2116 913 2298 984 sequi·

713 1022 806 1071 tur
831 1010 1087 1070 Albertus
1115 1010 1334 1064 Brunus
1361 1011 1580 1063 tractat.
1617 1001 1689 1060 de
1721 1007 1858 1060 stat.
1890 999 2123 1060 exclud.
2140 999 2294 1073 sem.

714 1101 929 1160 articul.
965 1105 1026 1172 8,
1057 1115 1208 1156 num.
1245 1101 1347 1170 93,
1380 1102 1438 1154 et
1465 1097 1689 1152 loannes
1716 1094 1916 1151 Bonius
1946 1097 2187 1150 tractatu
2228 1089 2300 1150 de

716 1195 1051 1252 statutaria
1074 1189 1239 1246 urbis
1257 1189 1750 1263 praescriptione,
1787 1183 1974 1241 Glossa
2004 1187 2092 1255 19,
2119 1199 2177 1240 n.
2202 1186 2295 1241 61.

716 1294 772 1344 et
799 1282 1174 1358 sequentibus,
1203 1286 1260 1336 et
1285 1276 1566 1338 Rolandus
1596 1274 1796 1334 avalla
1815 1275 1868 1330 in
1888 1273 2299 1348 quaestionibus

717 1375 784 1432 de
820 1375 962 1432 lucr.
1003 1372 1180 1440 dotis,
1210 1375 1424 1443 quaest.
1459 1372 1513 1426 9.
1553 1366 1654 1424 Ubi
1683 1364 1866 1434 addit,
1896 1363 2301 1437 generalitatem

717 1466 974 1524 rubricae
1015 1461 1270 1520 sufficere
1311 1458 1379 1518 ad
1419 1457 1744 1516 decisionem
1786 1469 2017 1524 causae,
2059 1469 2167 1511 non
2206 1454 2302 1510 ob·

720 1562 898 1614 stante
938 1555 1217 1612 locutione
1251 1551 1388 1626 legis
1417 1551 1588 1625 magis
1616 1546 1892 1618 restricta,
1923 1545 2048 1619 quia
2077 1544 2302 1601 rubrica

719 1653 904 1720 potest
940 1660 1040 1717 pro
1080 1649 1237 1700 textu
1265 1640 1497 1716 alligari,
1527 1640 1676 1696 iuxta
1703 1643 1893 1696 notata
1919 1651 2018 1710 per
2047 1632 2301 1707 supradi-

725 1745 848 1796 ctos
877 1735 1155 1792 doctores.

799 1829 863 1884 Hi
901 1841 1032 1882 vero
1073 1825 1327 1882 doctores
1367 1836 1556 1879 omnes
1597 1817 1803 1877 nullam
1843 1816 1998 1876 aliam
2029 1817 2306 1890 probatio·

721 1933 846 1976 nem
888 1916 1124 1974 afferunt
1150 1919 1367 1985 praeter
1403 1925 1752 1969 communem
1791 1908 2036 1981 ipsorum
2073 1922 2305 1964 consen-

727 2024 885 2077 sum,
927 2012 984 2064 et
1021 2003 1177 2078 quasi
1214 2001 1587 2073 traditionem,
1619 2001 1838 2074 quaein
1867 1997 2305 2070 interpretatione

723 2099 922 2156 iurium
952 2109 1202 2168 magnam
1233 2096 1350 2150 sine
1371 2091 1534 2150 dubio
1555 2091 1721 2148 babet
1740 2089 2150 2158 auctoritatem
2178 2103 2305 2145 nam

724 2190 767 2246 si
806 2184 1152 2245 consuetudo
1193 2191 1281 2242 est
1321 2185 1526 2256 optima
1561 2182 1742 2256 legum
1771 2183 2065 2254 interpres,
2093 2195 2225 2253 ergo
2252 2185 2308 2236 et

726 2280 858 2337 baec
900 2283 981 2335 tot
1017 2283 1074 2333 et
1109 2281 1390 2333 tantorum
1429 2272 1724 2330 doctorum
1773 2271 2109 2344 testificatio,
2160 2285 2303 2342 quae

727 2367 1186 2428 consuetudinem
1215 2364 1524 2422 necessario
1553 2363 1715 2420 habet
1741 2361 2074 2434 adiunctam,
2105 2360 2220 2417 sive
2246 2359 2308 2418 il-

730 2461 835 2518 lam
862 2457 1158 2528 induxerit,
1189 2456 1300 2512 sive
1327 2454 1394 2511 de
1421 2453 1510 2510 illa
1537 2452 1876 2511 testificetur.
1912 2451 2181 2508 Videntur
2212 2465 2309 2507 au·

730 2561 840 2610 tem
873 2549 1004 2606 dicti
1041 2553 1298 2605 auctores
1325 2559 1632 2617 supponere
1650 2585 1665 2614 ,
1696 2543 1946 2600 rubricas
1973 2543 2104 2598 iuris
2134 2540 2309 2598 civilis

729 2657 851 2698 esse
877 2639 1197 2698 eorumdem
1233 2638 1626 2707 imperatorum
1653 2648 1751 2690 seu
1778 2631 2302 2701 iureconsultorum,

729 2747 968 2805 quorum
1010 2733 1140 2786 sunt
1175 2726 1353 2800 leges;
1384 2724 1531 2799 quod
1560 2722 1772 2781 fundari
1801 2727 1982 2794 potest
2010 2721 2060 2776 in
2091 2720 2130 2776 l.
2167 2726 2219 2792 1,
2252 2720 2306 2776 ff.

733 2825 780 2880 si
807 2829 1024 2880 certum
1053 2823 1221 2893 petat,
1251 2825 1311 2874 et
1335 2817 1564 2874 fortasse
1590 2817 1648 2871 in
1675 2813 1807 2872 aliis.
1839 2810 1994 2870 Unde
2021 2810 2205 2868 dicere
2226 2825 2313 2866 so-

737 2915 846 2971 lent
873 2913 1031 2971 iidem
1061 2911 1342 2982 doctores,
1367 2907 1620 2966 rubricas
1640 2904 1847 2963 decreti
1867 2919 1977 2960 non
1997 2902 2197 2959 babere
2218 2917 2316 2959 au-

737 3006 1100 3069 ctoritatem,·
1124 3000 1251 3074 quia
1279 3015 1385 3056 non
1416 2997 1639 3056 suntab
1666 2994 1986 3053 auctoribus
2014 3009 2313 3064 canonum,

737 3094 830 3152 sed
874 3111 906 3151 a
945 3092 1232 3164 Gratiano,
1260 3089 1346 3148 vel
1384 3089 1530 3146 aliis:
1569 3091 1643 3145 ita
1672 3092 1863 3144 notant
1889 3086 2114 3144 loannes
2142 3082 2313 3141 Andr.

736 3194 792 3246 et
816 3189 1014 3245 Anton.
1045 3187 1102 3242 in
1131 3183 1393 3258 prooemio
1421 3182 1635 3238 Decret.
1665 3180 1747 3237 Ex
1775 3178 1882 3234 hoc
1911 3182 2092 3234 autem
2120 3175 2320 3247 princi·

740 3279 828 3353 pio
857 3278 1131 3352 colligitur
1152 3274 1304 3333 valde
1325 3270 1587 3344 probabili
1609 3271 1871 3343 illatione,
1894 3267 2173 3326 rubricam
2194 3264 2319 3323 red-

737 3369 957 3427 dentem
999 3382 1222 3436 sensum
1269 3362 1576 3436 perfectum
1625 3361 1824 3418 habere
1860 3358 1992 3432 legis
2020 3357 2316 3415 auctorita·

739 3466 880 3530 tem,
911 3463 968 3514 et
992 3472 1100 3513 non
1137 3455 1352 3511 limitari
1381 3468 1478 3526 per
1507 3457 1716 3510 textum
1744 3450 2069 3523 regulariter
2095 3448 2321 3522 loquen-

741 3549 834 3622 do,
865 3549 968 3604 nisi
997 3547 1292 3604 necessitas
1318 3549 1503 3616 cogat,
1534 3557 1602 3598 ne
1630 3540 1892 3598 credatur
1919 3539 2040 3596 talis
2063 3538 2205 3597 tituli
2227 3555 2323 3596 au·

741 3649 863 3698 ctor
903 3639 1111 3695 frustra
1151 3633 1459 3711 generalem
1501 3631 1648 3689 illam
1687 3629 2108 3703 propositionem
2132 3637 2324 3701 protu-

743 3731 899 3802 lisse3
925 3727 1020 3785 sed
1048 3728 1230 3799 potius
1256 3725 1402 3798 leges
1431 3720 1717 3794 specialius
1745 3719 2032 3794 loquentes
2060 3734 2183 3776 esse
2213 3718 2326 3775 vel-

742 3820 821 3877 uti
849 3817 1092 3876 membra
1117 3815 1262 3872 illius
1289 3811 1657 3888 generalitatis
1683 3849 1698 3881 ,
1728 3810 1815 3866 vel
1841 3809 1996 3882 quasi
2027 3809 2326 3867 materialia
2358 3865 2365 3877 ,

742 3909 1014 3982 exempla,
1046 3907 1096 3964 in
1125 3906 1323 3986 quibus
1351 3904 1620 3976 cernitur,
1650 3899 1799 3975 quod
1831 3901 1881 3956 in
1911 3900 2134 3959 rubrica
2163 3917 2325 3975 gene·

741 4001 911 4059 ralius
939 3998 1268 4057 continetur.

819 4093 934 4149 Hoc
973 4105 1105 4164 ergo
1144 4085 1471 4160 principium
1498 4086 1687 4160 negari
1713 4099 1822 4142 non
1851 4090 2031 4157 potest
2058 4099 2091 4140 a
2117 4083 2325 4142 theolo-

745 4184 828 4256 gis
857 4197 985 4238 cum
1015 4177 1413 4252 probabilitate,
1447 4178 1574 4250 quia
1603 4175 1654 4232 in
1683 4172 1787 4249 bis,
1811 4191 1954 4249 quae
1974 4175 2168 4232 rationi
2192 4191 2323 4232 con·

745 4275 913 4331 traria
942 4286 1051 4329 non
1081 4276 1231 4338 sunt,
1265 4283 1365 4325 nec
1387 4266 1594 4339 legibus
1615 4273 1944 4339 repugnant,
1971 4264 2207 4322 multum
2231 4264 2323 4321 ba-

747 4365 839 4421 bet
865 4361 1118 4436 ponderis
1145 4358 1457 4416 communis
1483 4371 1788 4413 consensus
1817 4356 2113 4428 peritorum
2143 4355 2194 4411 in
2224 4371 2326 4412 sua

745 4452 960 4526 propria
999 4449 1257 4522 scientia,
1301 4446 1620 4520 praesertim
1660 4462 1791 4503 cum
1843 4448 1914 4502 sit
1953 4443 2086 4503 illud
2125 4439 2328 4517 princi·

745 4544 895 4615 pium
932 4558 1028 4614 per
1054 4556 1112 4597 se
1138 4537 1424 4596 verisimile
1451 4544 1510 4594 et
1537 4533 1965 4595 consentaneum
1994 4537 2211 4593 rationi.
2246 4537 2326 4592 Ex

744 4633 832 4691 illo
869 4638 1051 4690 autem
1092 4629 1292 4702 optime
1327 4628 1558 4686 infertur
1586 4627 1639 4683 in
1667 4627 1964 4700 praesenti,
1993 4626 2199 4683 dictam
2227 4641 2325 4682 au-

747 4723 1040 4781 thenticam
1067 4717 1460 4778 extendendam
1488 4732 1606 4775 esse
1633 4716 1702 4774 ad
1731 4732 1917 4774 omnes
1948 4717 2092 4788 leges
2112 4715 2322 4789 civiles,

747 4813 875 4887 quia
913 4811 1104 4870 titulus
1145 4809 1399 4868 rubricae
1436 4808 1703 4884 generalis
1731 4813 1844 4880 est,
1873 4812 1929 4864 et
1953 4822 2174 4864 sensum
2204 4805 2329 4863 red·

747 4904 828 4962 dit
862 4903 1193 4976 perfectum,
1235 4909 1292 4959 et
1323 4903 1398 4959 ita
1436 4900 1597 4958 habet
1634 4905 1816 4957 textus
1842 4899 2247 4969 auctoritatem,
2275 4903 2329 4953 et

746 5011 844 5068 per
869 4994 1012 5051 illam
1037 4991 1358 5066 explicanda
1385 4997 1472 5050 est
1497 4988 1828 5060 authentica,
1861 4987 2004 5044 sicut
2043 5003 2216 5044 unum
2244 4987 2328 5044 ius

748 5102 845 5160 per
885 5083 1028 5142 aliud
1067 5082 1389 5156 explicatur.
1428 5082 1528 5139 Ubi
1555 5079 1718 5139 etiam
1747 5077 2084 5137 considerari
2113 5083 2324 5150 potest,

749 5176 900 5252 quod
925 5183 1079 5234 notat
1104 5173 1254 5233 Bald.
1288 5177 1476 5232 Perus.
1509 5179 1673 5231 tract.
1707 5171 1775 5228 de
1801 5175 1991 5228 statut.
2017 5169 2183 5229 verbo
2222 5187 2323 5228 ru-

2071 253 2082 262 ·
2166 243 2369 295 mmm
2394 243 2500 294 111.

2363 371 2562 434 brica,
2602 373 2821 452 quoties
2858 372 3077 432 rubrica
3112 373 3303 446 incipit
3338 389 3437 447 per
3462 378 3552 442 ut,
3590 378 3687 432 aut
3712 389 3811 447 per
3844 388 3943 436 nc,

2362 461 2633 534 decidere,
2658 469 2715 521 et
2731 461 2929 520 habere
2950 465 3055 521 vim
3078 471 3281 536 textus,
3305 464 3428 539 quia
3450 463 3788 537 completum
3810 479 3961 521 sen··

2364 567 2488 610 sum
2523 551 2731 626 reddit,
2760 568 2893 626 ergo
2922 560 3054 612 tunc
3082 570 3177 627 per
3207 554 3347 613 illam
3376 562 3528 613 recte
3556 561 3738 612 textus
3766 555 3941 628 expli-

2373 649 2555 700 catur.
2588 643 2951 702 Confirmatur
2979 644 3083 701 boc
3112 646 3310 718 primo,
3342 645 3476 720 quia
3504 646 3557 702 in
3590 645 3815 703 materia
3842 645 3949 702 bu-

2370 732 2453 790 ius
2480 733 2827 792 authenticae
2858 734 2992 793 baec
3020 739 3263 794 extensio
3289 735 3595 795 favorabilis
3624 745 3744 795 est:
3777 737 3823 795 si
3850 753 3951 795 au-

2367 829 2478 880 tem
2507 823 2923 883 considerentur
2949 824 3163 900 allegati
3190 833 3482 900 auctores,
3512 827 3673 884 etiam
3701 829 3755 884 in
3782 834 3957 885 mate-

2372 915 2466 969 riis
2508 913 2744 988 odiosis,
2786 921 2842 973 et
2880 918 3051 976 stricti
3086 917 3219 974 iuris
3246 917 3391 975 illam
3420 918 3721 976 doctrinam
3752 919 3947 976 admit-

2368 1008 2523 1076 tunt,
2565 1019 2695 1078 ergo
2722 1021 2754 1061 a
2780 1006 2987 1065 fortiori
3012 1015 3096 1064 est
3122 1008 3191 1065 ad
3219 1007 3356 1065 hauc
3384 1008 3756 1066 authenticam
3784 1009 3957 1082 appli-

2369 1093 2560 1152 canda.
2592 1096 2955 1154 confirmatur
2991 1096 3097 1154 hoc
3140 1097 3415 1169 secundo,
3445 1101 3577 1172 quia
3602 1098 3704 1156 alia
3731 1113 3857 1170 pars
3884 1098 3945 1154 il-

2369 1183 2475 1242 lius
2516 1188 2955 1258 constitutionis,
2999 1202 3138 1261 quae
3178 1195 3265 1245 est
3302 1188 3371 1244 de
3409 1188 3665 1246 dilatione
3706 1189 3947 1246 duorum

2368 1277 2674 1348 mensium,
2717 1278 3038 1351 generaliter
3078 1278 3428 1352 intelligitur,
3474 1287 3535 1336 ut
3574 1279 3711 1336 infra
3750 1279 3955 1338 videbi-

2371 1381 2526 1440 mus,
2556 1375 2615 1424 et
2640 1369 2877 1426 sumitur
2903 1385 2969 1425 ex
2998 1368 3233 1443 quadam
3262 1369 3413 1426 Bulla
3440 1370 3517 1426 Pii
3544 1369 3631 1426 IV.
3666 1385 3831 1442 super
3858 1370 3953 1426 de-

2369 1456 2670 1514 claratione
2700 1459 2963 1530 temporis
2991 1457 3388 1516 observationis
3416 1458 3629 1516 concilii
3652 1459 3953 1529 tridentini,

2370 1547 2469 1604 ibi:
2514 1553 2652 1608 Iure
2690 1553 2991 1606 communi
3034 1553 3335 1607 sancitum
3362 1555 3464 1618 est,
3500 1555 3567 1606 ut
3595 1552 3963 1607 constitutio-

2370 1654 2474 1696 nes
2498 1641 2687 1697 novae
2709 1657 2825 1697 non
2842 1643 2963 1696 nisi
2978 1644 3111 1714 post
3128 1645 3355 1698 certum
3377 1645 3605 1716 tempus
3628 1639 3957 1701 obtineant:

2372 1729 2557 1786 nullibi
2587 1731 2731 1786 enim
2760 1731 3031 1788 invenitur
3059 1732 3350 1802 sancitum,
3382 1727 3485 1788 nisi
3516 1734 3570 1787 in
3599 1731 3693 1788 illa
3722 1731 3951 1788 authen-

2372 1819 2511 1888 tica;
2552 1835 2685 1893 ergo
2728 1819 2993 1877 intellexit
3030 1822 3275 1879 Pontifex
3315 1821 3465 1879 illam
3506 1821 3684 1896 legem
3712 1821 3966 1879 absolute

2370 1908 2438 1967 de
2478 1911 2629 1967 novis
2668 1910 3143 1968 constitutionibus
3166 1955 3179 1982 ,
3216 1918 3273 1968 et
3312 1927 3417 1968 non
3454 1917 3667 1968 tantum
3693 1910 3761 1968 de
3788 1913 3953 1983 perti-

2373 1998 2625 2057 nentibus
2654 1999 2722 2057 ad
2750 2005 3093 2057 testamenta.
3120 2003 3359 2075 Denique
3382 2017 3486 2060 non
3510 2008 3821 2075 repugnant
3843 2015 3963 2058 ver-

2372 2089 2443 2147 ba
2468 2090 2835 2152 authenticae,
2868 2091 2997 2164 quia
3024 2091 3153 2148 licet
3178 2093 3466 2149 occasione
3506 2099 3960 2150 testamentorum

2375 2180 2445 2237 sit
2472 2181 2636 2253 facta,
2668 2187 2723 2238 et
2748 2177 2866 2240 ideo
2892 2181 2960 2238 de
2990 2181 3087 2237 illis
3116 2180 3326 2256 legibus
3356 2184 3408 2240 in
3430 2183 3745 2256 particulari
3767 2183 3960 2257 loqua-

2375 2277 2504 2343 tur3
2544 2287 2653 2327 non
2690 2277 2775 2328 est
2815 2271 2865 2328 id
2900 2280 3078 2329 tamen
3121 2273 3473 2330 materialiter
3524 2274 3957 2348 intelligendum,

2376 2362 2469 2419 sed
2511 2361 2667 2436 quasi
2707 2361 2882 2435 gratia
2921 2361 3151 2435 exempli
3193 2370 3248 2420 et
3290 2362 3587 2420 formaliter
3626 2364 3959 2422 sumendum

2376 2459 2485 2525 est,
2512 2451 2659 2527 quod
2690 2452 2774 2508 lex
2802 2450 3051 2520 intendit,
3081 2455 3231 2510 iuxta
3251 2453 3548 2526 rubricam,
3573 2470 3739 2528 quam
3764 2462 3961 2512 auctor

2377 2544 2496 2600 eius
2538 2543 2847 2614 proposuit.
2892 2542 2991 2599 Cui
3037 2543 3318 2600 intentioni
3360 2552 3666 2603 consonant
3704 2545 3967 2602 nonnulla

2378 2631 2574 2703 verba,
2618 2647 2759 2705 quae
2800 2631 3062 2689 rationem
3104 2632 3413 2707 generalem
3450 2633 3722 2704 indicant,
3755 2642 3816 2693 ut
3842 2643 3973 2692 sunt

2379 2722 2517 2780 illat-
2544 2724 2671 2780 Cur
2707 2724 2863 2779 enim
2897 2720 3271 2796 culpabimus
3310 2740 3432 2790 eos,
3480 2729 3583 2799 qui
3608 2728 3844 2800 positas
3870 2743 3971 2782 no-

2380 2819 2542 2870 stras
2565 2815 2969 2886 ignoraverint
2996 2814 3475 2872 constitutiones?
3500 2817 3565 2872 Si
3592 2819 3692 2889 (ut
3718 2815 3859 2873 infra
3890 2813 3971 2872 di-

2384 2902 2497 2978 cit)
2528 2918 2593 2959 eo
2621 2899 2779 2977 quod
2804 2919 2923 2959 non
2933 2901 3192 2976 suerunt
3218 2901 3582 2978 sufficienter
3601 2910 3963 2984 propositae,

2382 2997 2763 3068 ignorantur.

2469 3087 2555 3141 10.
2588 3082 2886 3142 Dicendum
2914 3098 3049 3159 ergo
3076 3092 3182 3158 est,
3215 3085 3265 3142 vi
3294 3085 3427 3143 iuris
3456 3089 3765 3145 communis
3803 3087 3971 3160 impe-

2386 3174 2566 3246 rialis,
2596 3190 2697 3232 seu
2724 3175 2899 3231 civilis
2935 3177 3295 3234 necessariam
3324 3193 3445 3234 esse
3473 3178 3965 3252 promulgationem

2388 3263 2521 3338 legis
2546 3267 2609 3340 in,
2630 3265 2939 3323 civitatibus
2970 3268 3393 3338 provinciarum,
3425 3276 3522 3326 aut
3545 3285 3874 3344 regnorum,
3906 3277 3969 3329 ut

2389 3359 2444 3415 in
2470 3357 2697 3432 singulis
2724 3357 3017 3430 provinciis
3041 3358 3125 3415 lex
3148 3359 3371 3432 obliget,
3398 3376 3499 3418 nec
3521 3360 3777 3418 sufficere
3798 3377 3966 3418 unam

2389 3447 2811 3521 publicationem
2849 3447 3049 3505 factam
3084 3449 3136 3504 in
3180 3451 3336 3508 curia
3360 3451 3641 3523 principis.
3674 3453 3834 3510 Ratio
3864 3460 3971 3524 est,

2391 3537 2523 3612 quia
2548 3541 2623 3596 ita
2652 3545 2920 3596 statutum
2948 3547 3037 3597 est
3060 3541 3177 3596 iure
3205 3540 3462 3612 imperiali
3486 3541 3644 3599 modo
3668 3541 3972 3610 declarato,

2394 3632 2613 3688 iuvante
2626 3629 2789 3686 etiam
2803 3629 3200 3687 consuetudine
3223 3629 3448 3703 imperii.
3464 3632 3832 3704 congruentia
3848 3647 3977 3688 vero

2396 3737 2590 3795 magna
2630 3721 2877 3794 profecto
2908 3727 3017 3793 est,
3051 3727 3115 3777 ut
3143 3719 3248 3778 boc
3278 3719 3443 3778 modo
3470 3722 3665 3779 melius
3692 3722 3864 3794 possit
3890 3721 3977 3778 lex

2396 3813 2739 3869 innotescere
2760 3851 2775 3880 ,
2814 3817 2871 3867 et
2899 3811 3140 3868 vitentur
3167 3826 3361 3885 magna
3385 3810 3753 3884 incommoda,
3782 3817 3839 3868 et
3865 3812 3979 3868 iur-

2393 3901 2503 3976 gia,
2534 3915 2629 3957 seu
2668 3899 2818 3971 lites,
2864 3915 3005 3974 quae
3031 3915 3097 3956 ex
3125 3901 3462 3974 ignoratione
3490 3900 3623 3975 legis
3651 3908 3872 3975 propter
3900 3900 3983 3958 di-

2396 3990 2781 4048 stantissimam
2828 3989 3323 4064 promulgationem
3380 3999 3611 4064 possunt
3666 3993 3976 4063 provenire.

2395 4083 2616 4140 Addunt
2657 4081 2879 4138 iuristae
2918 4075 3355 4154 congruentiam,
3383 4082 3513 4154 quia
3542 4082 3841 4155 imperator
3871 4099 3976 4140 non

2396 4172 2556 4230 habet
2580 4173 2795 4228 curiam
2837 4170 3083 4228 stabilem
3104 4178 3162 4228 et
3182 4170 3507 4228 immobilem
3525 4212 3541 4244 ,
3568 4171 3662 4229 sed
3691 4172 3847 4230 facile
3867 4173 3979 4230 buc

2397 4269 2562 4337 atque
2598 4262 2733 4319 illuc
2762 4260 3116 4333 transfertur,
3146 4267 3201 4316 et
3229 4260 3347 4318 ideo
3377 4277 3485 4318 non
3512 4267 3841 4334 potestesse
3869 4271 3979 4319 tam

2396 4360 2550 4412 certa
2588 4358 2645 4410 et
2689 4351 3011 4409 universalis
3050 4351 3454 4426 promulgatio,
3496 4367 3636 4426 quae
3676 4355 3733 4410 in
3773 4354 3862 4411 illa
3894 4356 3977 4426 tit,

2397 4444 2714 4519 praesertim
2766 4457 2867 4515 pro
2908 4444 3129 4516 regnis,
3173 4441 3255 4499 vel
3296 4443 3586 4514 provinciis
3624 4442 3993 4516 distantibus,·

2398 4550 2540 4609 quae
2579 4541 2635 4592 et
2673 4549 2930 4608 magnam
2970 4549 3185 4590 morum
3220 4532 3703 4591 dissimilitudinem
3724 4575 3740 4605 ,
3773 4541 3831 4592 et
3857 4551 3982 4608 par-

2398 4643 2521 4684 vam
2562 4623 3109 4684 communicationem
3146 4625 3285 4680 inter
3324 4639 3381 4680 se
3419 4622 3619 4681 babere
3654 4625 3850 4682 solent.
3884 4630 3981 4682 At·

2396 4735 2503 4795 que
2534 4719 2657 4776 hinc
2685 4719 2763 4790 lit,
2798 4724 2858 4774 ut
2884 4731 3074 4772 omnes
3105 4714 3382 4772 inferiores
3410 4715 3681 4787 principes
3710 4724 3985 4788 tempora·

2401 4811 2516 4882 les,
2562 4809 2656 4882 qui
2694 4805 3009 4865 subduntur
3045 4804 3267 4877 imperio
3304 4812 3363 4860 et
3401 4803 3609 4877 legibus
3644 4805 3797 4876 eius,
3830 4808 3987 4863 iuxta

2400 4899 2541 4956 hanc
2568 4896 2815 4973 regulam
2854 4902 2911 4952 et
2948 4893 3314 4952 conditionem
3346 4892 3493 4968 leges
3522 4911 3651 4950 suas
3680 4896 3982 4968 particula-

2398 5007 2487 5048 res
2513 4990 2654 5046 ferre
2684 4992 2999 5059 teneantur,
3030 4985 3156 5058 quia
3182 5001 3291 5041 non
3320 4993 3553 5058 possunt
3578 4991 3819 5045 statuere
3848 5003 3982 5044 con-

2401 5088 2484 5141 tra
2510 5079 2595 5136 ius
2622 5092 2936 5147 commune,
2966 5075 3063 5132 nisi
3090 5074 3485 5134 consuetudine
3506 5075 3590 5133 vel
3614 5077 3835 5151 speciali
3862 5080 3983 5137 iure

2399 5171 2497 5228 sibi
2526 5183 2794 5227 concesso
2820 5169 3053 5240 exempti
3082 5167 3211 5241 sint,
3236 5171 3301 5224 ut
3318 5181 3489 5240 supra
3505 5171 3590 5225 est
3610 5167 3978 5228 declaratum.

3236 6197 3473 6208 -.m-*A
3535 6181 3661 6208 τι
3726 6174 3975 6207 ,Ε-.
