4325 6267
1823 341 2034 394 CAPUT
2057 342 2202 392 xlv.

357 481 747 550 praeceptum,
799 481 865 534 ut
887 491 955 534 ex
985 489 1152 549 supra
1177 471 1334 532 dictis
1363 476 1602 531 constat.
1630 470 1740 528 Lex
1768 475 1952 529 autem

355 563 722 640 declarativa,
771 573 839 625 ut
873 568 985 640 sic,
1027 565 1214 638 potius
1248 571 1336 625 est
1372 564 1623 624 doctrina
1661 561 1950 637 quaedam,

355 670 498 728 quae
525 658 728 730 optime
755 656 906 716 cadit
936 659 990 714 in
1029 657 1340 729 praeterita.
1371 653 1530 724 Quod
1558 656 1604 711 si
1637 652 1954 712 considere·

355 752 450 803 tur
489 745 579 804 illa
629 746 714 806 lex
754 754 822 806 ut
858 753 1216 821 praeceptum
1255 745 1500 820 obligans
1527 744 1593 802 ad
1623 740 1954 818 sequendam

356 833 506 894 illam
545 835 963 896 declarationem
995 845 1059 895 ut
1083 835 1475 910 authenticam,
1504 835 1584 892 sic
1610 837 1775 892 etiam
1800 848 1955 906 prae-

355 933 584 1000 ceptum
629 926 761 984 illud
798 934 1053 984 versatur
1091 928 1242 985 circa
1277 931 1472 999 aetus,
1510 941 1608 998 per
1634 941 1777 1000 quos
1805 938 1954 981 nunc

354 1015 634 1074 iudicatur
671 1015 740 1074 de
767 1032 930 1074 sensu
957 1016 1278 1090 praeteritae
1307 1015 1464 1090 legis,
1492 1015 1650 1074 etita
1669 1030 1776 1071 non
1799 1014 1954 1072 indu-

353 1109 438 1164 cit
474 1106 860 1182 obligationem
898 1123 1096 1165 novam
1124 1107 1192 1164 ad
1221 1106 1453 1180 aliquem
1482 1112 1668 1164 actum
1695 1103 1956 1180 'praeteri-

353 1203 508 1271 tum,
553 1204 616 1255 ut
641 1213 740 1271 per
769 1213 830 1255 se
857 1203 1098 1270 constat,
1128 1196 1224 1254 sed
1252 1195 1320 1254 ad
1346 1196 1584 1254 futuros.

442 1288 496 1346 7.
528 1284 611 1345 Ad
649 1286 1026 1360 explicandam
1055 1289 1254 1362 igitur,
1285 1294 1343 1345 et
1368 1285 1699 1360 probandam
1727 1284 1955 1343 alteram

355 1383 568 1451 partem
607 1377 925 1436 assertionis
947 1419 962 1450 ,
1005 1375 1367 1451 distinguendi
1406 1384 1538 1435 sunt
1564 1377 1698 1450 legis
1725 1375 1956 1434 effectus

358 1482 533 1540 supra
567 1468 876 1539 numerati,
915 1483 1152 1541 quorum
1191 1468 1400 1540 primus
1437 1473 1524 1524 est
1549 1466 1831 1540 obligatio,
1860 1465 1954 1539 qui

353 1556 547 1616 locum
596 1574 706 1616 non
749 1557 913 1616 habet
951 1557 1004 1614 in
1044 1557 1259 1616 actibus
1300 1557 1606 1630 praeteritis
1627 1599 1642 1630 ,
1682 1564 1956 1630 quatenus

353 1651 641 1722 praeteriti
700 1655 870 1724 sunt,
913 1657 979 1707 ut
1018 1665 1116 1722 per
1153 1665 1212 1706 se
1249 1655 1306 1707 et
1341 1664 1406 1707 ex
1440 1647 1602 1706 dictis
1630 1655 1872 1721 constat3
1901 1653 1958 1706 et

353 1737 478 1796 ideo
541 1738 722 1814 quoad
773 1739 923 1797 hunc
959 1739 1226 1798 'effectum
1272 1756 1380 1797 non
1425 1745 1608 1812 potest
1653 1738 1952 1813 legislator,

353 1829 569 1887 etiamsi
623 1831 859 1888 maxime
899 1831 1088 1904 cupiat
1123 1828 1414 1888 extendere
1453 1846 1650 1888 novam
1687 1829 1862 1904 legem
1889 1828 1957 1887 ad

354 1927 519 1978 actus
580 1919 936 1994 praeteritos,
976 1919 1106 1995 quia
1133 1923 1182 1977 si
1208 1919 1283 1978 illi
1311 1908 1441 1978 facti
1465 1926 1596 1977 sunt
1626 1919 1740 1976 sine
1768 1919 1951 1995 culpa,

349 2025 466 2068 non
503 2016 765 2084 poterunt
803 2010 956 2070 reddi
983 2010 1282 2084 culpabiles
1311 2018 1536 2085 propter
1561 2012 1736 2085 legem
1764 2017 1956 2084 postea

352 2101 544 2159 latam.
592 2105 661 2159 At
697 2117 828 2160 vero
877 2101 1061 2176 quoad
1101 2102 1360 2161 effectum
1398 2117 1634 2175 poenae,
1664 2108 1845 2175 potest
1870 2101 1956 2159 lex

353 2207 454 2264 per
495 2191 830 2251 voluntatem
883 2191 1210 2267 legislatoris
1245 2190 1459 2250 extendi
1490 2190 1557 2249 ad
1585 2199 1772 2251 actum
1800 2207 1955 2266 prae-

354 2282 610 2355 teritum,
666 2298 774 2341 non
813 2283 994 2340 solum
1027 2288 1301 2357 quatenus
1326 2282 1494 2342 habet
1521 2289 1838 2356 respectum
1866 2283 1952 2340 vel

353 2379 596 2432 tractum
651 2376 1030 2432 successivum
1071 2376 1123 2432 in
1161 2374 1413 2432 futurum
1448 2372 1633 2449 (quod
1659 2380 1747 2432 est
1770 2389 1868 2448 per
1895 2389 1954 2432 se

357 2464 702 2523 manifestum
738 2473 800 2523 et
825 2481 1146 2539 expressum
1171 2465 1224 2522 in
1251 2480 1306 2522 c.
1342 2466 1496 2524 Cum
1523 2469 1603 2532 tu,
1631 2463 1698 2522 de
1719 2479 1876 2521 usur.
1900 2469 1958 2520 et

355 2561 442 2611 est
477 2554 741 2628 frequens
787 2555 840 2612 in
879 2557 1132 2613 censuris
1173 2552 1462 2628 ferendis),
1505 2552 1601 2611 sed
1638 2553 1800 2612 etiam
1825 2568 1954 2627 pro-

353 2652 478 2718 pter
503 2653 692 2704 actum
729 2647 886 2719 prius
913 2646 1291 2704 commissum.
1323 2646 1396 2703 Ut
1422 2645 1528 2702 hoc
1557 2650 1741 2702 autem
1767 2643 1954 2702 locum

357 2735 586 2809 habeat,
641 2738 952 2794 necessario
991 2734 1410 2809 supponendum
1435 2742 1543 2808 est,
1576 2734 1738 2793 talem
1766 2741 1952 2792 actum

357 2824 524 2882 fuisse
573 2825 780 2884 malum
817 2833 1013 2884 contra
1049 2825 1197 2883 aliud
1236 2826 1320 2883 ius
1360 2825 1638 2899 antiquius
1680 2824 1765 2882 vel
1791 2832 1952 2883 natu·

354 2916 502 2990 rale,
533 2915 620 2975 vel
658 2918 976 2991 positivum,
1008 2919 1135 2991 quia
1161 2932 1269 2974 non
1295 2922 1381 2974 est
1407 2921 1567 2975 actus
1595 2915 1794 2989 dignus
1823 2931 1952 2989 poe·

357 3023 448 3080 na,
477 3008 577 3065 nisi
619 3013 890 3082 quatenus
917 3022 1016 3080 per
1041 3006 1195 3064 illum
1222 3005 1454 3065 violatur
1475 3005 1696 3081 aliquod
1721 3008 1826 3080 ius;
1854 3022 1952 3080 per

359 3104 545 3154 actum
583 3103 765 3154 autem
792 3099 1148 3170 praeteritum
1175 3113 1284 3154 non
1313 3097 1552 3155 violatur
1570 3098 1659 3155 ius
1681 3097 1951 3170 posterius

359 3186 672 3264 conditum3
707 3203 840 3260 ergo
868 3195 931 3245 ut
968 3189 1140 3262 possit
1166 3203 1263 3261 per
1290 3189 1644 3260 posteriorem
1672 3187 1848 3260 legem
1868 3188 1951 3244 iu-

361 3287 440 3334 ste
466 3278 683 3351 puniri,
718 3292 940 3336 necesse
965 3283 1072 3348 est,
1104 3284 1171 3336 ut
1198 3283 1536 3351 supponatur
1562 3276 1730 3334 fuisse
1757 3283 1952 3334 contra

359 3365 577 3440 aliquod
603 3368 690 3424 ius
729 3369 1034 3442 antiquum.
1067 3369 1184 3425 Hoc
1214 3373 1396 3426 autem
1424 3365 1836 3440 intelligendum
1863 3371 1950 3424 est

359 3455 426 3514 de
455 3457 677 3531 propria
716 3472 911 3532 poena,
942 3459 1093 3516 sicut
1117 3459 1172 3514 in
1199 3457 1356 3515 simili
1381 3472 1556 3530 nuper
1581 3455 1721 3531 dixi3
1753 3471 1876 3514 nam
1905 3459 1950 3513 si

361 3549 430 3605 sit
456 3547 574 3605 sola
612 3547 987 3624 irregularitas
1015 3563 1115 3605 seu
1142 3547 1464 3622 inhabilitas,
1496 3552 1676 3621 potest
1701 3562 1767 3604 ex
1797 3561 1952 3620 prae-

359 3639 522 3697 terito
558 3643 686 3697 actu
713 3639 935 3712 imponi,
965 3639 1126 3696 etiam
1157 3638 1268 3695 sine
1294 3637 1460 3711 culpa
1487 3639 1628 3710 eius,
1661 3638 1751 3694 cui
1779 3637 1949 3710 impo-

359 3729 530 3786 nitur.
580 3727 841 3804 idemque
882 3737 968 3787 est
1003 3727 1068 3786 de
1097 3730 1446 3787 revocatione
1476 3728 1706 3786 alicuius
1733 3728 1950 3802 privile·

358 3820 452 3893 gii.
491 3819 753 3894 Exempla
789 3825 920 3877 sunt
944 3818 1127 3894 quoad
1155 3819 1392 3893 primum
1418 3820 1476 3877 in
1503 3819 1681 3878 Motu
1697 3822 1945 3895 proprio

357 3909 437 3966 Pii
464 3909 532 3966 V.
562 3908 630 3966 de
657 3909 968 3984 illegitimis3
983 3909 1164 3982 quoad
1187 3907 1490 3967 secundum
1510 3910 1716 3967 veroin
1744 3909 1943 3968 concil.

363 3999 490 4056 trid.
523 4015 660 4057 sess.
691 4004 795 4074 23,
826 4015 950 4072 cap.
987 4003 1040 4058 6.
1070 3999 1140 4056 de
1166 3997 1565 4072 reformatione,
1596 3999 1688 4056 ubi
1715 3997 1950 4074 disponit

361 4088 428 4146 de
455 4089 718 4148 ordinatis
747 4090 797 4146 in
829 4088 1151 4156 minoribus,
1181 4095 1238 4147 et
1262 4085 1679 4164 comprehendit
1705 4104 1823 4164 eos,
1851 4091 1948 4165 qui

360 4186 484 4238 ante
510 4180 656 4239 illam
687 4180 863 4255 legem
887 4189 1045 4238 erant
1071 4180 1329 4239 ordinati.

441 4271 641 4330 Deinde
665 4287 972 4346 supponere
995 4287 1218 4329 necesse
1237 4278 1344 4344 est,
1367 4271 1729 4345 legislatorem
1750 4270 1947 4329 hahere

360 4369 686 4437 potestatem
733 4360 803 4421 ad
842 4361 1117 4437 punienda
1155 4360 1352 4420 delicta
1391 4378 1501 4420 non
1526 4368 1759 4430 ‚tantum
1798 4377 1950 4421 com-

361 4454 528 4510 missa
561 4459 756 4512 contra
795 4469 926 4512 suas
952 4452 1132 4528 leges,
1161 4451 1257 4510 sed
1281 4453 1450 4511 etiam
1478 4459 1674 4510 contra
1701 4451 1836 4510 alias
1864 4451 1945 4511 di-

359 4544 514 4602 vinas
560 4543 646 4602 vel
685 4543 979 4617 humanam
1023 4542 1173 4618 quod
1209 4559 1310 4618 per
1342 4559 1400 4601 se
1440 4545 1570 4602 satis
1600 4543 1813 4603 clarum
1839 4551 1944 4620 est,

363 4635 490 4710 quia
524 4635 592 4694 ad
627 4650 756 4693 eum
791 4635 1028 4708 pertinet
1051 4650 1212 4707 cura,
1243 4641 1308 4692 ut
1333 4650 1524 4693 omnes
1549 4633 1696 4708 leges
1724 4650 1948 4693 serven·

363 4733 478 4798 tur,
507 4732 566 4783 et
592 4730 990 4799 consequenter
1015 4730 1262 4796 potestas
1290 4725 1587 4783 coercitiva
1610 4726 1730 4782 eius
1759 4731 1948 4783 exten·

363 4815 515 4874 ditur
541 4815 609 4874 ad
649 4831 836 4873 omnes
873 4815 1338 4889 transgressiones
1369 4830 1846 4890 quarumcumque
1873 4815 1948 4874 le·

362 4922 498 4980 gum
538 4906 927 4980 pertinentium
961 4905 1032 4964 ad
1059 4905 1470 4968 convenientem
1497 4907 1822 4981 reipublicae
1847 4923 1949 4982 gu·

361 4997 751 5056 bernationem.
782 4998 864 5056 Ex
899 4996 982 5055 his
1018 5012 1151 5072 ergo
1188 5003 1340 5055 recte
1376 4998 1756 5074 concluditur,
1785 5013 1948 5073 posse

341 5089 668 5162 ‘principem
703 5104 846 5148 nova
878 5087 1000 5162 lege
1033 5089 1224 5162 punire
1264 5088 1462 5149 delicta
1499 5091 1652 5164 prius
1691 5092 1953 5149 commis·

347 5167 427 5237 ‘sa
465 5185 660 5239 contra
699 5179 829 5238 alias
869 5178 1020 5252 leges
1059 5179 1290 5252 priores.
1331 5181 1404 5238 Et
1439 5178 1778 5254 declaratum
1823 5197 1949 5240 nam

365 5277 549 5347 potest
582 5270 778 5346 punire
815 5269 1146 5344 praecedens
1183 5268 1445 5330 delictum
1493 5286 1588 5346 per
1628 5273 1950 5334 sententiam

531 5385 732 5440 Sumz.
751 5385 1197 5442 munibus—Pars
1214 5385 1250 5432 l.

3389 321 3512 386 209

2023 474 2213 541 postea
2249 468 2459 542 datam3
2489 483 2621 543 ergo
2659 469 2834 526 etiam.
2862 469 3044 540 potest
3088 466 3388 540 perlegam
3417 472 3603 538 postea

2023 557 2188 616 latam
2216 601 2231 631 ,
2259 559 2387 633 quia
2426 558 2687 617 sententia
2713 563 2797 614 est
2820 556 3085 631 quaedam
3113 555 3458 628 particularis
3493 555 3601 614 lex.

2019 648 2253 722 Oportet
2272 657 2451 707 autem
2474 648 2659 707 ultimo
2683 648 2995 720 observare,
3011 645 3230 705 duobus
3248 646 3423 704 modis
3444 661 3604 719 posse

2021 738 2199 814 legem
2227 740 2417 812 punire
2437 737 2767 812 praecedens
2787 737 3067 796 delictum.
3091 737 3267 794 Primo
3292 751 3468 811 poena
3488 737 3603 808 ipso

2020 830 2138 886 iure
2180 831 2463 903 imposita,
2502 821 2695 886 et‘hoc
2730 829 3034 900 rarissime,
3083 827 3167 885 vel
3202 843 3483 901 nunquam
3518 827 3602 900 fit,

2020 920 2153 993 quia
2194 928 2341 976 esset
2377 919 2537 976 nimis
2578 921 2919 992 rigni-osum,
2948 918 3093 976 unde
3129 933 3395 975 censurae
3424 916 3604 994 (quae

2023 1009 2259 1068 maxime
2298 1008 2477 1068 solent
2524 1009 2641 1082 ipso
2686 1010 2805 1066 iure
2843 1008 3078 1084 imponi)
3118 1024 3397 1083 nunquam
3434 1009 3605 1082 impo-

2021 1107 2234 1160 nuntur
2260 1107 2485 1175 propter
2504 1098 2765 1158 delictum
2785 1101 3154 1174 praeteritum,
3182 1106 3246 1157 ut
3267 1102 3370 1173 sic,
3398 1100 3465 1158 de
3486 1115 3599 1174 quo

2022 1191 2165 1249 alibi.
2189 1192 2309 1249 Alio
2334 1191 2497 1249 modo
2533 1191 2776 1264 designat
2809 1189 2897 1248 lex
2934 1206 3161 1264 poenam
3197 1187 3528 1248 inferendam
3572 1207 3606 1247 a

2023 1281 2227 1354 iudice,
2258 1288 2316 1339 et
2339 1281 2444 1339 hoc
2475 1280 2687 1340 facilius
2715 1282 2828 1339 fieri
2849 1287 3051 1354 potest,
3074 1280 3235 1338 etiam
3259 1282 3309 1337 in
3333 1279 3518 1338 ordine
3538 1278 3609 1337 ad

2022 1371 2227 1430 delicta
2256 1374 2361 1430 iam
2390 1373 2702 1445 commissa,
2729 1369 2948 1445 quando
2978 1387 3086 1428 non
3109 1370 3377 1429 habebant
3398 1377 3607 1428 certam

2025 1477 2253 1536 poenam
2294 1469 2565 1536 taxatam3
2608 1477 2735 1518 nam
2776 1468 2910 1518 tunc
2950 1461 3137 1519 futura
3162 1469 3282 1519 erat
3306 1461 3607 1533 arbitraria,

2024 1561 2084 1612 et
2109 1552 2215 1612 hoc
2248 1553 2536 1612 arbitrium
2564 1559 2752 1626 potest
2778 1552 2865 1610 lex
2889 1550 3127 1610 delinire.
3160 1553 3218 1610 Si
3244 1560 3431 1611 autem
3457 1553 3612 1625 prius

2022 1657 2144 1709 erat
2170 1666 2345 1724 poena
2372 1649 2620 1724 imposita
2648 1663 2747 1722 per
2772 1649 2984 1721 priores
3013 1645 3178 1720 leges,
3202 1646 3289 1704 vix
3311 1651 3491 1718 potest
3509 1660 3612 1702 au-

2027 1741 2144 1816 geri
2170 1757 2269 1815 per
2298 1740 2656 1817 posteriorem
2682 1737 2857 1812 legem
2883 1739 2938 1793 in
2967 1736 3154 1794 ordine
3180 1735 3249 1793 ad
3274 1735 3472 1793 delicta
3496 1735 3608 1793 iam

2022 1835 2352 1906 commissa,
2390 1833 2521 1906 quia
2559 1831 2667 1888 iam
2700 1829 2791 1887 illa
2825 1828 3157 1887 induxerunt
3182 1828 3463 1900 proprium
3489 1841 3608 1884 rea·

2021 1929 2140 1981 tum
2168 1938 2398 1996 poenae.
2429 1907 2788 1980 Nihilominus
2814 1925 3041 1992 propter
3061 1918 3300 1992 aliquam
3324 1923 3609 1990 urgentem

2021 2029 2251 2072 causam
2278 2013 2406 2071 boni
2436 2012 2742 2071 communis
2768 2010 3037 2084 existimo,
3069 2007 3122 2067 id
3148 2009 3259 2067 lieri
3281 2025 3439 2082 posse
3460 2023 3492 2064 a
3512 2024 3609 2065 su-

2022 2120 2215 2178 premo
2253 2103 2527 2178 principe,
2571 2118 2681 2178 qua
2717 2118 2997 2178 nunquam
3032 2101 3133 2160 sibi
3168 2099 3389 2160 abstulit
3413 2099 3605 2158 huius-

2021 2195 2169 2253 modi
2199 2201 2543 2269 potestatem.
3144 2257 3149 2262 ,

2101 2291 2158 2344 8.
2191 2290 2369 2363 Atque
2404 2285 2601 2344 eodem
2636 2283 2796 2342 modo
2826 2282 3168 2343 sentiendum
3194 2288 3281 2340 est
3304 2281 3371 2340 de
3400 2280 3503 2340 alio
3528 2281 3605 2339 ef-

2023 2376 2173 2436 fectu
2200 2376 2449 2435 irritandi
2475 2382 2693 2449 actum,
2724 2391 2851 2443 raro
2877 2375 3019 2432 enim
3048 2380 3230 2448 potest
3255 2373 3339 2432 lex
3366 2372 3434 2430 de
3462 2387 3605 2430 novo

2023 2469 2246 2527 irritans
2274 2467 2343 2525 ad
2370 2474 2532 2526 actus
2562 2467 2667 2525 iam
2696 2468 2873 2524 factos
2899 2464 3137 2534 extendi,
3162 2474 3473 2524 nontamen
3494 2480 3609 2522 om·

2019 2560 2148 2617 nino
2193 2565 2480 2633 repugnat.
2511 2558 2645 2627 Quia
2679 2573 2747 2615 ex
2770 2558 2917 2614 iusta
2942 2571 3111 2616 causa
3137 2562 3319 2630 potest
3344 2554 3507 2613 iudex
3532 2555 3607 2612 ir-

2019 2651 2183 2709 ritare
2227 2653 2409 2706 actum
2450 2649 2553 2706 iam
2590 2647 2794 2706 factum
2815 2691 2830 2719 ,
2872 2652 2928 2704 et
2960 2631 3197 2704 validum
3219 2687 3233 2715 ,
3265 2662 3362 2720 per
3386 2653 3603 2705 senten-

2022 2739 2178 2813 tiam;
2221 2755 2355 2814 ergo
2396 2745 2453 2797 et
2482 2738 2757 2816 legislator
2781 2753 2847 2795 ex
2874 2753 3043 2796 causa
3072 2739 3479 2811 proportionata
3504 2755 3605 2812 po·

2021 2830 2150 2888 terit
2176 2829 2318 2890 idem
2346 2830 2526 2888 facere
2552 2845 2650 2902 per
2676 2828 2873 2904 legem,
2904 2828 2949 2885 si
2977 2834 3155 2887 tamen
3184 2836 3342 2887 actus
3371 2829 3603 2896 irritabi,-

2021 2920 2090 2977 lis
2115 2921 2208 2977 sit.
2247 2917 2404 2989 Quod
2442 2919 2567 2978 dico
2604 2907 2833 2992 propter
2862 2919 3292 2995 matrimonium,
3324 2927 3378 2978 et
3403 2921 3603 2979 similes
3672 2983 3691 3004 ⁵

2020 3016 2204 3081 actus,
2236 3009 2330 3083 qui
2358 3015 2488 3068 sunt
2507 3015 2702 3066 natura
2722 3025 2825 3067 sua
2841 3009 2929 3067 vel
2948 3008 3143 3066 Christi
3166 3011 3503 3070 institutione
3525 3010 3605 3067 in-

2020 3098 2400 3172 dissolubiles,
2441 3106 2498 3158 et
2534 3097 2641 3157 hoc
2680 3096 2751 3155 ad
2790 3100 2970 3158 minus
3010 3100 3247 3157 sumitur
3274 3115 3339 3158 ex
3367 3118 3421 3158 c.
3450 3106 3603 3162 Ante

2020 3191 2366 3258 triennium,
2400 3188 2457 3246 d.
2490 3193 2581 3248 31.
2604 3189 2729 3246 'lmo
2756 3189 2809 3246 in
2838 3189 2940 3259 his,
2971 3191 3066 3262 qui
3092 3189 3159 3245 ab
3185 3189 3499 3248 hominibus
3527 3193 3600 3249 ir-

2018 3279 2170 3337 ritari
2207 3285 2463 3353 possunt,
2507 3285 2725 3352 oportet
2757 3277 3060 3348 advertere,
3092 3279 3362 3352 quosdam
3387 3281 3499 3338 lieri
3527 3281 3603 3339 ita

2017 3368 2242 3438 validos,
2274 3375 2341 3427 ut
2363 3369 2471 3426 sint
2497 3368 2653 3426 etiam
2682 3367 2900 3425 omnino
2926 3369 3064 3432 firmi
3092 3385 3161 3427 ex
3188 3385 3267 3442 se,
3296 3371 3427 3442 quia
3450 3368 3598 3427 vide-

2017 3458 2145 3518 licet
2171 3458 2401 3532 legitime
2439 3458 2568 3516 facti
2597 3466 2762 3534 sunt,
2789 3466 2847 3517 et
2872 3457 3180 3519 secundum
3208 3476 3397 3517 omnes
3423 3459 3594 3536 leges,

2019 3565 2158 3624 quae
2189 3556 2323 3607 tunc
2354 3549 2627 3625 vigebant,
2651 3547 2870 3623 quando
2893 3548 3023 3606 facti
3040 3556 3190 3623 sunt,
3216 3556 3271 3607 et
3291 3550 3603 3608 huiusmodi

2017 3647 2181 3699 actus
2218 3639 2383 3700 semel
2414 3639 2572 3714 facti,
2604 3639 2880 3698 moraliter
2905 3640 3211 3715 loquendo,
3240 3658 3349 3699 non
3373 3646 3604 3714 possunt

2017 3747 2114 3806 per
2141 3731 2565 3806 subsequentem
2591 3729 2765 3805 legem
2793 3731 3018 3808 irritari,
3048 3733 3147 3789 nisi
3177 3731 3315 3790 forte
3343 3732 3399 3791 in
3426 3749 3600 3806 poena

2015 3821 2245 3880 alicuius
2284 3823 2408 3879 novi
2447 3820 2661 3894 delicti,
2703 3819 2791 3878 vel
2816 3828 3043 3895 propter
3072 3828 3273 3880 tantam
3300 3825 3601 3882 necessita-

2016 3918 2126 3970 tem
2152 3911 2281 3970 honi
2308 3911 2645 3985 communis,
2680 3917 2742 3970 ut
2768 3909 2833 3969 ad
2864 3911 3294 3971 subveniendum
3310 3913 3397 3972 =illi
3420 3917 3603 3987 possit

2015 4004 2142 4076 quis
2170 4004 2283 4059 suis
2308 4002 2467 4060 bonis
2496 4001 2716 4075 privari,
2744 4001 2871 4074 quia
2894 4016 2993 4075 per
3020 4003 3183 4060 talem
3204 4010 3391 4062 actum
3408 4005 3601 4063 estius

2015 4093 2347 4167 acquisitum
2385 4090 2453 4150 de
2496 4107 2554 4149 se
2593 4091 2817 4150 firmum
2852 4098 2910 4150 et
2948 4092 3155 4150 stabile.
3184 4092 3287 4151 Alii
3317 4110 3445 4152 vero
3473 4100 3603 4152 sunt

2015 4189 2209 4255 actus,
2249 4181 2343 4257 qui
2384 4182 2516 4240 licet
2554 4182 2663 4241 sint
2694 4181 2889 4254 validi,
2921 4190 3052 4241 sunt
3079 4189 3257 4243 tamen
3285 4185 3477 4242 infirmi
3506 4184 3603 4242 ali·
3690 4203 3697 4210 ·

2013 4289 2127 4348 qun
2163 4272 2359 4346 modo,
2387 4275 2516 4346 quia
2540 4288 2606 4330 ex
2634 4273 2815 4347 aliqua
2840 4281 2994 4346 parte
3021 4279 3217 4332 contra
3242 4274 3421 4350 legem
3448 4275 3599 4348 facti,

2013 4369 2069 4421 et
2107 4361 2162 4421 hi
2201 4367 2433 4437 possunt
2458 4361 2668 4421 facilius
2708 4378 2806 4436 per
2835 4361 3257 4437 subsequentem
3285 4364 3459 4440 legem
3485 4366 3604 4423 irri-

2013 4454 2149 4528 tari3
2190 4467 2315 4512 nam
2355 4455 2409 4509 in
2450 4451 2551 4510 illis
2591 4453 2808 4527 proprie
2842 4452 3006 4510 habet
3040 4451 3226 4511 locum
3263 4455 3402 4512 ratio
3432 4454 3599 4529 facta,

2014 4542 2165 4619 quod
2204 4543 2324 4601 talis
2364 4543 2590 4601 irritatio
2628 4549 2761 4600 tunc
2788 4550 2875 4601 est
2899 4545 3045 4602 iusta
3070 4559 3263 4620 poena,
3294 4551 3353 4605 et
3376 4545 3499 4604 ideo
3528 4562 3594 4609 ex

2013 4632 2315 4694 rationabili
2344 4648 2514 4691 causa
2541 4638 2719 4706 potest
2744 4649 2843 4707 per
2869 4633 3040 4708 legem
3069 4637 3206 4692 lieri.

2090 4727 2269 4798 Atque
2291 4723 2417 4780 hinc
2440 4722 2657 4782 tandem
2676 4729 2893 4782 constat
2913 4723 3099 4782 ultima
3118 4741 3245 4799 pars
3266 4727 3599 4801 assertionis,

2016 4815 2294 4888 nimirum,
2329 4820 2391 4871 ut
2417 4811 2551 4872 haec
2592 4816 2830 4872 extensio
2859 4812 2989 4887 legis
3026 4814 3094 4872 ad
3132 4823 3317 4875 actum
3344 4819 3605 4891 praeteri-

2020 4911 2140 4963 tum
2168 4905 2355 4963 tamin
2381 4904 2508 4975 hoc,
2538 4920 2703 4979 quam
2730 4905 2786 4961 in
2814 4904 3161 4978 praecedenti
3194 4923 3329 4966 casu
3355 4907 3603 4966 admitta-

2016 5005 2132 5072 tur,
2158 4996 2529 5054 necessarium
2548 5009 2691 5068 esse,
2708 5001 2771 5052 ut
2788 4995 2844 5052 in
2865 4993 2981 5070 lege
3002 4995 3117 5068 ipsa
3140 4997 3210 5056 sit
3232 4999 3363 5056 satis
3383 5014 3603 5073 expres,-

2017 5103 2101 5147 sa.
2129 5086 2286 5157 Quod
2312 5087 2476 5146 docet
2511 5088 2761 5145 Panorm.
2804 5085 2857 5142 in
2893 5102 3016 5160 cap.
3065 5087 3500 5161 Commenta,
3534 5089 3603 5146 de

2020 5180 2244 5238 constit.
2277 5176 2466 5254 Angel.
2498 5176 2663 5234 verbo
2688 5172 2805 5244 lex,
2842 5192 2895 5233 n.
2934 5180 3023 5252 10,
3044 5177 3197 5254 ,Sylva
3230 5194 3285 5235 n.
3315 5184 3411 5254 23,
3436 5186 3493 5237 et
3510 5195 3605 5236 sua

2019 5272 2189 5331 mitur
2214 5285 2287 5331 ex
2313 5269 2368 5328 d.
2401 5284 2457 5327 c.
2487 5271 2544 5328 2.
2572 5271 2627 5326 et
2653 5267 2751 5326 ult.
2780 5265 2849 5326 de
2885 5274 3062 5327 const.
3107 5267 3259 5328 Unde
3298 5271 3343 5328 si
3375 5268 3605 5330 dubium

3073 5377 3126 5426 ει
