4325 6267
822 326 909 393 86

744 483 855 526 non
884 468 955 525 sit
980 483 1120 540 opus
1148 468 1395 539 consilii,
1427 465 1523 526 sed
1552 484 1621 529 ex
1648 466 1800 527 bonis
1828 468 2206 543 inferioribus,
2237 485 2340 528 nec

742 559 1071 631 regulariter
1110 556 1271 615 cadat
1310 558 1415 615 sub
1450 566 1838 631 praeceptum:
1870 575 1939 617 ex
1964 560 2082 634 lege
2110 566 2344 619 naturae

742 647 889 705 cadit
928 647 1033 704 sub
1074 646 1489 719 obligationem,
1520 648 1563 705 si
1605 648 1671 705 ad
1712 652 2188 707 conservationem
2215 667 2340 723 spe·

742 737 842 795 ciei
884 738 954 793 sit
991 739 1401 809 necessarium,
1443 744 1500 795 et
1537 739 1613 795 ita
1652 740 1814 795 etiam
1850 740 2003 796 cadit
2028 740 2133 796 sub
2161 739 2340 813 legem

742 835 1045 886 aeternam.
1091 828 1181 884 Sic
1224 843 1355 901 ergo
1393 827 1606 885 nullum
1634 836 1720 886 est
1746 845 1887 901 opus
1916 829 2157 903 bonum,
2191 829 2340 903 quod

741 918 844 975 sub
872 916 1018 974 illam
1047 917 1243 989 legem,
1278 924 1339 974 ut
1368 918 1757 991 imperantem,
1786 935 1892 975 non
1921 918 2108 976 cadat.
2140 918 2338 977 Deinde

740 1007 960 1083 quando
994 1006 1320 1064 exercitium
1350 1007 1535 1064 talium
1564 1014 1791 1065 actuum
1820 1010 2195 1066 necessarium
2225 1024 2338 1065 non

740 1105 857 1168 est,
889 1098 1020 1155 licet
1054 1102 1267 1155 tantum
1297 1082 1511 1154 coifsuli
1532 1138 1547 1169 ,
1572 1096 1655 1153 vel
1687 1098 1909 1168 probari
1933 1098 2236 1171 videantur,
2262 1099 2342 1155 ni·

740 1188 1033 1245 hilominus
1066 1188 1229 1243 etiam
1257 1193 1391 1243 tunc
1436 1203 1533 1259 per
1562 1186 1737 1259 legem
1767 1193 2042 1244 aeternam
2072 1187 2342 1260 praescri-

740 1280 893 1337 bitur
919 1278 1150 1349 modus,
1181 1293 1296 1350 quo
1327 1277 1439 1334 fieri
1467 1277 1691 1349 debent,
1726 1285 1788 1335 ut
1814 1284 1963 1334 recte
1992 1278 2143 1350 liant,
2177 1286 2236 1334 et
2262 1278 2342 1335 sic

742 1370 975 1427 dicimus
1018 1366 1216 1423 cadere
1258 1366 1362 1423 sub
1406 1366 1580 1439 legem
1625 1367 2083 1437 praescribentem
2114 1366 2340 1423 modum

742 1474 842 1515 seu
889 1457 1349 1529 specificationem
1391 1464 1573 1513 actus.
1618 1457 1688 1513 Et
1729 1456 1869 1513 idem
1908 1462 1994 1512 est
2032 1456 2246 1513 clarum
2283 1459 2340 1513 in

742 1548 955 1606 actibus
995 1545 1457 1619 indifferentibus3
1503 1561 1629 1602 nam
1658 1548 1703 1601 si
1730 1546 1896 1617 fiant,
1928 1546 2342 1618 praecipiuntur

742 1638 855 1695 fieri
896 1642 1121 1709 propter
1164 1636 1456 1693 honestum
1496 1636 1687 1709 finem,
1730 1641 1785 1692 et
1824 1634 2188 1707 prohibentur
2227 1636 2341 1692 fieri

744 1732 972 1799 propter
998 1742 1092 1796 se3
1121 1731 1178 1797 et
1212 1726 1288 1782 ita
1328 1726 1376 1781 si
1412 1725 1655 1796 praecise
1685 1730 2037 1797 spectentur,
2067 1730 2340 1797 quatenus

742 1816 868 1873 talia
895 1820 1053 1881 sunt,
1082 1813 1189 1870 dici
1219 1819 1449 1885 possunt
1484 1813 1679 1870 cadere
1718 1813 1823 1870 sub
1859 1812 2004 1869 illam
2034 1812 2210 1886 legem
2232 1855 2248 1883 ,
2283 1820 2344 1871 nt

742 1905 1152 1977 prohibentem,
1199 1902 1348 1961 iuxta
1388 1901 1723 1976 probabilem
1760 1902 2083 1959 sententiam
2113 1902 2169 1959 d.
2203 1902 2343 1960 Tho-

744 2010 865 2051 mae
886 2036 901 2065 ,
944 2008 1085 2067 quae
1126 1993 1353 2059 asserit,
1397 2007 1509 2048 non
1536 2007 1698 2063 posse
1728 1991 1841 2049 dari
1871 2007 2012 2063 opus
2040 1991 2341 2049 humanum

744 2083 1053 2141 indifferens
1081 2084 1136 2139 in
1167 2081 1469 2138 individuo.
1495 2082 1698 2153 Sicque
1725 2079 1836 2137 duo
1860 2087 2153 2153 praecepta
2185 2082 2344 2139 intel-

745 2175 835 2249 ligi
864 2180 1095 2247 possunt
1120 2173 1175 2229 in
1203 2173 1324 2247 lege
1350 2178 1573 2228 aeterna
1602 2172 1759 2229 circa
1784 2170 1919 2227 haec
1954 2184 2141 2243 opera,
2171 2186 2342 2229 unum

738 2270 825 2321 est
863 2262 1095 2321 faciendi
1135 2261 1229 2320 illa
1271 2266 1495 2333 propter
1521 2260 1729 2317 bonum
1754 2267 1813 2317 et
1840 2259 2126 2316 honestum
2154 2260 2336 2331 linem,

742 2355 788 2410 si
830 2354 987 2425 fiant3
1031 2350 1176 2407 aliud
1218 2356 1303 2407 est
1348 2348 1643 2421 prohibens
1686 2349 1773 2405 illa
1816 2348 1999 2407 iacere
2024 2355 2255 2423 propter
2281 2366 2341 2407 se

742 2444 891 2517 ipsa,
922 2445 1076 2500 sicut
1100 2441 1428 2513 prohibetur
1458 2439 1686 2496 verbum
1715 2438 1972 2495 otiosum.

825 2536 911 2591 12.
938 2533 1115 2608 Atque
1136 2530 1262 2586 hinc
1286 2529 1502 2586 tandem
1526 2527 1827 2600 intelligere
1851 2525 2009 2599 licet,
2034 2542 2148 2600 quo
2173 2542 2340 2584 sensu

748 2637 945 2678 verum
971 2620 1073 2692 sit,
1104 2619 1255 2693 quod
1289 2619 1637 2692 Augustinus
1674 2616 1811 2675 locis
1838 2632 2009 2689 snpra
2034 2617 2216 2673 citatis
2235 2657 2251 2690 ,
2282 2624 2341 2674 et

744 2726 905 2781 saepe
948 2709 1077 2767 alias
1118 2711 1347 2781 repetit,
1378 2706 1506 2763 nihil
1548 2722 1698 2774 esse,
1730 2706 1879 2779 quod
1908 2706 2087 2778 possit
2122 2706 2340 2764 omnino

744 2800 1123 2873 subterfugere
1160 2799 1451 2870 imperium
1475 2797 1608 2869 legis
1628 2804 1878 2853 aeternae
1900 2838 1915 2867 ,
1940 2811 2119 2869 neque
2141 2796 2192 2851 in
2215 2812 2340 2853 cae-

741 2890 827 2961 lo,
863 2904 1040 2963 neque
1073 2888 1124 2944 in
1148 2892 1316 2957 terra,
1340 2900 1516 2959 neque
1544 2887 1597 2942 in
1629 2884 1867 2955 inferno,
1894 2886 2005 2941 sive
2033 2883 2336 2957 peccando,

743 2979 857 3036 sive
898 2984 1045 3035 recte
1091 2974 1391 3050 operando.
1425 2977 1559 3033 Nam
1588 2975 1719 3032 licet
1746 2975 2028 3047 peccando
2059 2981 2188 3047 agat
2212 2977 2335 3047 quis

743 3078 938 3128 contra
980 3084 1145 3125 unam
1188 3068 1360 3140 legem
1397 3072 1675 3123 aeternam
1703 3066 1826 3137 Dei,
1855 3067 1909 3121 in
1938 3065 2100 3122 aliam
2130 3065 2340 3136 praeci-

741 3162 977 3233 pientem
1007 3156 1224 3229 incidit,
1255 3170 1398 3229 quae
1437 3154 1613 3226 iubet,
1648 3159 1710 3211 ut
1733 3160 2005 3227 quantum
2034 3156 2090 3211 in
2118 3155 2340 3211 actione

742 3250 906 3307 homo
945 3247 1155 3317 deficit,
1198 3253 1413 3302 tantum
1454 3260 1550 3315 per
1580 3246 1889 3316 passionem
1918 3249 2335 3316 compensetur:

745 3347 809 3397 ut
835 3338 969 3396 dixit
998 3337 1053 3393 d.
1086 3335 1323 3393 Thomas
1351 3350 1408 3407 q.
1437 3338 1533 3405 93,
1565 3339 1669 3389 art.
1705 3337 1757 3392 9.
1790 3349 1918 3390 cum
1946 3336 2180 3407 August.
2209 3333 2343 3390 libro

744 3429 815 3488 de
842 3424 1283 3487 catechizandis
1310 3422 1559 3481 rudibus
1588 3438 1713 3495 cap.
1753 3427 1839 3481 18.
1885 3423 2136 3479 dicente:
2167 3426 2344 3480 Novit

744 3523 904 3576 Deus
926 3514 1213 3574 ordinare
1231 3513 1559 3571 deserentes
1581 3528 1641 3570 se
1662 3515 1923 3578 animas,
1952 3516 2105 3568 etex
2123 3527 2342 3569 earum

744 3612 914 3666 iusta
952 3586 1198 3661 miseria
1235 3600 1545 3673 inferiores
1576 3604 1785 3675 partes
1822 3604 2140 3657 creaturae
2169 3616 2334 3668 snae,

743 3694 1315 3755 convenientissimis
1336 3696 1392 3747 et
1420 3692 1966 3763 conyrnentissimis
1988 3687 2210 3763 leyibns
2231 3688 2339 3747 ad-

743 3780 1062 3842 mirandae
1103 3780 1562 3855 dispensationis
1603 3778 1907 3837 ordinare.
1932 3780 2002 3836 Et
2025 3779 2133 3836 huc
2174 3781 2340 3837 etiam

744 3870 1147 3947 spectat,quod
1169 3872 1243 3927 ait
1262 3869 1603 3943 Augustinus
1625 3869 1719 3927 lib.
1747 3875 1796 3929 1.
1819 3869 2085 3943 Confess.
2102 3886 2225 3942 cap.
2251 3873 2336 3929 12:

746 3964 989 4021 Iussisti
1029 3963 1313 4030 Domine,
1350 3965 1407 4016 et
1445 3962 1530 4016 sic
1568 3966 1680 4025 est,
1712 3964 1782 4017 ut
1810 3962 2001 4017 omnis
2030 3958 2342 4017 inordina-

744 4058 837 4110 tus
861 4054 1101 4110 animus
1130 4049 1243 4107 sibi
1270 4052 1388 4125 ipsi
1416 4052 1493 4105 sit
1510 4065 1729 4123 poena.
1756 4050 1944 4122 Siquis
1973 4056 2160 4107 autem
2195 4056 2346 4106 recte

748 4142 1089 4214 consideret,
1121 4139 1206 4197 lex
1243 4139 1333 4196 illa
1370 4139 1739 4211 praecipiens,
1770 4141 1991 4211 quaein
2039 4139 2196 4196 malis
2245 4138 2343 4195 im-

747 4232 929 4304 pletur
958 4246 1053 4302 per
1083 4244 1342 4302 poenam,
1371 4235 1428 4285 et
1455 4232 1509 4284 in
1539 4228 1694 4285 iustis
1722 4243 1819 4300 per
1859 4229 2199 4299 praemium,
2230 4244 2338 4285 non

743 4325 954 4393 spectat
976 4318 1043 4375 ad
1066 4318 1239 4391 legem
1263 4317 1663 4391 praeceptivam
1686 4315 1977 4374 moralium
2002 4325 2234 4375 actuum
2257 4334 2342 4376 re·

746 4416 940 4481 spectu
977 4413 1266 4465 creaturae
1308 4406 1721 4477 intellectualis,
1754 4405 1850 4463 sed
1880 4413 1968 4463 est
2006 4406 2088 4464 lex
2111 4408 2348 4466 taxativa

747 4502 849 4573 (ut
889 4499 965 4556 sic
1006 4497 1222 4570 dicam)
1258 4496 1377 4554 talis
1417 4510 1624 4569 poenae
1663 4495 1750 4552 vel
1796 4496 2053 4569 praemii,
2086 4512 2229 4570 quae
2258 4498 2344 4555 lex

744 4604 841 4659 per
868 4587 1169 4645 efficaciam
1197 4586 1402 4645 divinae
1431 4584 1803 4658 providentiae
1828 4584 1897 4643 ad
1926 4586 2184 4643 effectum
2213 4603 2338 4659 per-

750 4675 996 4735 ducitur.

2213 345 2420 395 lem
2443 346 2523 397 11.

2989 468 3270 541 CAPUT
3311 468 3425 539 111.

2411 679 2507 730 An
2533 673 2632 731 lea·
2657 678 2908 733 aeterna
2934 677 3011 732 sit
3038 678 3214 733 actas
3241 672 3476 733 divinae
3503 677 3716 732 mentis
3729 720 3744 743 ,
3777 678 4017 735 ratione

2483 765 2560 823 ab
2589 764 2734 824 aliis
2762 763 3074 839 differens,
3111 770 3168 822 et
3194 781 3278 822 an
3305 781 3437 823 una
3462 768 3571 832 sit,
3606 764 3698 822 vel
3715 764 3950 841 plures.

2973 948 3460 1012 summarium

2411 1131 2461 1181 1.
2489 1134 2564 1183 An
2590 1133 2670 1183 lex
2693 1140 2902 1184 aeterna
2927 1135 2995 1186 sit
3027 1140 3176 1187 actus
3201 1134 3334 1185 liber
3359 1136 3448 1186 Dei
3474 1139 3554 1189 vel
3583 1141 3922 1193 necessarius.
3945 1169 4018 1182 —-

2479 1202 2661 1266 Opinio
2696 1204 3028 1269 quorumdam
3050 1241 3065 1266 ,
3092 1206 3182 1270 qui
3209 1204 3348 1256 ideas
3386 1207 3707 1260 confundunt
3731 1224 3850 1261 eum
3891 1213 4011 1275 lege

2479 1280 2794 1324 aeterna.-—
2811 1273 2863 1324 2.
2891 1274 3352 1326 Resolutio.—Lex
3379 1284 3586 1328 aeterna
3611 1286 3692 1330 est
3718 1281 3772 1329 in
3797 1288 3918 1331 actu
3947 1283 4014 1332 li-

2479 1342 2605 1393 bero
2642 1344 2751 1393 Dei.
2780 1370 2850 1381 -
2866 1344 3160 1395 Differentia
3197 1345 3335 1395 inter
3371 1346 3537 1397 ideam
3560 1356 3613 1399 et
3639 1351 3917 1414 exemplar.
3941 1378 4014 1389 —-

2479 1412 2531 1462 3.
2560 1411 2663 1463 Lex
2699 1419 2907 1463 aeterna
2943 1415 3168 1477 postulat
3191 1421 3366 1465 actum
3388 1414 3591 1467 divinae
3618 1420 3920 1471 voluntatis.
3942 1448 4016 1457 —

2478 1483 2532 1532 4.
2561 1482 2810 1535 obiectio.
2833 1510 2902 1520 —
2919 1484 3136 1535 Solutio.
3159 1510 3229 1521 —
3247 1484 3298 1534 5.
3337 1484 3442 1535 Lex
3476 1494 3687 1537 aeterna
3726 1488 4016 1540 formaliter

2479 1552 2715 1603 consistit
2741 1553 2793 1602 in
2817 1552 3030 1604 decreto
3054 1554 3220 1605 libero
3239 1554 3328 1604 Dei
3348 1558 3626 1607 statuentis
3647 1558 3880 1609 ordinem
3901 1572 4014 1609 ser-

2481 1620 2698 1672 vandum
2723 1622 2776 1672 in
2800 1624 3036 1687 partibus
3060 1624 3289 1674 universi
3307 1626 3361 1674 in
3382 1625 3562 1676 ordine
3582 1626 3645 1677 ad
3667 1629 3858 1679 bonum
3874 1641 4015 1680 com-

2479 1704 2648 1740 mune.
2674 1719 2741 1729 —
2760 1692 2812 1743 6.
2851 1692 2904 1741 ln
2941 1707 3046 1757 quo
3080 1700 3201 1743 actu
3226 1694 3525 1745 intellectus
3550 1697 3629 1745 lex
3653 1704 3863 1747 aeterna
3887 1710 4012 1749 con-

2479 1760 2737 1811 stituenda
2773 1767 2884 1823 est,
2919 1764 2963 1813 si
3008 1764 3058 1812 in
3107 1762 3248 1813 illius
3288 1764 3491 1814 actibus
3528 1764 3814 1817 formaliter
3849 1771 4019 1819 cousi-

2479 1836 2602 1880 stat.
2625 1858 2695 1868 —
2721 1832 2771 1882 7.
2807 1832 2876 1882 De
2907 1831 3236 1883 distinctione
3270 1833 3406 1883 inter
3443 1835 3606 1896 legem
3629 1841 3894 1887 aeternam
3917 1838 4010 1887 Dei

2478 1906 2534 1949 et
2559 1900 2700 1951 illius
2725 1900 3012 1952 ideas.—8.
3040 1902 3109 1951 De
3133 1900 3476 1953 destinatione
3496 1904 3634 1954 inter
3654 1905 3821 1968 legem
3837 1912 4012 1957 aeter-

2481 1982 2598 2019 nam
2620 1978 2673 2020 et
2699 1971 2839 2021 illius
2863 1971 3252 2036 providentiam.
3274 1999 3345 2009 —
3363 1972 3416 2023 9.
3445 1972 3810 2025 Resolutio.—
3834 1976 3919 2027 10.
3943 1977 4016 2026 De

2478 2039 2747 2091 effectibus
2775 2041 2901 2105 legis
2925 2048 3258 2092 aeternae.-—
3273 2042 3357 2091 Η.
3385 2041 4016 2096 Obiecti0.—Soluti0.-

2483 2108 2567 2159 12.
2597 2110 2672 2159 An
2699 2111 2778 2161 lex
2803 2118 3011 2163 aeterna
3033 2112 3106 2163 sit
3130 2123 3230 2161 una
3251 2112 3330 2162 vel
3355 2113 3717 2177 multiplex.-
3741 2114 3824 2165 13.
3853 2114 4011 2167 Reso-

2483 2180 2619 2231 lutio
2641 2181 2891 2231 auctoris.

2495 2352 2544 2408 1.
2577 2350 2660 2409 Ex
2690 2348 2850 2408 dictis
2881 2350 3153 2410 hactenus
3183 2359 3428 2421 constat,
3451 2352 3628 2428 legem
3657 2360 3934 2413 aeternam
3957 2356 4013 2412 in

2410 2436 2590 2495 divina
2635 2446 2810 2496 mente
2849 2456 3001 2512 esse,
3045 2442 3173 2514 quia
3207 2448 3362 2499 extra
3393 2442 3536 2499 illam
3563 2442 3694 2499 nibil
3723 2450 3812 2502 est
3835 2452 4011 2501 aeter-

2410 2544 2564 2584 num.
2597 2530 2731 2585 loem
2757 2536 2978 2587 constat
3006 2546 3126 2588 esse
3154 2547 3250 2603 per
3273 2532 3496 2590 modum
3520 2539 3680 2590 actus
3703 2534 3935 2591 secundi
3953 2541 4015 2591 et

2411 2616 2605 2691 ultimi,
2635 2634 2760 2674 nam
2781 2617 2864 2675 lex
2890 2627 3054 2691 prout
3073 2628 3160 2677 est
3180 2622 3234 2676 in
3257 2620 3588 2694 legislatore,
3613 2622 3663 2677 in
3689 2623 4008 2680 huiusmodi

2412 2715 2539 2763 actu
2566 2707 2960 2779 consistit,non
2987 2709 3038 2764 in
3062 2708 3270 2781 habitu,
3289 2710 3372 2767 vel
3395 2720 3524 2768 actu
3550 2711 3748 2784 primo,
3771 2719 3828 2770 et
3848 2728 4010 2785 prae·

2411 2795 2600 2852 sertim
2629 2798 2682 2852 in
2703 2797 2834 2862 Deo,
2860 2797 2954 2870 qui
2975 2806 3059 2854 est
3079 2798 3404 2869 purissimus
3429 2806 3611 2859 actus.
3636 2802 3846 2874 lnquiri
3868 2818 4004 2877 ergo

2409 2892 2621 2957 potest,
2667 2902 2734 2941 an
2776 2888 2843 2943 sit
2881 2888 2938 2943 in
2980 2888 3294 2959 intellectu,
3338 2890 3424 2947 vel
3452 2892 3506 2945 in
3536 2889 3848 2964 voluntate,
3883 2907 4012 2949 nam

2409 2975 2786 3048 quaestionem
2819 2975 2960 3032 hanc
2990 2976 3286 3034 indecisam
3315 2984 3371 3034 et
3390 2979 3698 3052 ambiguam
3719 2979 4005 3053 reliquisse

2410 3065 2625 3122 videtur
2663 3066 3003 3138 Augustinus
3033 3066 3126 3123 lib.
3158 3072 3252 3125 22.
3277 3072 3490 3124 contra
3516 3071 3725 3125 Faust.
3757 3084 3882 3139 cap.
3908 3074 4007 3129 27.

2412 3153 2632 3212 dicens:
2665 3158 2791 3212 Lea·
2819 3158 3070 3213 aeterna
3090 3160 3178 3213 est
3205 3160 3366 3215 ratio
3393 3155 3604 3214 divina
3621 3157 3712 3214 vel
3731 3158 4006 3217 voluntas

2413 3246 2557 3309 Dei,
2603 3242 2876 3300 ordinem
2916 3244 3266 3303 naturalem
3306 3250 3648 3305 conservari
3683 3248 3889 3306 itabens
3909 3293 3924 3318 ,
3959 3254 4018 3307 et

2408 3332 2760 3407 perturbari
2785 3338 3009 3391 vetans.

2490 3421 2654 3479 Prius
2677 3431 2882 3491 autem,
2907 3439 3073 3496 quam
3101 3422 3168 3480 ad
3191 3424 3294 3481 hoc
3317 3424 3765 3498 respondeamus,
3783 3426 4018 3485 ulterius

2410 3512 2771 3584 inquirimuS,
2815 3528 2882 3569 an
2923 3512 3004 3568 lex
3047 3519 3271 3570 aeterna
3297 3513 3446 3570 dicat
3481 3520 3672 3571 actum
3702 3516 3936 3574 liberum
3960 3516 4018 3573 in

2410 3601 2521 3657 Deo
2539 3642 2555 3671 ,
2603 3601 2685 3658 vel
2726 3604 3122 3658 necessarium.
3167 3603 3345 3675 Aliqui
3386 3604 3526 3661 enim
3576 3604 3800 3677 dicunt,
3843 3606 4019 3678 legem

2412 3697 2690 3748 aeternam
2735 3708 2846 3747 non
2873 3706 3026 3763 esse,
3057 3692 3158 3748 nisi
3182 3692 3332 3750 ideas
3359 3692 3601 3764 divinas,
3637 3710 3732 3765 per
3759 3710 3898 3768 quas
3923 3711 4015 3753 res

2412 3779 2481 3836 ad
2518 3787 2670 3837 extra
2700 3780 3108 3853 producuntur,
3134 3782 3259 3854 quia
3289 3798 3396 3838 non
3426 3789 3641 3856 putant,
3666 3784 3804 3841 hanc
3835 3785 4011 3858 legem

2410 3884 2532 3926 esse
2565 3869 2632 3926 ad
2657 3869 3098 3943 praecipiendum
3116 3911 3132 3944 ,
3163 3871 3258 3928 sed
3287 3871 3466 3928 solum
3495 3877 3558 3929 ut
3587 3874 3660 3930 sit
3687 3874 3908 3945 regula,
3938 3874 4008 3931 ad

2411 3959 2574 4015 cuius
2607 3958 2778 4015 instar
2806 3959 2988 4015 omnia
3017 3975 3048 4015 a
3074 3961 3184 4016 Deo
3213 3960 3368 4017 fiunt.
3401 3962 3478 4016 Ex
3506 3976 3618 4033 qua
3646 3963 3908 4019 sententia
3929 3962 4009 4018 vi-

2414 4048 2577 4106 detur
2608 4047 2792 4104 inferri
2809 4090 2824 4121 ,
2854 4049 3006 4121 quod
3033 4051 3181 4105 sicut
3206 4049 3356 4106 ideae
3383 4050 3707 4107 naturaliter
3728 4057 3785 4108 et
3813 4068 3922 4108 non
3949 4052 4010 4108 li-

2413 4137 2540 4195 bere
2575 4144 2705 4195 sunt
2733 4138 2782 4193 in
2815 4136 3101 4194 intellectu
3127 4136 3306 4194 divino
3325 4178 3341 4209 ,
3369 4140 3442 4195 ita
3467 4145 3526 4196 et
3550 4139 3636 4196 lex
3661 4145 3902 4197 aeterna.

2491 4230 2548 4284 2.
2575 4226 2882 4283 Dicendum
2905 4241 3034 4282 vero
3053 4234 3168 4295 est,
3195 4227 3368 4299 legem
3393 4235 3670 4285 aeternam
3693 4245 3802 4286 non
3824 4229 4009 4287 dicere

2418 4323 2601 4371 actum
2636 4315 3007 4372 necessarium
3035 4316 3090 4370 in
3111 4316 3252 4386 Deo,
3277 4315 3372 4372 sed
3395 4316 3646 4373 liberum.
3675 4318 3754 4374 lta
3773 4318 4016 4375 sentiunt

2416 4404 2472 4461 d.
2503 4404 2758 4477 Thomas,
2783 4403 2998 4461 Alensis
3020 4409 3076 4459 et
3097 4404 3209 4475 alii,
3235 4403 3368 4460 locis
3388 4404 3658 4477 allegatis.
3683 4406 3753 4464 Et
3774 4408 4012 4464 sumitur

2415 4510 2484 4553 ex
2508 4493 2686 4551 verbis
2707 4494 3002 4565 Augustini
3030 4494 3274 4565 proxime
3298 4493 3507 4565 citatis3
3536 4509 3660 4550 nam
3680 4495 3769 4552 lex
3790 4502 4014 4553 aeterna

2416 4584 2580 4642 habet
2611 4599 2708 4656 pro
2738 4582 2964 4639 materia
2987 4598 3154 4655 opera
3179 4582 3269 4640 Dei
3291 4582 3359 4639 ad
3379 4593 3552 4655 extra3
3579 4599 3704 4640 nam
3727 4583 3876 4641 iubet
3895 4600 4015 4641 ser-

2416 4677 2529 4730 vari
2557 4672 2798 4731 ordinem
2827 4671 3154 4745 naturalem,
3179 4678 3236 4729 et
3262 4672 3516 4744 prohibet
3545 4672 3696 4730 illum
3719 4672 4010 4746 inverter03

2417 4762 2550 4821 ordo
2579 4768 2764 4819 autem
2793 4761 3062 4819 naturalis
3089 4776 3200 4819 non
3225 4768 3348 4833 est,
3377 4761 3478 4817 nisi
3507 4762 3556 4817 in
3589 4761 3754 4817 rebus
3783 4765 4006 4835 creatis,

2415 4869 2547 4926 ergo
2575 4854 2727 4909 sicut
2755 4851 2891 4909 haec
2921 4866 3089 4923 opera
3119 4851 3288 4907 libera
3311 4856 3475 4922 sunt,
3502 4851 3574 4907 ita
3600 4857 3658 4907 et
3678 4852 3764 4907 lex
3783 4858 4010 4909 aeterna

2417 4942 2649 4999 involvit
2687 4947 3006 5013 respectum
3047 4940 3296 4998 liberum.
3327 4940 3719 5012 Confirmatur3
3744 4942 3875 5016 quia
3905 4957 4015 4998 non

2416 5037 2601 5105 potest
2637 5030 2722 5088 lex
2757 5047 2880 5089 esse
2911 5031 3030 5088 sine
3059 5037 3318 5103 respectu
3343 5030 3413 5087 ad
3437 5046 3532 5103 ea,
3562 5046 3705 5103 quae
3731 5047 3831 5103 per
3859 5031 4009 5090 illam

2417 5118 2771 5195 gubernanda
2793 5127 2944 5191 sunt,
2964 5118 3059 5176 sed
3083 5119 3166 5177 lex
3189 5124 3410 5177 aeterna
3432 5136 3540 5177 non
3562 5120 3857 5192 imponitur
3875 5124 4006 5192 Deo,

2416 5206 2502 5269 'vel
2528 5210 2776 5284 personis
2801 5208 3024 5284 divinis,
3053 5216 3115 5268 ut
3142 5208 3358 5268 dictum
3383 5217 3490 5285 est,
3513 5224 3642 5284 ergo
3669 5215 3756 5268 est
3775 5217 4007 5285 propter
