4325 6267
861 305 956 420 50³

783 515 890 557 non
921 507 1136 571 oportet
1161 502 1210 557 in
1242 501 1346 558 hoc
1377 501 1684 572 immorari,
1711 503 1837 576 quia
1865 517 1926 559 re
1953 517 2082 558 vera
2113 519 2217 558 non
2244 509 2373 558 sunt

782 590 1142 664 definitiones,
1174 590 1268 647 sed
1310 593 1558 648 encomia
1600 590 1759 664 legiS,
1804 591 1888 648 vel
1929 607 2034 648 non
2073 591 2276 648 dantur
2304 589 2371 648 de

780 678 896 752 lege
935 680 986 735 in
1027 680 1334 752 communi,
1369 681 1464 738 sed
1504 681 1570 738 de
1608 681 1785 755 aliqua
1820 680 1872 738 in
1909 681 2250 754 particulari.
2282 683 2369 738 Sic

781 769 972 826 Cicero
1021 773 1069 828 1.
1113 767 1184 827 de
1219 771 1472 845 Leyibus
1511 771 1675 844 dixit,
1707 770 1890 846 leqem
1926 787 2047 830 esse
2081 770 2372 845 quiddam

781 865 1092 920 aeternum
1126 864 1194 916 in
1233 867 1422 918 mente
1467 864 1577 920 Dei
1615 865 1894 930 existens,
1943 870 1999 920 et
2029 863 2120 919 lib.
2155 867 2185 920 2
2207 902 2223 934 ,
2252 877 2372 918 esse

776 955 1005 1008 rectam
1028 953 1318 1009 rationem
1360 956 1579 1010 summi
1619 955 1799 1016 Iovis,
1843 962 1952 1010 etc.
1995 969 2134 1028 quae
2167 967 2370 1010 conve·-

775 1041 935 1098 niunt
970 1041 1076 1115 legi
1105 1048 1377 1100 aeternae.
1423 1043 1628 1100 lterum
1665 1059 1797 1100 vero
1832 1041 2002 1117 dixit,
2033 1045 2212 1118 legem
2248 1059 2369 1101 esse

776 1135 1006 1188 rectam
1051 1134 1346 1190 rationem
1393 1147 1437 1190 a
1485 1137 1713 1192 natura
1755 1136 2040 1201 insitam;
2089 1132 2367 1207 quomodo

778 1222 938 1278 etiam
961 1221 1130 1280 Clem.
1157 1222 1295 1280 alex.
1321 1222 1474 1294 dixit,
1496 1238 1618 1280 esse
1636 1228 1864 1282 rectam
1881 1228 2199 1282 rationem.
2222 1225 2369 1293 Quae

779 1312 1110 1369 conveniunt
1138 1313 1242 1385 legi
1269 1313 1523 1372 naturali.
1549 1313 1718 1372 Arist.
1744 1321 1928 1372 autem
1947 1317 2001 1372 in
2024 1317 2261 1372 Rhetor.
2286 1311 2373 1372 ad

780 1399 955 1460 Alex.
997 1402 1160 1476 dixit,
1190 1401 1374 1477 leqem
1401 1419 1522 1461 esse
1553 1421 1922 1463 communem
1952 1407 2210 1464 civitatis
2236 1421 2370 1462 con-

779 1509 1036 1562 sensum,
1071 1501 1179 1551 etc.
1214 1501 1270 1552 et
1296 1493 1389 1550 lib.
1429 1499 1518 1554 1ο.
1547 1497 1742 1553 Ethic.
1774 1511 1827 1553 c.
1863 1495 1965 1554 ult.
1997 1511 2118 1553 esse
2153 1511 2371 1553 sermo-

777 1599 914 1640 nem
952 1583 1028 1640 ab
1076 1581 1287 1657 aiiqua
1328 1581 1648 1658 prudentia
1685 1582 2036 1660 profectum,
2079 1592 2188 1643 etc.
2222 1585 2371 1653 Quae

782 1674 1112 1730 conveniunt
1153 1673 1255 1747 legi
1298 1672 1596 1747 humanae,
1641 1691 1740 1732 seu
1779 1674 1945 1732 civili.
1976 1675 2179 1734 Similia
2206 1673 2373 1731 hahet

783 1763 1024 1821 Isidorus
1047 1779 1206 1837 saepe
1227 1763 1480 1837 alligatus
1501 1764 1538 1820 l.
1566 1770 1623 1822 2.
1654 1765 1822 1838 Oriq.
1847 1759 1970 1838 cap'.
2004 1771 2093 1839 10,
2115 1772 2169 1823 et
2187 1764 2283 1822 lib.
2312 1770 2365 1822 5.

779 1871 877 1928 per
903 1856 1075 1914 multa
1097 1856 1272 1928 capita
1289 1897 1304 1928 ,
1329 1870 1470 1930 quae
1491 1855 1812 1914 reseruntur
1835 1873 1864 1912 a
1885 1855 2117 1913 Gratian.
2148 1854 2204 1913 d.
2244 1859 2295 1928 1,
2317 1865 2374 1916 et

784 1949 848 2020 4,
879 1953 934 2004 et
962 1946 1153 2003 similia
1175 1947 1316 2002 sumi
1345 1954 1579 2018 possunt
1598 1962 1663 2004 ex
1686 1948 1849 2003 variis
1871 1945 2100 2020 legibus,
2131 1948 2188 2003 ff.
2218 1948 2341 2005 eod.

856 2038 1166 2096 Generalior
1203 2037 1439 2096 definitio
1482 2039 1624 2094 sumi
1665 2044 1847 2111 potest
1884 2054 1950 2095 ex
1991 2038 2114 2095 divo
2143 2039 2367 2114 Thema,

783 2135 997 2204 quaest.
1031 2133 1132 2202 91,
1163 2121 1321 2187 artic.
1358 2133 1414 2200 2,
1445 2128 1540 2186 ubi
1568 2130 1667 2185 ait:
1693 2133 1817 2187 Lex
1837 2133 1924 2185 est
1942 2127 2243 2186 dictamen
2266 2147 2370 2187 ra-

784 2222 961 2277 tionis
997 2221 1314 2294 practicae
1358 2221 1420 2274 in
1460 2221 1760 2293 principe,
1804 2220 1906 2291 qui
1941 2218 2232 2292 yubernat
2260 2218 2374 2276 ali-

782 2326 964 2384 quam
1005 2312 1484 2368 communitatem
1519 2307 1869 2382 perfectam.
1911 2310 2081 2366 Aliter
2115 2326 2245 2368 vero
2273 2310 2373 2368 Ca-

773 2407 892 2457 stro
929 2399 1021 2458 lib.
1061 2403 1118 2460 1.
1142 2397 1213 2456 de
1241 2398 1351 2472 leq.
1375 2397 1616 2473 poenal.
1649 2414 1702 2454 c.
1741 2402 1790 2456 1.
1816 2391 1910 2471 ait,
1939 2397 2112 2472 legem
2135 2415 2255 2456 esse
2276 2417 2373 2456 vo·

772 2487 1063 2546 luntatem
1113 2495 1339 2546 rectam
1379 2491 1529 2558 eius,
1581 2491 1684 2562 qui
1721 2491 1906 2545 vicem
1938 2487 2149 2564 populi
2194 2492 2363 2562 qerit,

773 2595 910 2636 voce
933 2585 1042 2636 aut
1063 2582 1285 2653 scripto
1297 2575 1766 2654 promulgatam,
1789 2594 1926 2636 cam
1943 2581 2258 2636 intentione
2278 2579 2373 2636 ob-

774 2668 1008 2743 liqandi
1053 2667 1312 2727 subditos
1349 2667 1433 2726 ad
1467 2668 1808 2744 parendum
1842 2667 1958 2727 illi.
1997 2671 2144 2738 Quae
2188 2669 2373 2727 delini-

775 2762 950 2817 tiones
1003 2759 1253 2833 proprias
1301 2759 1583 2833 opiniones
1629 2759 1996 2818 definientium
2049 2760 2365 2834 includunt,

777 2850 926 2924 quod
953 2850 1238 2908 vitandum
1264 2857 1380 2924 est,
1410 2849 1595 2924 quoad
1622 2850 1733 2907 fieri
1752 2852 1956 2925 possit,
1978 2851 2103 2925 quia
2127 2851 2369 2908 definitio

779 2940 940 2999 debet
977 2957 1101 2998 esse
1141 2942 1302 3015 quasi
1341 2941 1577 3012 primum
1603 2938 1928 3013 principium
1957 2947 2014 2998 et
2049 2941 2370 2998 fundamen·

775 3037 896 3088 tum
925 3031 1175 3088 omnibus
1203 3045 1516 3088 commune.
1542 3030 1743 3088 Deinde
1770 3029 1905 3087 haec
1934 3032 2208 3102 posterior
2241 3030 2370 3088 defi-

777 3122 910 3180 nitio
938 3122 1124 3195 aliqua
1150 3120 1405 3193 involvit,
1430 3135 1571 3194 quae
1600 3119 1682 3177 vel
1709 3135 1820 3176 non
1847 3122 2049 3178 suntin
2076 3120 2256 3194 rigore
2277 3137 2371 3178 ne-

775 3214 1018 3270 cessaria
1034 3253 1049 3282 ,
1083 3211 1167 3268 vel
1194 3209 1386 3269 maiori
1413 3211 1743 3283 expositione
1769 3210 2101 3284 indigerent,
2127 3217 2193 3270 ut
2216 3210 2369 3285 quod

777 3304 850 3359 sit
889 3302 1137 3359 voluntas
1177 3307 1359 3372 recta,
1403 3314 1532 3357 nam
1573 3300 1624 3356 in
1665 3301 1840 3373 rigore
1881 3305 2064 3373 potest
2103 3316 2223 3358 esse
2260 3317 2369 3357 non

775 3398 928 3450 recta
957 3391 1291 3464 simpliciter.
1321 3392 1456 3447 Item
1485 3389 1636 3462 quod
1660 3389 1837 3447 vicem
1861 3389 2047 3462 populi
2069 3397 2247 3463 gerat3
2275 3407 2373 3462 po-

775 3489 886 3540 test
921 3481 1062 3540 enim
1103 3496 1223 3538 esse
1261 3480 1344 3537 vel
1374 3479 1612 3552 populus
1640 3480 1788 3552 ipse,
1820 3478 1905 3536 vel
1935 3478 2106 3554 alius,
2137 3481 2231 3554 qui
2261 3496 2370 3536 non

773 3573 950 3630 vicem
972 3557 1115 3644 ,⁸sed
1155 3585 1348 3628 curam
1386 3570 1504 3626 eius
1544 3575 1716 3642 gerat.
1759 3571 1919 3628 Prior
1959 3586 2089 3628 vero
2132 3570 2366 3628 delinitio

776 3663 956 3722 solum
997 3661 1254 3719 convenit
1290 3660 1430 3733 legi,
1460 3666 1628 3733 prout
1666 3666 1751 3718 est
1787 3661 1840 3717 in
1870 3661 2047 3718 animo
2079 3661 2363 3733 principis,

774 3769 908 3822 ‚cum
949 3760 1131 3811 tamen
1170 3751 1222 3808 in
1263 3749 1366 3806 bac
1403 3751 1632 3807 materia
1659 3752 1826 3808 etiam
1850 3757 2126 3809 tractetur
2151 3751 2221 3808 de
2248 3751 2367 3825 lege

775 3851 1019 3902 externa.
1049 3847 1126 3899 Ac
1156 3847 1444 3914 propterea
1469 3840 1682 3898 Gabriel
1711 3843 1766 3897 in
1789 3845 1819 3900 3
1837 3883 1852 3914 ,
1883 3841 2013 3900 dist.
2041 3845 2106 3901 37
2129 3881 2145 3914 ,
2174 3849 2278 3899 art.
2315 3848 2363 3900 1.

775 3933 950 4006 legem
980 3931 1218 3990 delinivit
1243 3947 1364 3988 esse
1392 3933 1631 4004 siquam
1650 3928 2022 4004 definitivam
2040 3937 2240 3990 rectae
2260 3947 2362 3990 ra·

775 4027 982 4092 tionis,
1013 4021 1296 4081 dictantis
1326 4021 1504 4095 liqari
1531 4020 1790 4094 aliquem
1817 4021 1901 4080 ad
1928 4021 2165 4097 aliquid
2189 4038 2369 4096 aqenae

775 4112 920 4171 dum
936 4159 951 4182 ,
986 4113 1078 4171 vel
1104 4129 1222 4170 non
1242 4111 1542 4185 ayendam
1555 4130 1578 4178 ,·
1602 4113 1692 4169 cui
1715 4112 1929 4170 videtur
1950 4113 2133 4171 favere
2154 4114 2363 4171 Aristo-

777 4204 914 4261 teles
937 4218 1105 4274 supra
1126 4201 1335 4260 relatus
1354 4204 1408 4258 in
1433 4203 1524 4258 lib.
1557 4204 1645 4259 10.
1671 4205 1932 4260 Ethicor.
1952 4203 2160 4274 dicens,
2184 4203 2368 4278 leyem

777 4310 900 4351 esse
927 4309 1254 4351 sermonem
1275 4309 1318 4350 a
1334 4291 1601 4366 quadam
1617 4293 1946 4367 providenti
1951 4311 1992 4352 a
2003 4293 2359 4370 prosectu-m.

777 4383 882 4444 Sed
923 4401 1032 4440 non
1073 4389 1290 4457 oportet
1321 4382 1684 4441 definitionem
1712 4384 1940 4458 limitare
1969 4386 2035 4443 ad
2065 4386 2246 4443 solum
2272 4402 2366 4444 ex-

777 4484 998 4534 ternum
1027 4473 1263 4547 signum.
1290 4473 1360 4529 Et
1378 4481 1658 4544 praeterea
1682 4481 1793 4532 tota
1820 4474 1912 4533 illa
1930 4476 2162 4534 delinitio
2188 4482 2368 4550 potest

777 4563 961 4622 multis
989 4561 1319 4637 praeceptis,
1350 4577 1448 4619 seu
1477 4564 1648 4637 signis
1679 4563 1956 4637 adaptari,
1981 4581 2121 4641 quae
2146 4567 2366 4640 proprie

777 4656 926 4731 leges
968 4671 1076 4712 non
1117 4660 1268 4710 sunt.
1310 4653 1548 4726 Denique
1590 4652 1728 4712 idem
1754 4662 1842 4712 est
1867 4654 1936 4712 de
1962 4653 2074 4713 aliis
2103 4656 2366 4714 similibus

769 4746 1199 4819 -detinitionibuS,
1223 4760 1362 4819 quae
1386 4744 1553 4802 videri
1575 4749 1805 4818 possunt
1827 4747 1878 4802 iu
1898 4747 2136 4804 Gersone
2163 4753 2217 4806 3.
2244 4764 2369 4820 par-

780 4844 831 4894 te
859 4843 1080 4895 tractat.
1101 4835 1172 4894 de
1195 4839 1321 4894 vita
1343 4837 1535 4910 spirit.
1563 4835 1692 4893 lect.
1728 4839 1818 4912 10,
1847 4843 1982 4910 etp.
2025 4841 2074 4897 1.
2103 4843 2267 4894 tract.
2298 4835 2369 4895 de

777 4932 925 5003 oriq.
957 4931 1110 4986 iuris
1139 4933 1192 4984 et
1219 4926 1432 5000 lequm.

855 5021 1196 5092 Quapropter
1235 5015 1499 5090 delinitio,
1531 5032 1698 5090 quam
1726 5017 1781 5075 d.
1815 5015 2050 5074 Thomas
2077 5017 2280 5090 colligit
2306 5017 2359 5074 d.

782 5116 886 5167 art.
914 5113 945 5167 4
969 5151 984 5180 ,
1009 5109 1350 5182 frequentius
1374 5113 1592 5179 recepta
1609 5112 1726 5180 est,
1751 5105 1992 5164 scilicet:
2017 5111 2141 5166 Lex
2168 5111 2253 5164 est
2272 5123 2365 5164 or-

781 5199 1010 5258 dinatio
1035 5199 1288 5257 rationis
1317 5195 1401 5254 ad
1427 5196 1642 5255 bomem
1671 5213 1997 5265 commune,
2032 5195 2108 5254 ab
2135 5212 2201 5254 eo
2218 5241 2233 5265 ‚
2266 5200 2367 5271 qui

785 5307 988 5352 curam
1023 5291 1464 5350 communitatis
1490 5287 1689 5356 habet,
1719 5286 2126 5366 pronmlqata.
2155 5289 2225 5348 Et
2254 5289 2362 5349 sere

2258 377 2456 426 mmm
2484 377 2535 425 1.

2446 501 2690 560 eamdem
2716 503 2877 560 habet
2898 502 3164 560 Alexand.
3202 504 3384 562 Alens.
3414 507 3466 563 3.
3486 512 3624 577 part.
3644 507 3810 578 q.26,
3834 503 4032 560 memb.

2444 596 2498 650 4.
2534 595 2591 649 ln
2630 607 2738 666 qua
2777 595 2826 650 in
2865 594 3052 666 primis
3097 594 3220 651 loco
3250 597 3462 668 generis
3493 596 3711 666 ponitur
3736 593 4037 652 ordinatio

2448 685 2726 751 rationis,
2756 699 2895 756 quae
2916 701 3019 742 vox
3044 685 3252 753 active,
3278 701 3384 740 non
3410 686 3622 760 passive
3644 683 3910 762 sumenda
3927 693 4030 756 εει,

2446 773 2649 830 subditi
2684 775 2825 830 enim
2854 774 3176 834 ordinantur
3203 791 3301 848 per
3330 775 3534 850 legem:
3563 775 3825 833 ordinatio
3853 783 4037 834 autem

2441 865 2617 920 activa
2654 872 2738 921 est
2778 881 2811 921 a
2850 865 3156 938 legislatore
3174 881 3195 934 ,·
3220 872 3277 922 et
3320 866 3408 923 ille
3436 873 3629 938 actus,
3660 883 3771 940 quo
3799 865 4035 932 ordinat,

2445 953 2749 1026 appellatur
2774 954 3041 1013 ordinatio
3063 958 3245 1013 activa
3267 996 3283 1028 ‚
3318 972 3463 1029 quae
3486 973 3517 1012 a
3538 958 3746 1012 ratione
3768 957 4039 1029 proficisci

2447 1042 2636 1115 debet,
2666 1050 2723 1101 et
2750 1043 2867 1102 ideo
2894 1043 3093 1102 dicitur
3120 1045 3389 1102 ordinatio
3415 1047 3657 1103 rationis.
3682 1047 3827 1103 llaec
3852 1055 4035 1104 autem

2446 1149 2551 1189 vox
2584 1133 2879 1208 (quidquid
2907 1137 2976 1192 sit
3002 1134 3068 1192 de
3088 1136 3401 1208 particulari
3438 1136 3706 1193 mentione
3727 1135 4033 1208 auctorum)

2439 1238 2503 1280 ex
2539 1239 2597 1280 se
2625 1240 2731 1289 non
2762 1225 3024 1283 limitatur
3064 1225 3130 1282 ad
3166 1232 3353 1283 actum
3384 1224 3691 1283 intellectus
3728 1225 3812 1282 vel
3844 1225 4037 1282 volun·

2444 1313 2599 1384 tatis3
2648 1329 2771 1370 nam
2808 1314 2859 1370 in
2889 1323 3125 1389 utroque
3162 1321 3488 1388 potestesse
3516 1315 3778 1372 ordinatio
3798 1358 3812 1384 ,
3842 1322 3898 1373 et
3924 1316 4033 1387 illa,

2444 1418 2585 1476 quae
2626 1412 2711 1462 est
2731 1403 3049 1476 voluntatis,
3068 1403 3174 1461 dici
3196 1413 3378 1478 potest
3398 1407 3639 1476 rationis,
3666 1405 3747 1462 vel
3776 1407 3901 1479 quia
3922 1407 4039 1478 ipsa

2442 1493 2698 1550 voluntas
2727 1497 2969 1567 potentia
2997 1494 3285 1553 rationalis
3306 1503 3411 1567 est,
3436 1494 3521 1552 vel
3542 1504 3713 1570 certe,
3736 1496 3859 1569 quia
3888 1504 4039 1560 recta

2444 1582 2653 1640 ratione
2674 1583 2833 1658 dirigi
2861 1584 3051 1656 deb‘et,
3080 1586 3396 1658 praesertim
3431 1586 3483 1642 in
3514 1585 3630 1659 lege
3659 1587 3897 1644 serenda.
3932 1589 4037 1644 Po-

2444 1680 2551 1731 test
2576 1675 2735 1731 etiam
2762 1693 2871 1733 vox
2898 1675 2989 1733 illa
3014 1677 3067 1733 et
3091 1678 3305 1733 interno
3334 1677 3515 1749 actui,
3538 1682 3594 1733 et
3618 1683 3844 1735 externo
3874 1677 4036 1734 etiam

2443 1765 2877 1838 accommodari,
2902 1783 3025 1824 nam
3053 1765 3214 1824 etiam
3244 1773 3533 1824 externum
3563 1773 3923 1840 praeceptum
3950 1777 4038 1824 est

2444 1855 2711 1913 ordinatio
2740 1858 2993 1930 rationiS,
3025 1857 3077 1914 id
3104 1865 3191 1914 est
3226 1874 3256 1914 a
3288 1859 3499 1915 ratione
3526 1857 3746 1916 dictata.
3778 1858 4039 1931 Reliquae

2444 1963 2574 2003 vero
2604 1948 2904 2018 particulae
2932 1947 3211 2005 adduntur
3239 1963 3333 2020 per
3356 1947 3578 2006 modum
3600 1949 3953 2019 differentiae,
3978 1955 4037 2004 et

2442 2037 2499 2092 in
2530 2036 2632 2092 illis
2672 2037 2877 2095 virtute
2917 2037 3277 2097 includuntur
3304 2055 3491 2096 omnes
3520 2039 3853 2097 conditiones
3882 2037 4034 2112 legis,

2446 2134 2508 2184 ut
2536 2126 2804 2185 hactenus
2834 2143 2900 2185 ex
2931 2128 3089 2185 dictis
3118 2131 3248 2186 satis
3284 2135 3519 2187 constat.

2519 2221 2574 2274 2.
2618 2218 2859 2275 Dubitari
2895 2233 3025 2276 vero
3067 2224 3279 2292 potest,
3318 2222 3449 2294 quia
3485 2220 3617 2277 nihil
3658 2221 3729 2278 ibi
3768 2229 3888 2292 est,
3940 2238 4037 2295 per

2442 2307 2590 2380 quod
2617 2307 2946 2367 excludatur
2980 2310 3273 2367 consilium
3296 2325 3326 2366 a
3357 2311 3563 2367 ratione
3585 2310 3737 2384 legis.
3762 2311 3915 2369 Unde
3939 2312 4037 2368 ali-

2442 2400 2539 2470 qui
2566 2398 2913 2470 concedunt,
2945 2399 3235 2456 consilium
3264 2399 3367 2458 sub
3398 2399 3517 2473 lege
3553 2405 3820 2460 contineri
3850 2445 3865 2474 ,
3890 2402 4037 2477 quod

2445 2490 2502 2545 in
2533 2489 2715 2562 rigore
2745 2483 2939 2546 verum
2970 2504 3079 2546 non
3108 2497 3229 2563 est,
3258 2496 3324 2546 ut
3360 2505 3526 2562 supra
3566 2492 3749 2564 tetigi,
3780 2500 3837 2550 et
3872 2493 3927 2548 in
3952 2509 4037 2549 se·

2443 2580 2632 2651 quenti
2661 2581 2837 2652 capite
2868 2581 3065 2637 iterum
3094 2579 3293 2638 dicam.
3327 2579 3648 2653 Respondeo
3669 2597 3832 2654 ergo,
3859 2581 4039 2654 dupli-

2441 2668 2574 2725 citer
2613 2668 2834 2726 excludi
2863 2669 3152 2726 consilium
3180 2685 3279 2742 per
3318 2669 3465 2726 illam
3492 2668 3870 2728 definitionem.
3904 2672 4035 2740 Quia

2440 2758 2729 2815 consilium
2758 2766 2823 2816 ut
2850 2759 2948 2831 sic,
2983 2775 3081 2832 per
3108 2775 3167 2817 se
3190 2776 3299 2817 non
3328 2767 3414 2818 est
3440 2777 3470 2816 a
3500 2761 3813 2836 superiore,
3842 2769 4036 2836 quate-

2440 2864 2545 2907 nus
2581 2849 2741 2906 babet
2764 2855 3088 2922 potestatem
3114 2856 3172 2907 et
3207 2865 3401 2908 curam
3430 2852 3484 2907 iu
3512 2850 3789 2925 subditos3
3820 2851 3904 2909 lex
3937 2869 4034 2910 au-

2438 2945 2549 2997 tem
2598 2938 2760 2997 debet
2798 2955 2921 2997 esse
2968 2939 3091 2996 talis
3140 2940 3405 2998 ordinatio
3447 2942 3703 3014 rationis,
3746 2957 3887 3016 quae
3928 2943 4034 3000 hoc

2440 3029 2601 3086 modo
2628 3029 2892 3102 procedat
2915 3028 2983 3086 ab
3010 3028 3241 3088 habente
3269 3046 3465 3088 curam
3492 3033 3903 3090 communitatis
3921 3075 3935 3104 ‚
3970 3040 4034 3090 ut

2441 3120 2493 3177 in
2520 3121 2641 3193 ipsa
2666 3120 2976 3178 definitione
3002 3119 3349 3192 declaratur,
3372 3137 3469 3194 per
3498 3136 3557 3178 se
3575 3123 3719 3178 enim
3744 3137 3808 3180 ac
3831 3123 4033 3180 sorma-

2440 3209 2561 3268 liter
2586 3211 2933 3286 intelligenda
2956 3220 3065 3271 est.
3096 3213 3167 3270 Et
3184 3212 3379 3270 eodem
3403 3210 3564 3270 modo
3588 3211 3926 3271 excludenda
3946 3220 4034 3271 est

2440 3303 2615 3358 oratio
2656 3317 2755 3359 seu
2783 3304 2970 3375 petitio
3002 3303 3071 3360 ab
3098 3302 3203 3359 hac
3232 3302 3577 3361 ordinatione
3604 3305 3863 3376 rationis,
3894 3303 4030 3362 haec

2438 3393 2583 3448 enim
2612 3392 2743 3463 tria,
2768 3399 3146 3466 praeceptum,
3175 3392 3467 3450 consilium
3485 3434 3499 3462 ‚
3526 3399 3585 3451 et
3610 3393 3817 3466 petitio,
3842 3395 3897 3450 in
3923 3394 4028 3452 hoc

2442 3481 2805 3548 conveniunt,
2836 3481 2986 3555 quod
3012 3498 3108 3554 per
3135 3481 3228 3540 illa
3254 3483 3432 3539 omnia
3460 3483 3747 3541 ordinatur
3777 3499 3874 3541 seu
3904 3484 4029 3541 diri-

2442 3573 2593 3645 gitur
2622 3588 2767 3630 unus
2795 3571 2865 3629 ad
2902 3571 3236 3645 operandum
3267 3588 3362 3645 per
3391 3575 3655 3631 rationem
3683 3573 3942 3647 alterius;
3974 3581 4030 3634 et

2440 3663 2518 3719 ita
2559 3661 2741 3719 omnia
2780 3661 2869 3719 illa
2910 3668 3146 3734 possunt
3182 3661 3291 3719 dici
3332 3661 3595 3720 ordinatio
3636 3664 3855 3721 rationis
3884 3707 3899 3737 ,
3930 3665 4028 3722 sed

2439 3751 2712 3810 differunt.
2754 3751 2891 3809 Nam
2930 3751 3114 3823 petitio
3150 3766 3249 3824 per
3274 3767 3335 3809 se
3364 3758 3451 3809 est
3475 3751 3740 3810 inferioris
3768 3753 3837 3810 ad
3866 3769 4027 3827 supe-

2438 3843 2676 3909 riorem,
2722 3840 2849 3900 licet
2886 3843 3062 3914 possit
3100 3842 3346 3899 exerceri
3384 3843 3521 3899 inter
3548 3843 3821 3917 aequales,
3852 3849 3907 3901 et
3932 3842 4025 3900 ali-

2438 3932 2661 4006 quando
2704 3947 2735 3989 a
2776 3933 3057 4006 superiore
3084 3933 3232 3990 circa
3258 3933 3598 4007 inferiorem,
3629 3943 3735 3991 seir
3754 3950 3859 3991 non
3889 3951 4027 4008 qua·

2440 4030 2599 4082 tenus
2630 4022 2751 4079 talis
2778 4029 2893 4094 est3
2928 4022 3035 4079 imo
3064 4023 3115 4078 in
3142 4037 3207 4079 eo
3233 4021 3637 4096 quodammodo
3670 4024 4024 4083 se'submittit

2438 4112 2594 4170 alteri
2611 4153 2627 4184 ,
2662 4119 2724 4170 ut
2750 4128 2916 4186 supra
2940 4110 3072 4170 dixi.
3102 4113 3398 4171 Consilium
3420 4120 3603 4171 autem
3630 4129 3728 4187 per
3750 4131 3807 4172 se
3830 4121 3915 4172 est
3942 4118 4022 4172 in-

2442 4211 2525 4260 ter
2556 4204 2813 4277 aequales
2832 4245 2847 4276 ‚
2877 4209 2935 4261 et
2960 4203 3005 4260 si
3033 4204 3265 4277 aliquem
3288 4219 3577 4262 excessum
3606 4203 3802 4262 indicat
3823 4206 3873 4262 in
3895 4220 4025 4262 con-

2438 4292 2677 4364 sulente,
2703 4299 2789 4349 est
2813 4291 2990 4350 solum
3012 4294 3064 4350 in
3088 4293 3378 4366 sapientia,
3404 4295 3579 4351 nonin
3600 4301 3888 4367 potestate.
3912 4296 4023 4353 Lex

2436 4391 2620 4440 autem
2650 4399 2746 4456 per
2774 4399 2831 4440 se
2859 4391 2945 4440 est
2972 4401 3003 4440 a
3030 4386 3314 4456 superiore
3342 4387 3493 4443 circa
3513 4385 3844 4459 inferiorem,
3874 4385 4020 4460 quod

2432 4475 2485 4530 in
2529 4473 2833 4530 definitione
2874 4473 3251 4548 significatur,
3293 4477 3367 4532 ita
3407 4491 3539 4550 ergo
3569 4475 3904 4535 sufficienter
3932 4493 4025 4535 ex-

2436 4563 2681 4622 cluditur
2720 4564 3011 4623 consilium
3050 4582 3079 4622 a
3107 4567 3315 4624 ratione
3342 4565 3496 4640 legiS.
3528 4569 3601 4624 Et
3628 4575 3906 4640 praeterea
3920 4585 4027 4658 ge·

2435 4669 2541 4711 nus
2569 4653 2923 4712 ordinationis
2950 4655 3167 4730 intelligi
3195 4656 3357 4715 debet
3388 4656 3456 4714 de
3484 4657 3698 4715 efficaci
3731 4659 4023 4716 ordinatio-

2436 4761 2535 4818 ne,
2580 4753 2720 4817 quae
2762 4745 2868 4801 vim
2908 4745 3103 4803 habeat
3141 4755 3461 4820 cogentem,
3492 4755 3551 4806 ut
3578 4749 3742 4806 Arist.
3775 4750 3935 4822 dixit,
3964 4757 4023 4810 et

2438 4834 2544 4892 hoc
2585 4835 2800 4894 videtur
2836 4837 2999 4893 etiam
3036 4835 3380 4896 determinari
3414 4854 3511 4910 per
3538 4839 3862 4912 particulam
3882 4857 4025 4916 pro·

2436 4925 2735 5002 mnlyata,
2769 4929 2897 5001 quia
2939 4928 3165 4984 consilio
3206 4943 3313 4985 non
3356 4929 3613 4986 convenit
3650 4933 3868 5002 proprie
3896 4947 4022 5004 pro·

2436 5017 2704 5094 mulgari3
2736 5033 2859 5074 nam
2900 5017 3036 5075 haec
3076 5034 3179 5076 vox
3218 5017 3423 5076 indicat
3450 5018 3694 5076 ordinem
3724 5019 3793 5076 ad
3821 5018 4021 5094 obliga-

2438 5109 2637 5166 tionem
2680 5106 3073 5182 inducendam,
3114 5109 3167 5166 in
3208 5125 3318 5184 quo
3360 5109 3589 5168 maxime
3628 5109 3807 5168 differt
3841 5112 4022 5170 consi-

2436 5197 2571 5258 lium
2597 5215 2627 5256 a
2654 5197 2789 5274 lege.

2510 5289 2749 5349 Tandem
2770 5287 2987 5349 videtur
3008 5289 3226 5349 obstare
3251 5287 3322 5350 illi
3344 5289 3665 5364 definitioni,
3692 5291 3817 5367 quia
3840 5298 4017 5367 potest
