4325 6267
1652 323 1865 380 cnm·
1891 329 2065 380 XXX.

225 441 466 500 humana
507 441 762 518 obligari.
793 445 929 503 item
969 453 1190 519 propter
1230 448 1516 508 utilitatem
1547 451 1824 524 publicam

225 538 407 604 potest
433 533 634 608 aliquis
661 535 887 608 aggredi
913 551 1056 609 opus
1083 553 1216 594 cum
1243 554 1442 613 magno
1474 541 1721 613 periculo
1750 543 1829 598 vi·

224 627 312 680 tae
329 665 344 693 ,
373 624 590 680 etiamsi
619 639 730 681 non
752 626 823 682 sit
842 631 993 683 tanta
1011 627 1316 686 necessitas
1338 627 1465 686 boni
1490 631 1824 704 communis,

227 713 284 767 in
322 727 435 784 qua
474 720 666 785 posset
691 713 940 788 obligari.
973 717 1205 788 Propter
1231 719 1338 775 hoc
1364 733 1496 794 ergo
1524 721 1593 778 ad
1619 721 1827 778 discer-

225 800 460 858 nendam
483 804 838 862 occasionem
853 846 869 878 ,
891 807 946 862 in
970 822 1080 878 qua
1101 807 1184 864 lex
1207 807 1444 866 humana
1467 792 1674 883 obligat
1692 826 1824 867 cum

227 889 322 945 tali
347 891 629 965 periculo,
659 908 768 949 non
799 900 1011 952 tantum
1038 896 1456 967 ponderandum
1486 904 1600 972 est,
1631 915 1700 956 an
1727 899 1827 958 bo·

227 991 362 1035 num
385 993 681 1038 commune
703 987 838 1039 tnnc
861 984 1256 1056 praeponderet
1277 988 1419 1043 vitae
1434 987 1708 1061 propriae,
1733 989 1827 1045 sed

227 1067 386 1124 etiam
418 1083 486 1126 an
525 1069 630 1126 tale
659 1071 760 1144 sit,
793 1078 856 1129 ut
879 1072 1152 1132 redundet
1177 1076 1231 1132 in
1260 1082 1558 1133 extremam
1585 1077 1669 1134 vel
1699 1095 1828 1152 gra·

226 1173 350 1216 vem
379 1161 765 1218 necessitatem
785 1161 911 1218 boni
934 1167 1278 1237 communis3
1302 1166 1388 1223 vel
1410 1181 1440 1224 e
1461 1181 1734 1224 converso
1755 1185 1825 1225 an

225 1263 296 1304 ex
342 1251 782 1323 transgressione
823 1250 960 1326 legis
999 1268 1166 1326 grave
1203 1253 1463 1312 damnum
1507 1272 1819 1330 commune,

227 1339 392 1412 quale
429 1347 520 1396 est
559 1345 911 1413 contemptus
955 1341 1259 1418 religionis,
1289 1344 1430 1416 fidei,
1459 1351 1559 1402 aut
1587 1346 1827 1418 ipsarum

225 1427 448 1502 legum,
491 1435 787 1504 sequatur;
830 1432 882 1487 in
915 1430 996 1487 his
1025 1433 1165 1490 enim
1188 1427 1410 1492 tantum
1441 1435 1664 1492 casibus
1693 1435 1827 1494 obli-

225 1521 324 1589 gat
353 1517 440 1574 les
466 1517 738 1592 bumana,
767 1526 822 1577 et
849 1518 994 1578 ultra
1020 1537 1132 1579 non
1157 1522 1494 1581 extenditur.

307 1612 364 1664 8.
395 1605 478 1664 Ad
515 1607 930 1666 fundamentum
969 1611 1164 1682 prioris
1201 1614 1494 1670 sententiae
1530 1614 1829 1687 responde·

227 1700 323 1753 tur
339 1735 358 1764 ,
389 1695 685 1768 dupliciter
710 1714 870 1772 posse
897 1699 1120 1774 aliquod
1147 1718 1286 1774 opus
1323 1702 1433 1761 dici
1460 1720 1824 1777 supereroga-

225 1785 417 1842 tionis.
447 1786 665 1860 Primo‚
690 1790 820 1861 quia
843 1788 927 1847 lex
947 1791 1234 1865 naturalis,
1257 1793 1344 1851 vel
1366 1792 1546 1852 divina
1565 1793 1696 1853 illud
1719 1809 1826 1852 non

225 1875 528 1951 praecipit,
553 1882 612 1932 et
638 1875 743 1934 boc
773 1877 936 1936 modo
957 1895 1068 1938 non
1087 1882 1248 1938 estin
1271 1883 1586 1942 universum
1607 1900 1822 1956 verum,

225 1961 406 2036 legem
435 1965 730 2023 humanam
753 1982 864 2025 non
889 1984 1052 2042 posse
1073 1973 1392 2044 praecipere
1415 1988 1582 2046 opera
1602 1989 1826 2045 supere·

226 2055 555 2126 rogationis,
589 2063 654 2113 ut
683 2072 852 2129 supra
877 2067 1076 2117 contra
1096 2063 1390 2118 Ger-sonem
1414 2070 1698 2120 ostensum
1717 2070 1822 2122 est.

229 2141 356 2199 Alio
395 2143 560 2201 modo
601 2143 806 2204 dicitur
844 2162 984 2221 opus
1026 2152 1554 2225 supererogationis3
1584 2151 1734 2226 quod
1761 2169 1827 2211 ex

228 2248 336 2289 suo
363 2249 566 2307 genere
590 2235 666 2292 ita
691 2242 779 2294 est
805 2235 911 2294 sub
937 2237 1194 2310 consilio,
1224 2245 1290 2298 ut
1317 2239 1384 2298 de
1425 2256 1482 2298 se
1520 2256 1626 2298 non
1658 2243 1834 2314 possit

227 2319 432 2379 habere
475 2325 842 2382 necessariam
884 2328 1277 2386 connexionem
1319 2345 1450 2387 cum
1477 2331 1580 2386 line
1609 2331 1824 2404 ultimo,

227 2411 314 2467 vel
357 2427 492 2469 cum
534 2413 812 2471 communi
851 2412 998 2472 bono
1027 2416 1364 2488 reipublicae
1391 2420 1712 2493 temporali,
1742 2419 1826 2476 vel

230 2501 531 2576 spirituali,
563 2509 627 2558 ut
651 2509 737 2559 est
764 2519 820 2559 v.
845 2519 902 2575 g.
929 2506 1180 2562 custodia
1201 2507 1538 2582 virginitatis3
1571 2516 1626 2566 et
1649 2509 1702 2566 in
1723 2508 1827 2566 hoc

230 2606 402 2648 sensu
427 2607 624 2650 verum
653 2599 763 2666 est,
783 2592 992 2650 bonum
1021 2600 1521 2671 supererogationis
1537 2613 1650 2659 non
1669 2613 1829 2670 posse

229 2680 474 2752 praecipi
513 2680 632 2754 lege
661 2680 922 2739 humana.
954 2683 1044 2740 Sic
1073 2691 1256 2743 autem
1283 2701 1574 2760 negamus,
1598 2686 1728 2744 dare
1750 2690 1830 2744 vi-

231 2775 346 2826 tam
383 2785 490 2840 pro
529 2770 811 2843 republica
853 2786 974 2829 esse
1002 2789 1142 2846 opus
1170 2777 1704 2851 supererogationis,
1737 2776 1834 2833 ali·

233 2859 460 2931 quando
486 2861 631 2918 enim
661 2859 807 2917 cadit
833 2862 938 2919 sub
963 2869 1320 2936 praeceptum
1349 2867 1623 2924 naturale.
1649 2867 1720 2924 Et
1749 2867 1830 2923 sic

235 2949 402 3004 etiam
441 2955 625 3020 potest
661 2949 936 3008 interdum
977 2953 1212 3024 praecipi
1253 2951 1372 3028 lege
1413 2955 1672 3012 humana.
1715 2955 1829 3012 Nec

233 3037 443 3108 refert,
485 3037 638 3111 quod
677 3041 750 3096 sit
785 3039 1042 3114 difficile3
1087 3057 1214 3100 nam
1253 3045 1404 3101 circa
1444 3044 1549 3101 hoc
1575 3051 1834 3102 versatur

231 3126 414 3183 virtus
441 3126 496 3183 in
523 3127 741 3185 actibus
769 3131 1086 3187 necessariis
1108 3172 1123 3203 ,
1149 3132 1300 3189 iuxta
1334 3133 1494 3190 tinem
1525 3134 1834 3206 proportio-

235 3221 433 3272 natum
451 3256 468 3286 ,
498 3221 556 3273 et
591 3215 658 3273 ad
683 3215 838 3276 'idem
865 3220 1176 3278 extenditur
1205 3228 1448 3293 potestas
1477 3221 1612 3296 legis
1643 3223 1833 3280 huma-

233 3319 340 3361 nae
360 3344 378 3377 ,
405 3304 627 3378 quando
645 3320 754 3364 non
777 3307 1028 3365 obstante
1051 3307 1139 3366 illa
1158 3309 1488 3368 difficultate
1503 3353 1518 3384 ,
1541 3313 1837 3368 observan-

237 3394 314 3450 tia
353 3393 625 3452 bumanae
665 3394 798 3469 legis
839 3394 906 3453 ad
947 3413 1240 3456 commune
1279 3399 1491 3458 honum
1529 3401 1837 3458 necessaria

239 3489 346 3540 est.
379 3481 464 3540 Ad
489 3484 963 3544 confirmationem
985 3493 1166 3545 autem
1196 3489 1581 3562 respondetur,
1606 3489 1660 3546 in
1682 3504 1840 3562 prae-

235 3579 409 3645 cepto
461 3575 894 3632 conservationis
933 3576 1075 3633 vitae
1111 3575 1224 3634 duo
1265 3577 1493 3636 includi.
1537 3580 1718 3637 Unum
1755 3585 1842 3636 est

233 3664 592 3742 negativum,
617 3662 773 3738 quod
801 3663 1006 3739 obligat
1031 3681 1248 3738 semper
1268 3674 1325 3725 et
1345 3684 1445 3740 pro
1468 3683 1704 3740 semper,
1734 3667 1838 3724 sci·

237 3752 374 3810 licet
411 3769 522 3811 non
561 3769 623 3810 se
659 3751 990 3828 occidendi3
1033 3762 1092 3812 et
1129 3762 1330 3814 contra
1369 3757 1474 3814 hoc
1502 3757 1632 3813 nihil
1661 3763 1843 3829 potest

235 3841 554 3914 praecipere
581 3843 668 3900 lex
697 3842 955 3901 humana.
988 3843 1152 3901 Aliud
1187 3850 1274 3902 est
1307 3845 1695 3903 affirmativum
1717 3887 1732 3918 ,
1761 3845 1841 3902 sa·

235 3930 421 3988 ciendi
449 3931 653 4005 aliquid
682 3931 752 3989 ad
779 3933 1213 3990 conservandam
1241 3936 1433 4006 vitam,
1458 3941 1516 3993 et
1544 3935 1610 3992 ad
1630 3937 1843 3993 evitan-

231 4020 368 4078 dam
399 4029 655 4095 mortem,
685 4026 744 4079 et
767 4021 952 4095 quoad
981 4022 1086 4078 hoc
1113 4039 1222 4082 non
1253 4022 1460 4096 obligat
1479 4039 1577 4096 pro
1602 4039 1837 4095 semper,

235 4110 340 4168 sed
369 4111 728 4183 praetermitti
757 4126 918 4184 saepe
945 4117 1143 4184 potest,
1165 4129 1274 4170 non
1303 4113 1480 4170 solum
1501 4119 1725 4186 propter
1746 4114 1844 4170 ob-

237 4202 574 4256 servantiam
601 4199 756 4272 legis,
779 4199 876 4256 sed
898 4200 1058 4257 etiam
1081 4207 1306 4272 propter
1325 4202 1532 4259 bonum
1548 4201 1838 4260 amicitiae.

240 4287 326 4344 vel
367 4294 592 4360 propter
619 4288 752 4345 alias
792 4288 1052 4347 honestas
1079 4290 1321 4347 actiones
1360 4307 1460 4348 seu
1489 4291 1746 4349 rationes.
1771 4291 1846 4348 Et

237 4377 321 4435 ita
347 4379 514 4434 etiam
542 4383 725 4450 potest
751 4377 840 4435 lex
867 4377 1105 4437 humana
1133 4379 1370 4452 obligare
1397 4379 1468 4437 ad
1496 4382 1842 4453 praetermit-

241 4465 470 4524 tendam
507 4466 652 4523 vitae
691 4467 1002 4524 custodiam
1036 4473 1258 4539 propter
1285 4468 1679 4527 observantiam
1709 4463 1844 4543 le‘gis

241 4555 314 4612 ad
345 4569 640 4612 commune
669 4555 874 4612 bonum
903 4556 1266 4613 necessariae.

319 4643 404 4700 Ad
431 4642 844 4700 fundamentum
872 4644 1110 4701 Caietani
1131 4644 1523 4720 respondetur,
1550 4644 1843 4703 illationem

239 4733 360 4790 fieri
383 4749 414 4789 a
435 4748 603 4790 sensu
624 4733 933 4804 composito
957 4732 1024 4790 ad
1045 4733 1312 4806 divisum3
1337 4743 1517 4792 stante
1541 4737 1687 4792 enim
1709 4733 1845 4791 obli-

239 4824 466 4894 gatione
495 4822 658 4895 legia,
691 4827 961 4895 repugnat
985 4828 1180 4880 contra
1209 4823 1356 4881 illam
1383 4839 1546 4898 agere
1563 4866 1579 4898 ,
1605 4829 1668 4881 ut
1695 4829 1845 4880 recte

241 4911 444 4982 probat
479 4910 574 4969 illa
613 4913 786 4968 ratio:
832 4927 941 4968 non
981 4919 1166 4970 autem
1209 4912 1314 4969 hoc
1354 4913 1623 4984 dicimus,
1656 4912 1750 4970 sed
1789 4915 1844 4970 in

242 5015 386 5057 casu
425 5000 786 5064 necessitatis.
809 5015 1028 5058 cessare
1058 5001 1470 5074 obligationem,
1500 5004 1658 5060 etita
1683 5004 1846 5060 etiam

246 5101 468 5146 cessare
493 5088 760 5148 rationem
799 5089 996 5162 culpae
1033 5090 1090 5148 in
1129 5089 1217 5147 illa
1245 5090 1512 5149 materiali
1541 5097 1848 5164 transgres-

247 5179 437 5251 sione,
481 5177 566 5236 vel
603 5179 787 5252 potius
815 5179 870 5237 in
897 5176 1162 5237 materiali
1185 5194 1296 5237 non
1322 5171 1648 5240 executione
1681 5181 1844 5254 legis.

3292 311 3412 377 271

1895 452 2052 522 Quod
2080 451 2237 526 plane
2268 452 2555 511 confirmat
2589 450 2782 527 regula
2807 453 2969 524 iuris,
3002 451 3221 524 dicens,
3254 455 3493 512 necessi·

1895 548 2066 599 tatem
2108 542 2289 599 facere
2330 541 2537 600 licitum
2557 583 2572 614 ,
2603 541 2757 614 quod
2784 540 2916 599 alias
2946 557 3054 599 non
3083 551 3249 600 esset.
3281 545 3357 599 De
3385 559 3497 616 qua

1893 631 2064 688 videri
2091 638 2272 704 potest
2298 631 2558 688 Alexand.
2592 635 2645 688 si
2673 647 2747 688 ex
2776 635 2922 702 tote,
2959 633 3014 690 ff.
3046 630 3113 688 de
3142 632 3380 706 legibus.
3412 631 3493 692 Ad

1897 719 2130 792 primam
2184 720 2651 777 confirmationem
2701 720 2966 793 fatemur,
3015 728 3242 794 propter
3288 722 3495 778 bonum

1894 823 2191 866 commune
2206 807 2667 865 contemnendam
2682 824 2801 865 esse
2817 809 2981 866 vitam
3002 811 3299 883 propriam,
3316 826 3492 884 quan·
3560 865 3569 874 ,

1893 896 1965 954 do
1993 898 2364 954 necessarium
2393 903 2508 968 est3
2540 911 2805 969 negamus
2846 905 3023 954 tamen
3055 914 3273 970 semper
3300 889 3511 956 neces-⁶

1897 987 2102 1044 sarium
2131 987 2200 1044 ad
2236 987 2446 1044 bonum
2477 1001 2770 1043 commune
2800 987 3183 1060 materialiter,
3216 996 3279 1046 ut
3307 990 3385 1045 sic
3414 989 3495 1047 di-

1895 1092 2051 1150 cam,
2096 1077 2291 1150 exequi
2331 1074 2527 1149 legem.
2572 1077 2709 1134 Nam
2748 1075 2880 1133 licet
2919 1077 3007 1134 illa
3036 1086 3257 1150 propter
3284 1079 3491 1136 bonum

1895 1181 2189 1223 commune
2216 1165 2396 1238 posita
2422 1167 2525 1237 sit,
2557 1167 2690 1223 satis
2719 1169 3080 1238 consequitur
3110 1169 3301 1238 tinem,
3328 1169 3377 1224 si
3406 1183 3496 1224 re-

1894 1254 2193 1329 gulariter,
2238 1269 2305 1311 ac
2345 1270 2443 1329 per
2483 1269 2571 1327 se,
2614 1262 2669 1312 et
2705 1262 2861 1314 extra
2888 1255 2988 1314 hos
3016 1271 3182 1314 casus
3211 1263 3487 1315 extremos

1895 1344 2240 1401 observetur.

1971 1432 2052 1490 Ad
2075 1431 2376 1490 secundam
2400 1432 2868 1492 confirmationem
2884 1475 2900 1506 ,
2924 1440 2980 1491 et
3000 1433 3373 1494 inductionem
3392 1438 3493 1493 Ca·

1895 1523 2088 1594 ietani,
2121 1525 2363 1594 primum
2396 1522 2707 1594 exemplum
2742 1530 2862 1581 erat
2889 1523 2955 1580 de
2984 1526 3330 1592 matrimonio
3359 1541 3490 1582 con·

1894 1611 2160 1669 trahendo
2200 1627 2333 1668 cum
2372 1613 2814 1686 consanguinea3
2844 1616 2899 1670 in
2939 1630 3051 1686 quo
3084 1605 3259 1688 primo
3290 1631 3495 1688 suppo·

1895 1700 2137 1758 nendum
2163 1708 2278 1774 est,
2302 1700 2453 1775 quod
2482 1699 2614 1758 licet
2642 1702 2900 1776 obligatio
2930 1701 3061 1775 legis
3090 1710 3273 1761 cesset
3297 1718 3367 1760 ex
3395 1720 3491 1760 oc·-

1895 1797 2152 1848 currente
2194 1790 2443 1862 periculo
2482 1791 2790 1865 gravissimi
2827 1795 3178 1864 nocumenti,
3224 1795 3269 1850 si
3310 1801 3493 1850 tamen

1893 1877 1981 1937 lex
2006 1887 2091 1936 est
2116 1880 2334 1936 irritans
2351 1921 2367 1953 ,
2394 1895 2502 1937 non
2533 1886 2718 1938 cessat
2746 1881 2975 1939 irritatio
3007 1889 3231 1954 propter
3259 1889 3490 1956 metum,

1895 1977 1959 2026 ut
1985 1970 2126 2026 infra
2151 1968 2430 2042 dicemus,
2461 1975 2517 2028 et
2544 1984 2730 2027 omnes
2770 1977 3027 2027 auctores
3060 1979 3407 2045 supponunt,
3438 1977 3495 2030 et

1895 2065 2114 2118 constat
2156 2075 2227 2117 ex
2272 2059 2423 2132 praxi
2470 2060 2771 2118 Ecclesiae.
2814 2061 2885 2117 Et
2920 2049 3058 2118 rati'o
3100 2061 3252 2119 reddi
3289 2067 3492 2135 potest,

1894 2149 2024 2223 quia
2071 2147 2140 2205 ad
2190 2148 2475 2206 vitandum
2522 2149 2832 2221 periculum
2868 2150 2999 2205 satis
3028 2157 3139 2221 est,
3170 2153 3496 2209 exteriorem

1896 2244 2083 2295 actum
2112 2237 2297 2294 facere
2315 2281 2330 2310 ,
2352 2238 2561 2295 etiamsi
2582 2245 2807 2311 propter
2835 2241 3203 2297 resistentiam
3234 2241 3369 2313 legis
3396 2257 3490 2298 va-

1895 2325 2040 2384 lidus
2079 2343 2189 2382 non
2230 2327 2321 2383 sit.
2352 2326 2508 2395 Quod
2538 2328 2584 2386 si
2616 2327 2847 2386 sortasse
2872 2329 2963 2386 illa
2988 2332 3276 2386 occasione
3304 2332 3489 2388 incur·

1894 2424 2055 2473 ratur
2091 2415 2238 2473 aliud
2266 2415 2575 2488 periculum
2604 2418 2839 2475 violandi
2862 2419 3098 2490 aliquam
3130 2418 3305 2491 legem
3335 2427 3495 2477 natu-

1897 2505 2100 2577 ralem,
2141 2491 2239 2562 aut
2274 2505 2575 2578 moriendi,
2609 2506 2660 2564 id
2687 2515 2773 2564 est
2799 2506 2955 2564 valde
2982 2517 3293 2582 remotum,
3320 2517 3376 2566 et
3402 2525 3495 2566 ac-

1897 2593 2260 2652 cidentarium
2284 2635 2300 2664 ,
2330 2602 2385 2652 et
2423 2595 2545 2652 ideo
2588 2595 2641 2652 id
2682 2613 2789 2654 non
2829 2596 3129 2654 attenditur
3169 2598 3221 2653 in
3250 2597 3496 2655 facienda

1899 2683 2152 2741 absoluta
2191 2683 2493 2740 irritatione
2533 2691 2719 2740 actus.
2760 2686 3023 2757 Accedit,
3065 2685 3215 2759 quod
3244 2687 3287 2742 si
3314 2689 3371 2744 in
3399 2687 3491 2743 tali

1898 2787 2036 2830 casu
2057 2780 2300 2829 cessaret
2318 2773 2547 2828 irritatio
2570 2778 2791 2846 propter
2814 2782 3044 2849 metum,
3060 2775 3255 2835 liceret
3274 2785 3489 2850 postea,

1900 2861 1986 2918 vel
2026 2863 2190 2918 etiam
2230 2862 2604 2918 necessarium
2646 2870 2794 2920 esset
2832 2865 2885 2920 iu
2915 2865 3009 2922 tali
3036 2873 3168 2922 actu
3198 2867 3492 2937 persistere

1902 2957 2185 3008 transacto
2222 2957 2376 3008 metu
2406 2968 2420 3005 z
2461 2950 2565 3006 hoc
2614 2957 2799 3008 autem
2834 2959 2922 3009 est
2957 2951 3113 3010 valde
3156 2955 3499 3012 contrarium

1903 3042 2048 3098 bono
2079 3040 2360 3097 communi
2386 3046 2443 3097 et
2470 3040 2557 3096 lini
2588 3038 2780 3097 talium
2806 3041 3012 3115 legum.
3054 3045 3131 3101 De
3160 3059 3271 3115 qua
3292 3059 3351 3100 re
3378 3042 3497 3115 plu-

1901 3145 1968 3189 ra
1993 3129 2245 3186 dicemus
2270 3127 2412 3186 infra
2444 3128 2731 3187 tractando
2764 3129 2813 3186 in
2844 3129 3023 3201 specie
3044 3129 3112 3189 de
3140 3130 3257 3204 lege
3278 3132 3498 3189 irritan-

1906 3225 1980 3276 te.
2011 3220 2128 3276 Hoc
2150 3233 2283 3291 ergo
2307 3217 2590 3289 supposito
2613 3218 3032 3290 respondemus,
3056 3221 3110 3276 in
3134 3235 3271 3277 casu
3292 3218 3359 3276 de
3383 3235 3498 3277 ma·

1904 3307 2165 3365 trimonio
2186 3305 2396 3364 licitum
2418 3321 2561 3376 esse,
2576 3305 2707 3363 illud
2729 3309 2975 3364 exterius
2994 3308 3345 3380 contrahere,
3368 3309 3497 3381 quia

1908 3396 1992 3454 vel
2019 3397 2126 3454 hoc
2155 3410 2265 3452 non
2292 3401 2377 3452 est
2404 3395 2761 3467 prohibitum,
2788 3395 2875 3454 vel
2904 3398 2946 3453 si
2968 3402 3083 3470 est,
3108 3413 3207 3468 pro
3234 3398 3327 3456 illo
3355 3413 3493 3456 casu

1905 3491 2088 3544 cessat
2114 3484 2424 3557 prohibitio.
2456 3483 2813 3541 Nihilominus
2840 3490 3021 3542 tamen
3050 3484 3310 3558 dicimus,
3340 3487 3394 3543 in
3422 3501 3490 3544 eo

1906 3591 2069 3646 casu,
2100 3588 2214 3631 non
2241 3573 2492 3631 obstante
2522 3580 2693 3646 metu,
2722 3589 2941 3631 manere
2969 3575 3349 3648 obligationem
3377 3576 3501 3632 abs·

1907 3664 2113 3723 tinendi
2156 3678 2191 3720 a
2230 3663 2559 3720 matrimonii
2608 3679 2746 3735 usu,
2788 3679 2899 3720 non
2939 3671 3159 3737 propter
3208 3664 3502 3737 specialem

1909 3754 2297 3827 obligationem
2326 3752 2457 3824 legis
2486 3752 2780 3826 positivae,
2810 3753 2906 3810 sed
2935 3756 3068 3827 quia
3095 3769 3224 3811 cum
3252 3771 3360 3814 non
3388 3755 3507 3812 sue-

1906 3845 1983 3901 rit
2007 3841 2247 3900 validum
2262 3883 2278 3916 ,
2300 3847 2449 3898 esset
2471 3847 2667 3898 contra
2690 3841 2997 3898 naturalem
3018 3841 3191 3915 legem
3213 3841 3346 3900 illud
3370 3857 3503 3900 con·
3527 3843 3533 3852 '

1909 3947 2189 3991 summare
2207 3971 2223 4000 ,
2253 3931 2384 4004 quia
2411 3937 2557 3988 esset
2585 3927 2876 4006 fornicari,
2901 3929 3050 4005 quod
3070 3932 3360 3990 intrinsece
3383 3947 3499 3990 ma-

1907 4023 2026 4080 lum
2053 4029 2159 4079 est.
3299 4011 3317 4022 “

1989 4117 2046 4170 9.
2077 4110 2266 4167 Dices:
2299 4108 2463 4166 etiam
2492 4109 2733 4180 primum
2752 4107 2973 4167 videtur
2996 4109 3279 4168 includere
3300 4109 3506 4184 aliquid

1907 4205 2108 4258 contra
2133 4196 2310 4270 legem
2340 4203 2601 4268 naturae,
2632 4202 2689 4254 et
2714 4197 3002 4256 intrinsece
3033 4198 3267 4269 malum;
3298 4201 3503 4256 namin

1912 4288 2102 4363 primis
2130 4286 2175 4343 si
2202 4285 2607 4343 matrimonium
2636 4286 3021 4344 consideretur
3048 4288 3103 4343 in
3131 4289 3340 4344 ratione
3370 4303 3505 4344 con-

1911 4382 2129 4436 tractus
2149 4416 2167 4448 ,
2197 4373 2332 4431 illud
2359 4379 2442 4431 est
2468 4374 2661 4432 fictum
2689 4376 3129 4450 matrimonium,
3150 4386 3207 4435 et
3232 4379 3307 4434 ita
3328 4376 3509 4434 inclu-

1912 4468 1992 4525 dit
2019 4465 2279 4524 malitiam
2308 4462 2607 4536 mendacii,
2638 4464 2831 4522 saltem
2859 4465 3126 4523 officiosi:
3153 4467 3351 4523 sivero
3375 4482 3508 4524 con-

1919 4558 2201 4616 sideretur
2246 4555 2299 4610 in
2340 4555 2557 4610 ratione
2598 4555 2957 4630 sacramenti,
2984 4555 3199 4612 videtur
3228 4554 3508 4612 includere

1913 4645 2171 4704 malitiam
2192 4643 2375 4717 gravis
2399 4642 2691 4716 sacrilegii,
2715 4645 2842 4716 quia
2865 4644 3170 4701 ministrare
3196 4659 3509 4702 sacramen-

1913 4741 2033 4792 tum
2059 4745 2327 4806 personae
2346 4729 2585 4806 inhabili,
2609 4732 2694 4788 vel
2722 4739 2926 4790 tentare
2946 4732 3081 4790 illud
3104 4735 3370 4790 conticere
3394 4733 3509 4790 sine

1913 4821 2195 4896 requisitis
2226 4819 2293 4876 ad
2322 4818 2569 4876 valorem
2591 4821 2739 4893 eius,
2764 4821 3112 4894 sacrilegium
3138 4829 3243 4878 est.
3269 4824 3511 4894 Respon-

1895 4910 2018 4988 ‚deo
2061 4909 2303 4966 breviter
2320 4951 2336 4978 ,
2364 4915 2626 4965 neutrum
2652 4925 2772 4966 esse
2800 4913 3205 4984 necessarium,
3236 4913 3365 4984 quia
3392 4909 3510 4968 talis

1913 5013 2148 5074 persona
2190 5003 2370 5069 potest
2398 4998 2478 5054 uti
2508 4997 2939 5074 amphibologia,
2977 5005 3035 5058 et
3070 5016 3177 5057 non
3208 5000 3405 5058 habere
3434 5001 3511 5056 in-

1917 5091 2220 5146 tentionem
2264 5082 2585 5148 conficiendi
2626 5095 3071 5160 sacramentum,
3116 5088 3213 5146 sed
3242 5089 3416 5146 solum
3448 5089 3511 5148 il-

1911 5178 2034 5256 lum
2056 5175 2389 5235 materialem
2410 5179 2599 5236 actum
2620 5176 2849 5236 faciendi
2867 5177 2936 5235 ad
2959 5176 3231 5236 vitandam
3252 5183 3507 5254 mortem,
