4325 6267
824 357 944 416 274

735 503 909 571 neque
951 503 1037 552 est
1077 496 1314 568 diversa,
1344 504 1442 554 aut
1482 498 1649 554 maior
1689 499 1742 553 in
1783 497 1889 569 his,
1921 513 2085 570 quam
2126 499 2181 553 in
2220 497 2325 552 illis

735 586 1016 656 membris,
1054 585 1272 660 quando
1303 590 1527 644 materia
1565 587 1857 644 uniformis
1891 595 1996 644 est.
2027 587 2324 644 Confirma-

735 683 850 746 tur,
877 675 1004 748 quia
1047 677 1132 733 lex
1173 675 1334 732 babet
1373 683 1698 748 potestatem
1739 677 2009 751 obligandi
2053 677 2322 749 subditos,

677 767 680 772 '
737 773 800 820 ut
826 764 1033 821 dictum
1066 772 1169 836 est,
1203 765 1298 822 sed
1329 766 1570 822 membra
1598 768 2007 824 communitatis
2039 773 2169 823 sunt
2194 767 2321 822 sub-

735 856 876 910 iecta
925 857 1022 910 toti
1070 856 1475 924 communitati,
1517 858 1677 912 cuius
1725 858 1925 912 virtute
1963 863 2015 913 et
2061 860 2326 927 potestate

737 944 820 1000 lex
855 944 1059 1016 fertur3
1090 960 1222 1017 ergo
1262 945 1342 1000 lex
1375 945 1574 1016 obligat
1601 945 1843 1001 membra
1869 947 2052 1002 omnia
2079 961 2329 1003 commu<

737 1033 938 1090 nitatis.

819 1125 872 1180 6.
905 1124 1142 1190 Quaeret
1169 1137 1298 1179 vero
1339 1123 1566 1196 aliquis,
1605 1141 1874 1196 quaenam
1911 1125 2018 1182 sint
2054 1123 2331 1180 censenda

742 1211 983 1268 membra
1008 1214 1434 1285 communitatis,
1450 1221 1717 1286 quantum
1735 1215 1798 1272 ad
1817 1231 2069 1287 praesens
2092 1219 2324 1287 spectat.

739 1301 1140 1376 Respondetur‚
1173 1303 1224 1357 in
1255 1304 1491 1374 generali
1523 1303 1817 1376 loquendo,
1843 1305 1989 1360 sicut
2013 1305 2064 1359 in
2091 1301 2327 1360 naturali

741 1406 972 1463 corpore
998 1393 1235 1448 actualia
1258 1392 1501 1448 membra
1523 1396 1936 1451 constituuntur
1957 1409 2051 1464 per
2075 1393 2331 1449 unionem

742 1481 1206 1552 proportionatam
1233 1481 1326 1537 tali
1348 1483 1588 1554 corpori,
1612 1497 1722 1554 qua
1743 1481 2008 1539 mediante
2033 1483 2330 1538 subiiciun-

743 1578 834 1624 tur
862 1569 1079 1624 motioni
1115 1571 1295 1642 totius,
1318 1572 1597 1642 corporis,
1632 1572 1707 1627 ita
1745 1571 1794 1627 in
1833 1587 2065 1643 corpore
2109 1571 2329 1642 politico

745 1657 986 1714 membra
1017 1660 1278 1715 constitui
1309 1675 1403 1730 per
1425 1661 1686 1716 moralem
1709 1661 2169 1730 coniunctionem,
2195 1675 2336 1733 quae

746 1764 852 1801 non
883 1753 967 1802 est
999 1747 1244 1804 eiusdem
1283 1747 1506 1822 rationis
1547 1750 1598 1804 in
1641 1751 1894 1806 omnibus
1933 1749 2339 1806 communitati-

747 1837 872 1904 buS,
911 1836 1006 1892 sed
1040 1852 1166 1892 cum
1197 1840 1548 1910 proportione
1586 1838 1847 1895 sumenda
1874 1845 1974 1895 est.
2007 1823 2141 1898 biam
2183 1839 2231 1893 in
2263 1841 2339 1894 ci-

749 1927 838 1982 vili
869 1926 1170 1998 republica,
1210 1935 1498 2000 postquam
1527 1928 1693 1984 semel
1721 1929 2023 1986 constituta
2049 1936 2162 2000 est,
2193 1928 2340 1985 ordi·

748 2016 894 2071 narie
921 2016 1182 2073 constitui
1223 2016 1400 2073 solent
1436 2017 1674 2074 membra
1708 2033 1803 2090 per
1839 2018 2140 2074 naturalem
2184 2017 2339 2090 origi-

750 2121 894 2170 nem,
927 2104 965 2162 Ι.
1007 2108 1026 2161 1
1058 2144 1072 2175 ,
1105 2105 1158 2160 ff.
1192 2105 1258 2160 ad
1287 2107 1549 2178 municip.
1580 2114 1636 2162 et
1664 2107 1699 2162 l.
1731 2109 1901 2174 cives,
1939 2107 2000 2162 C.
2033 2107 2099 2162 de
2124 2106 2339 2177 incolis,

750 2194 842 2251 lib.
893 2197 981 2252 10.
1029 2195 1086 2250 ln
1127 2193 1376 2250 Ecclesia
1415 2210 1544 2250 vero
1588 2195 1876 2252 universali
1925 2197 2342 2252 constituuntur

747 2283 991 2339 membra
1012 2298 1108 2354 per
1127 2284 1459 2354 spiritualem
1476 2286 1760 2358 originem,
1777 2301 1967 2357 nempe
1979 2285 2338 2356 Baptismum,

753 2374 804 2428 in
834 2372 1151 2444 particulari
1175 2389 1305 2430 vero
1325 2389 1422 2445 per
1443 2377 1798 2432 mutationem
1822 2375 1903 2431 vel
1926 2375 2343 2449 acquisitionem

747 2463 1023 2535 domicilii,
1056 2469 1380 2536 argumento
1410 2479 1532 2536 cap.
1561 2465 1621 2521 3.
1653 2465 1718 2521 de
1749 2472 1976 2538 tempor.
2008 2464 2183 2522 ordin.
2206 2466 2259 2521 in
2284 2469 2343 2534 6,

747 2561 804 2610 et
831 2555 1066 2610 sumitur
1097 2570 1162 2610 ex
1195 2553 1230 2609 l.
1271 2560 1322 2624 1,
1351 2555 1414 2610 C.
1445 2554 1513 2610 de
1542 2555 1704 2611 incol.
1737 2557 1794 2611 ln
1824 2554 1943 2611 aliis
1973 2570 2101 2611 vero
2140 2555 2349 2627 specia-

751 2645 894 2701 libus
935 2644 1418 2701 communitatibus
1459 2644 1632 2702 solent
1672 2646 1932 2702 constitui
1969 2645 2213 2701 membra
2252 2660 2348 2716 per

756 2732 1048 2804 specialem
1083 2734 1448 2804 receptionem
1487 2749 1584 2790 seu
1621 2735 2048 2808 acceptationem
2088 2735 2140 2790 in
2184 2735 2350 2791 colle·

755 2838 902 2896 gam,
936 2829 990 2878 et
1019 2837 1114 2892 per
1147 2821 1380 2906 aliquam
1409 2826 1820 2894 promissionem
1850 2825 1935 2880 vel
1959 2825 2348 2895 iuramentum,

759 2917 822 2967 ut
848 2918 1066 2968 constat
1097 2913 1148 2967 in
1181 2913 1643 2985 universitatibus»,
1667 2914 1933 2987 collegiis,
1958 2915 2235 2986 capitulis,
2266 2931 2351 2971 re-

758 3000 1071 3074 ligionibus,
1100 3007 1157 3058 et
1180 3000 1461 3058 similibus:
1491 3002 1624 3059 haec
1649 3009 1832 3060 autem
1861 3003 2201 3078 intelligenda
2226 3010 2357 3060 sunt

757 3090 825 3147 de
865 3091 1084 3161 unione,
1132 3097 1190 3147 et
1231 3089 1569 3147 subiectione
1606 3094 1760 3164 quasi
1801 3100 2187 3164 permanente3
2228 3108 2353 3149 nam

758 3184 1138 3248 transeunter,
1189 3185 1246 3234 ut
1285 3182 1366 3236 sic
1404 3180 1620 3252 dicam,
1654 3189 1887 3252 possunt
1925 3182 2042 3238 dari
2085 3182 2171 3238 alii
2212 3181 2355 3238 modi

759 3268 1118 3325 contrahendi
1153 3270 1582 3342 subiectionem,
1617 3278 1677 3328 ut
1713 3273 1937 3328 interius
1972 3273 2351 3344 explicabitur.

840 3361 890 3416 7.
924 3357 1102 3417 Tertio
1129 3357 1420 3416 dicendum
1449 3367 1565 3432 est,
1595 3361 1976 3434 obligationem
2009 3361 2144 3434 legis
2174 3377 2272 3433 per
2298 3376 2355 3418 se

761 3463 870 3504 non
897 3447 1115 3504 extendi
1146 3448 1212 3504 ad
1243 3465 1358 3520 eos,
1389 3451 1482 3523 qui
1514 3451 1732 3507 omnino
1763 3457 1893 3506 sunt
1929 3457 2083 3507 extra
2110 3466 2360 3506 commu-

762 3539 1015 3608 nitatem,
1047 3539 1138 3594 cui
1166 3538 1250 3594 lex
1280 3541 1598 3610 imponitur.
1631 3540 1729 3595 Est
1762 3540 1923 3596 etiam
1951 3541 2261 3596 communis
2288 3557 2355 3597 ex

763 3626 819 3683 d.
851 3627 1051 3683 Thoma
1081 3643 1272 3698 supra.
1301 3636 1358 3684 et
1385 3629 1940 3701 commentatoribus,
1971 3639 2028 3687 et
2058 3633 2359 3687 summistis

765 3715 1018 3772 omnibus
1049 3716 1214 3772 verbo
1243 3716 1359 3782 lex,
1388 3724 1442 3773 et
1465 3719 1712 3787 pluribus
1734 3719 1874 3791 aliis,
1897 3735 2037 3792 quos
2061 3721 2361 3778 reseremus

769 3822 893 3876 cap.
927 3808 1196 3878 sequenti.
1231 3808 1300 3864 Et
1328 3823 1446 3863 eam
1476 3809 1802 3865 confirmant
1837 3809 2003 3865 verba
2029 3809 2181 3865 Pauli
2214 3813 2261 3866 1.
2295 3809 2359 3866 ad

771 3894 1074 3951 Corinthios
1107 3901 1167 3952 5:
1201 3899 1288 3951 De
1313 3897 1424 3957 his,
1459 3895 1732 3969 quisoris
1759 3903 1914 3965 sunt,
1949 3897 2103 3956 nihil
2127 3898 2213 3956 ad
2236 3915 2360 3954 nos.

772 3987 921 4052 Quae
947 3985 1081 4040 ratio
1109 3984 1158 4040 in
1188 3986 1442 4042 omnibus
1471 3987 1953 4044 communitatibus
1981 4004 2111 4045 cum
2135 4003 2365 4060 propor-

772 4077 916 4132 tione
940 4075 1274 4147 procedit,et
1292 4079 1366 4132 ita
1390 4083 1566 4148 potest
1588 4077 1874 4134 conclusio
1898 4077 2211 4135 inductione
2232 4092 2366 4133 con-

774 4166 1010 4222 firmari:
1045 4181 1179 4220 nam
1211 4166 1278 4222 ob
1307 4165 1446 4222 hanc
1489 4162 1737 4237 causam,
1768 4183 1868 4223 nec
1912 4166 2058 4239 leges
2086 4165 2366 4238 Hispaniae

777 4254 1017 4327 obligant
1041 4253 1252 4323 Gallos,
1283 4270 1458 4328 neque
1500 4271 1530 4311 e
1557 4272 1854 4328 converso,
1885 4264 1942 4312 et
1969 4262 2177 4312 statuta
2206 4256 2367 4312 unius

779 4345 1183 4400 communitatis
1211 4360 1316 4400 non
1341 4345 1582 4417 obligant
1603 4345 1888 4418 religiosos
1910 4346 2157 4416 alterius,
2189 4359 2367 4418 neque

777 4449 807 4488 e
836 4449 1126 4504 converso,
1158 4442 1217 4491 et
1255 4436 1336 4489 sic
1379 4433 1445 4490 de
1473 4436 1607 4493 aliis.
1639 4437 1796 4492 Ratio
1838 4435 2066 4509 denique
2106 4442 2211 4504 est,
2241 4435 2369 4506 quia

781 4522 927 4577 nulla
955 4525 1196 4594 potentia
1223 4532 1377 4580 extra
1406 4541 1561 4581 suam
1591 4525 1876 4596 sphaeram
1904 4530 2191 4597 operatur3
2218 4531 2369 4595 pote·

783 4619 895 4668 stas
935 4619 1118 4670 autem
1161 4615 1595 4688 uniuscuiusque
1637 4617 2042 4672 communitatis
2082 4615 2243 4671 habet
2269 4630 2367 4686 pro

783 4701 1011 4774 sphaera
1038 4703 1342 4776 adaequata
1377 4706 1546 4774 ipsam
1584 4705 2056 4776 communitatem3
2087 4719 2245 4776 ergo.
2276 4703 2371 4759 ut-

783 4806 884 4845 nor
912 4797 1062 4864 patet
1090 4792 1142 4846 in
1171 4799 1434 4862 potestate
1461 4792 1624 4864 civili,
1647 4793 1775 4866 quia
1798 4793 1968 4849 civilis
1995 4799 2235 4864 potestas
2258 4807 2371 4848 ma-

787 4887 884 4936 nat
911 4897 942 4936 a
975 4883 1389 4952 communitate,
1417 4888 1474 4939 et
1499 4884 1579 4937 sic
1607 4899 1714 4938 non
1743 4889 1924 4955 potest
1943 4882 2084 4939 ultra
2113 4882 2253 4938 illam
2281 4898 2373 4938 ex-

788 4969 964 5042 tendi,
995 4970 1088 5026 ubi
1117 4985 1246 5027 vero
1278 4976 1518 5044 potestas
1541 4977 1724 5030 manat
1743 4987 1774 5027 a
1797 4973 2061 5045 superiori
2082 4972 2370 5044 principio,

787 5059 951 5117 datur
972 5076 1101 5116 cum
1125 5061 1476 5132 proportione
1499 5070 1757 5133 respectu
1779 5061 1921 5118 illius
1943 5061 2371 5134 communitatis,

787 5149 948 5205 cuius
977 5157 1165 5222 caput,
1197 5149 1280 5206 vel
1310 5149 1561 5222 princeps
1589 5151 1786 5223 aliquis
1819 5151 2203 5223 constituitur,
2234 5151 2376 5208 sicut

789 5239 856 5294 de
886 5246 1149 5310 potestate
1177 5240 1550 5297 ecclesiastica
1575 5239 1716 5297 infra
1741 5239 2061 5298 dicetur.Et
2086 5240 2374 5297 confirma·

2184 371 2389 421 LIBER
2418 372 2523 420 111.

2395 503 2508 564 tur,
2540 499 2667 570 quia
2698 499 2779 554 lex
2800 539 2817 572 ,
2850 505 2911 556 ut
2934 497 3075 570 dixi,
3118 505 3204 556 est
3239 505 3399 558 actus
3440 503 3764 575 superioris3
3798 503 3993 560 nullus

2392 595 2573 644 autem
2604 588 2877 661 legislator
2904 597 2988 646 est
3016 590 3289 660 superior,
3320 589 3422 646 nisi
3450 590 3591 647 illius
3619 595 3995 648 communita-

2395 679 2485 750 tis,
2515 679 2605 734 cui
2633 679 2977 751 praepositus
3005 686 3125 736 est:
3166 687 3325 736 extra
3352 679 3495 736 illam
3534 681 3701 752 igitur
3740 697 3845 738 non
3886 698 3999 754 po-

2394 773 2503 824 test
2528 768 2787 840 obligare.
2819 770 2887 825 Et
2924 769 3055 826 tacit
3094 768 3229 825 illud
3268 785 3389 840 cap.
3432 774 3487 827 2.
3520 769 3587 826 de
3624 777 3802 827 const.
3833 772 3887 826 in
3916 775 3983 829 6:

2394 860 2595 912 Extra
2623 860 2991 915 territorium
3016 861 3116 914 ius
3143 858 3365 917 dicenti
3390 862 3631 934 impune
3666 875 3785 915 non
3804 875 3993 934 pare·-

2394 951 2511 1002 ταν.
2542 947 2785 1004 Obiectio
2813 956 3021 1018 autem,
3052 964 3191 1021 quae
3216 949 3306 1006 hic
3337 950 3449 1006 lieri
3472 956 3655 1021 posset
3676 948 3743 1005 ab
3762 965 3993 1006 excom-

2396 1039 2763 1094 municatione
2791 1037 2859 1092 ad
2887 1037 3061 1110 legem
3094 1039 3238 1110 (quia
3259 1039 3753 1096 excommunicatio
3778 1039 3991 1111 obligat

2398 1143 2503 1184 non
2532 1128 2779 1184 subditos
2809 1129 2874 1185 ad
2904 1145 3011 1186 non
3039 1129 3559 1186 communicandum
3600 1144 3729 1184 cum
3756 1144 3991 1186 excom·-

2397 1217 2673 1273 muuicato
2703 1233 2734 1273 a
2761 1235 2863 1274 suo
2900 1219 3235 1290 superiore),
3280 1217 3435 1274 facile
3473 1217 3704 1276 solvitur
3740 1217 3995 1290 negando

2400 1305 2796 1362 similitudinem
2818 1350 2831 1376 ,
2861 1309 2989 1379 quia
3024 1307 3517 1364 excommunicatio
3554 1305 3605 1361 id
3645 1313 3905 1378 operatur
3928 1309 3991 1362 in

2402 1397 2453 1450 vi
2482 1395 2613 1451 iuris
2650 1397 2955 1452 communis
2983 1398 3167 1468 potius
3186 1436 3201 1466 ,
3232 1412 3400 1470 quam
3424 1411 3489 1452 ex
3530 1395 3579 1451 ri
3606 1395 3997 1451 iurisdictionis

2403 1485 2597 1556 privati
2624 1487 2899 1558 episcopi,
2928 1493 3025 1543 aut
3049 1486 3375 1559 superioris,
3406 1492 3469 1544 ut
3497 1486 3657 1542 latius
3693 1485 3801 1542 dixi
3838 1487 3893 1541 in
3918 1485 3995 1540 V.

2402 1579 2537 1631 tom.
2570 1573 2643 1631 de
2677 1578 2851 1633 Ceus.
2884 1575 3025 1647 disp.
3062 1579 3151 1650 15,
3184 1580 3325 1633 sect.
3370 1579 3415 1634 1.

2911 1759 3189 1830 CAPUT
3230 1759 3502 1829 XXXII.

2418 1957 2630 2014 Utrum
2671 1954 2827 2028 leqes
2857 1959 3147 2031 propriae
3183 1953 3443 2013 alicuius
3478 1958 3650 2029 requi
3694 1953 3785 2012 vel
3821 1958 4001 2012 terr-1·-

2485 2047 2624 2100 torii
2652 2043 2911 2118 obliqent
2934 2047 3202 2103 homines
3226 2045 3398 2104 illius
3418 2047 3729 2114 territorii,
3758 2043 4010 2119 quando

2485 2138 2667 2192 extra
2691 2133 2846 2191 illud
2872 2140 3207 2193 versantur.

2964 2315 3443 2379 summariu-

2416 2502 2467 2552 1.
2494 2503 2723 2563 Quatuor
2746 2500 2905 2552 modis
2928 2501 3097 2564 aliqua
3121 2513 3333 2566 persona
3358 2508 3681 2566 comparatur
3706 2502 3769 2552 ad
3797 2503 4015 2554 territo-

2485 2573 2637 2620 rium.
2664 2598 2733 2606 —
2758 2569 2808 2620 2.
2838 2569 2985 2621 Ratio
3009 2570 3298 2622 dubitandi.
3328 2599 3395 2610 —
3418 2572 3471 2623 3.
3507 2572 3775 2623 Conclusio
3806 2575 4015 2636 negati·

2486 2653 2569 2701 va,
2595 2651 2757 2704 eaque
2783 2641 3447 2703 communis.——4.Quando
3470 2643 3707 2705 princeps
3730 2643 3894 2706 possit
3916 2657 4013 2707 pu-

2488 2710 2599 2760 nire
2636 2709 2897 2760 subditum
2934 2717 3077 2759 extra
3100 2711 3441 2762 territorium.
3468 2738 3538 2747 -2
3563 2712 3615 2761 5.
3640 2711 3922 2776 Responsio
3945 2712 4013 2762 ad

2486 2785 2785 2842 argumenta
2822 2778 3163 2830 adversantia.
3190 2807 3260 2816 —
3284 2781 3335 2830 6.
3376 2781 3511 2830 ldem
3542 2794 3659 2831 cum
3684 2783 4015 2846 proportione

2488 2856 2565 2898 est
2602 2849 2871 2898 dicendum
2904 2847 2969 2898 de
3008 2849 3132 2899 locis
3165 2851 3430 2913 exemptis,
3468 2851 3671 2915 quando
3706 2851 3835 2902 alias
3872 2851 4015 2901 intra

2488 2919 2808 2968 territorium
2824 2918 3175 2970 continentur.

2506 3093 2555 3147 1.
2587 3089 2832 3156 Quatuor
2872 3088 3042 3146 modis
3086 3096 3265 3162 potest
3303 3090 3488 3164 aliqua
3516 3105 3750 3163 persona
3778 3107 4010 3165 compa·

2428 3179 2532 3235 rari
2574 3179 2639 3236 ad
2684 3179 3051 3250 territorium,
3109 3196 3206 3236 seu
3246 3179 3559 3238 dioecesim.
3616 3181 3829 3254 Primo,
3889 3183 4019 3254 quia

2426 3269 2500 3325 ibi
2539 3277 2626 3325 est
2664 3269 2865 3341 incola,
2908 3279 2963 3324 et
3004 3269 3072 3324 ibi
3108 3270 3267 3326 etiam
3294 3274 3427 3327 actu
3452 3271 3665 3340 existit,
3695 3277 3751 3327 et
3780 3269 4010 3327 habitat.

2426 3359 2679 3416 Secundo
2708 3375 2803 3430 per
2830 3359 3163 3416 contrarium
3197 3345 3501 3416 extremum
3526 3402 3541 3432 ,
3582 3361 3707 3432 quia
3744 3367 4011 3417 neutrum

2430 3449 2589 3506 habet
2613 3449 2679 3504 ·in
2724 3449 2813 3505 tali
2852 3447 3143 3505 territorio.
3176 3449 3391 3520 Tertio,
3420 3449 3551 3521 quia
3576 3463 3709 3505 cum
3736 3450 3808 3506 sit
3835 3449 4021 3505 incola

2429 3539 2572 3595 illius
2606 3537 2892 3606 territorii,
2922 3543 2977 3592 et
3005 3537 3055 3592 in
3084 3552 3149 3593 eo
3178 3536 3375 3594 habeat
3398 3537 3769 3606 domicilium,
3799 3539 3855 3592 in
3886 3538 4021 3594 alie-

2429 3644 2499 3683 no
2530 3635 2661 3684 actu
2692 3635 2965 3683 versatur.
2996 3627 3232 3696 Quarto,
3266 3626 3413 3699 quod
3439 3629 3493 3683 in
3517 3629 3791 3685 territorio
3818 3627 4021 3684 habeat

2431 3717 2821 3790 praesentiam,
2854 3732 2960 3772 non
2990 3723 3165 3772 tamen
3192 3715 3557 3787 domicilium,
3592 3724 3689 3773 aut
3725 3717 4015 3791 originem.

2431 3810 2505 3865 De
2533 3807 2706 3880 primo
2732 3812 2788 3862 et
2808 3806 3051 3862 secundo
3074 3806 3221 3863 nulla
3240 3811 3326 3870 est
3346 3805 3661 3878 disputati03
3686 3823 3811 3862 nam
3834 3809 3889 3862 in
3912 3807 4023 3878 pri-

2434 3912 2523 3953 mo
2563 3895 2805 3974 maxime·
2834 3894 3019 3951 locum
3062 3895 3260 3952 babent
3297 3894 3443 3951 dicta
3480 3896 3533 3950 in
3572 3897 3753 3967 capite
3791 3912 4022 3967 praece·

2432 3985 2613 4052 denti,
2647 3985 2775 4057 quia
2816 3983 2885 4040 ibi
2913 3990 3260 4041 concurrunt
3287 3987 3467 4041 omnia
3496 3983 3805 4040 necessaria
3835 3985 3902 4040 ad
3931 4001 4027 4042 ac·

2436 4074 2643 4131 tualem
2670 4074 3057 4130 subiectionem
3077 4113 3093 4141 ,
3124 4080 3179 4129 et
3206 4081 3610 4146 consequenter
3637 4075 3705 4130 ad
3734 4075 4027 4149 obligatio-

2436 4179 2557 4220 nem
2584 4164 2745 4237 legis:
2782 4164 2831 4219 in
2862 4162 3105 4220 secundo
3150 4179 3279 4220 vero
3318 4163 3533 4222 clarum
3570 4171 3681 4236 est,
3723 4181 3831 4222 non
3862 4183 4025 4236 posse

2436 4253 2676 4326 obligare
2704 4253 2907 4325 legem,
2938 4253 3067 4325 quia
3095 4251 3280 4308 nullus
3306 4259 3393 4309 est
3418 4253 3610 4309 titulus
3640 4253 4021 4311 subiectionis:

2436 4345 2489 4399 in
2521 4344 2681 4400 tertio
2722 4351 2905 4399 autem
2925 4383 2940 4414 ,
2982 4349 3038 4398 et
3077 4349 3275 4416 quarto
3306 4347 3513 4415 puncto
3539 4350 3855 4400 occurrunt
3879 4343 4025 4402 duae

2435 4432 2782 4489 difficultates
2810 4430 3143 4488 tractandae.

2514 4527 2570 4580 2.
2602 4523 2780 4578 Prima
2806 4519 3103 4577 difficultas
3130 4521 3293 4577 estin
3332 4520 3492 4577 titulo
3532 4522 3831 4593 proposita.
3868 4523 4026 4579 Ratio

2438 4618 2621 4668 autem
2662 4607 2940 4666 dubitandi
2980 4615 3095 4676 est,
3140 4611 3265 4681 quia
3303 4609 3553 4680 quamvis
3595 4607 3855 4668 subditus
3892 4620 4028 4669 actu

2440 4707 2722 4770 versetur,
2754 4715 2853 4762 seu
2890 4699 3266 4770 peregrinetur
3291 4707 3444 4756 extra
3474 4699 3811 4756 territorium
3835 4739 3851 4770 ,
3884 4715 4028 4757 sem-

2442 4808 2538 4864 per
2580 4796 2759 4846 manet
2798 4789 3079 4860 subditus,
3123 4788 3253 4845 dum
3298 4804 3405 4845 non
3448 4795 3625 4846 mutat
3667 4788 4025 4847 domicilium.

2441 4880 2545 4940 Sed
2571 4879 2779 4935 dictum
2806 4884 2922 4942 est,
2958 4877 3133 4951 legem
3173 4877 3413 4950 obligare
3453 4893 3641 4933 omnes
3684 4876 3936 4936 subditos
3976 4885 4033 4935 et

2440 4985 2631 5026 omnes
2670 4973 2853 5040 partes
2893 4965 3327 5038 communitatis;
3370 4981 3505 5038 ergo
3543 4967 3708 5023 etiam
3737 4966 3945 5040 obligat
3970 4969 4025 5023 in

2441 5059 2532 5116 illo
2572 5073 2729 5114 casu.
2759 5055 3121 5112 confirmatur
3161 5055 3357 5126 primo,
3388 5061 3606 5127 sumpto
3636 5063 3963 5127 argumento
3992 5072 4025 5112 a

2443 5146 2743 5214 contrario,
2770 5159 2892 5200 nam
2914 5143 3094 5199 incola
3114 5143 3335 5200 alterius
3356 5143 3674 5216 regni,dum
3698 5145 3749 5200 in
3772 5143 3880 5202 hoc
3903 5161 4029 5203 ver-

2445 5244 2597 5294 satur
2617 5277 2632 5306 ,
2664 5249 2770 5290 non
2812 5235 3027 5306 cogitur
3068 5247 3288 5290 servare
3326 5239 3619 5306 praecepta
3648 5233 3815 5290 buius
3845 5235 4023 5308 regni,
