4325 6267
1786 349 1997 399 CAPUT
2026 351 2119 399 vt.

310 479 595 537 voluntate
622 478 855 537 alicuius
883 478 1296 550 praecipientis,
1326 484 1389 533 ut
1416 476 1469 531 in
1500 474 1635 533 libro
1656 478 1695 531 l.
1730 481 1909 533 osten-

282 585 431 637 ,sum
473 575 592 640 εει,
638 567 735 625 sed
776 568 859 624 lex
898 567 1162 623 naturalis
1192 581 1301 623 non
1330 566 1521 624 nititur
1551 566 1601 622 in
1635 564 1911 621 voluntate

308 660 539 717 alicuius
579 656 994 731 praecipientis3
1025 672 1161 729 ergo
1192 672 1295 712 non
1325 662 1413 713 est
1438 654 1657 727 propria
1682 653 1789 711 lex.
1822 652 1912 711 ui·

306 766 405 806 nor
436 750 705 821 probatur
728 764 795 805 ex
834 744 1083 804 adductis
1114 750 1167 801 in
1196 762 1323 819 cap.
1357 744 1699 817 praecedenti
1718 788 1733 817 ,
1766 743 1913 801 vide·

309 840 473 909 licet,
517 838 649 911 quia
690 837 985 893 dictamina
1029 836 1251 893 rationis
1288 834 1583 902 naturalis,
1630 834 1679 887 in
1709 833 1911 906 quibus

306 928 443 985 baec
484 928 569 985 lex
606 925 894 1002 consistit,
934 931 1063 981 sunt
1092 927 1383 982 intrinsece
1411 925 1723 982 necessaria
1749 930 1806 979 et
1836 924 1913 977 in-

307 1018 667 1090 dependentia
683 1017 753 1073 ab
768 1016 911 1073 omni
934 1016 1233 1084 voluntate,
1250 1017 1413 1072 etiam
1444 1014 1641 1085 divina,
1660 1020 1714 1069 et
1731 1012 1913 1083 priora

314 1106 625 1163 secundum
665 1106 953 1185 rationem,
982 1120 1095 1177 qua
1124 1103 1211 1160 illa
1240 1103 1405 1160 libere
1434 1101 1635 1176 aliquid
1668 1100 1817 1163 velit,
1850 1106 1914 1156 ut

316 1200 461 1253 Deus
490 1204 573 1253 est
602 1194 867 1253 colendus
885 1235 900 1264 ,
930 1200 1183 1265 parentes
1212 1192 1533 1262 honorandi,
1564 1190 1908 1249 mendacium

311 1294 395 1343 est
434 1302 665 1359 pravum
702 1291 758 1342 et
784 1283 1087 1341 cavendum
1109 1326 1123 1354 ,
1154 1292 1212 1341 et
1240 1282 1466 1355 similia,
1496 1282 1643 1353 quod
1674 1284 1804 1337 satis
1834 1280 1911 1335 vi-

310 1376 475 1434 detur
504 1390 673 1446 supra
702 1374 988 1445 probatum
1011 1392 1027 1444 3
1050 1388 1181 1444 ergo
1207 1372 1292 1429 lex
1314 1371 1580 1428 naturalis
1604 1388 1709 1427 non
1734 1375 1915 1441 potest

310 1465 419 1521 dici
462 1479 590 1520 vera
635 1463 741 1521 lex.
782 1464 853 1518 Et
888 1463 1275 1530 confirmatur,
1315 1461 1443 1533 quia
1472 1476 1577 1515 non
1608 1468 1693 1514 εει
1721 1473 1910 1514 verum

311 1548 706 1625 praeceptum3
748 1540 1018 1623 ergo'nec
1057 1565 1184 1605 vera
1223 1549 1329 1607 lex.
1361 1546 1700 1605 Antecedens
1730 1555 1907 1619 patet3

311 1643 439 1714 quia
472 1642 555 1697 vel
584 1645 670 1697 εει
694 1644 1051 1711 praeceptum
1073 1637 1307 1694 bominis
1330 1637 1395 1694 ad
1420 1653 1478 1693 se
1500 1637 1701 1709 ipsum,
1724 1644 1781 1693 et
1805 1636 1909 1692 hoc

312 1747 421 1787 non
442 1774 457 1799 ,
487 1732 617 1803 quia
645 1728 751 1786 tale
781 1735 1133 1801 praeceptum
1164 1727 1244 1783 vel
1273 1744 1381 1784 non
1410 1734 1496 1785 est
1522 1728 1621 1783 nisi
1651 1726 1909 1783 iudicium

317 1822 614 1877 ostendens
637 1806 919 1875 veritatem
939 1818 1036 1888 rei,
1052 1818 1133 1874 rel
1155 1819 1197 1873 si
1222 1817 1292 1873 sit
1309 1818 1569 1873 intimatio
1596 1816 1908 1880 voluntatis,

316 1922 415 1967 seu
444 1910 728 1966 electionis
754 1909 857 1964 iam
879 1908 1077 1977 factae,
1104 1922 1201 1977 per
1222 1922 1281 1963 se
1303 1922 1411 1962 non
1432 1913 1518 1962 est
1538 1905 1909 1961 necessarium

264 1986 273 1994 ’
314 1998 384 2057 ad
426 1999 825 2071 operationem,
856 2013 957 2053 nec
991 1996 1198 2053 inducit
1224 1995 1637 2069 obligationem,
1668 1994 1759 2050 sed
1788 2009 1911 2050 exe-

308 2090 623 2159 cutionem3
664 2090 821 2163 etita
850 2102 951 2143 nec
980 2086 1217 2158 sufficit,
1248 2102 1351 2145 nec
1380 2086 1593 2143 confert
1620 2084 1685 2141 ad
1719 2085 1911 2141 verita·

312 2184 445 2243 tem,
478 2178 561 2233 vel
591 2177 978 2250 proprietatem
1008 2175 1157 2248 legis.
1190 2178 1299 2232 Aut
1326 2182 1411 2231 est
1440 2182 1791 2247 praeceptum
1814 2174 1910 2230 ali-

308 2268 475 2325 cuius
497 2265 1004 2339 superiori3,etltoc
1020 2267 1181 2322 etiam
1204 2264 1312 2321 dici
1342 2280 1447 2321 non
1478 2270 1659 2335 potest
1688 2268 1909 2335 propter

308 2358 575 2414 rationem
598 2356 819 2426 factam,
844 2354 1015 2427 quod,
1032 2354 1249 2411 seclusa
1275 2354 1420 2421 omni
1444 2352 1719 2409 voluntate
1746 2366 1908 2422 supe-

308 2448 461 2513 riori,
489 2446 571 2503 lex
597 2444 856 2502 naturalis
876 2442 1069 2513 dictat,
1094 2442 1227 2516 quid
1250 2442 1318 2498 sit
1340 2441 1543 2498 bonum
1572 2440 1655 2497 vel
1681 2439 1904 2497 malum.

384 2538 565 2609 Atque
596 2535 719 2590 binc
746 2534 911 2590 etiam
940 2532 1158 2589 videtur
1184 2529 1465 2599 concludi,
1498 2529 1802 2585 naturalem
1834 2528 1907 2583 le-

309 2642 431 2698 gem
464 2641 571 2681 non
595 2638 758 2696 posse
776 2621 883 2679 dici
904 2623 1124 2695 proprie
1146 2620 1402 2691 divinam,
1427 2618 1480 2677 id
1502 2626 1589 2677 est
1608 2635 1641 2675 a
1660 2620 1766 2675 Deo
1793 2624 1907 2675 tan-

313 2713 482 2790 quam
520 2732 549 2771 a
587 2713 895 2788 legislatore
933 2711 1137 2769 datam.
1168 2712 1303 2769 Dico
1338 2716 1519 2767 autem
1548 2714 1840 2781 tanquam
1865 2724 1910 2765 a

310 2802 649 2878 leytslatore
669 2848 682 2871 ,
726 2802 855 2876 quia
890 2802 1105 2859 clarum
1142 2805 1229 2857 est
1250 2841 1267 2871 ,
1306 2800 1570 2856 rationem
1607 2796 1911 2855 naturalem

308 2902 364 2951 et
390 2898 525 2951 eius
538 2894 825 2950 dictamina
852 2908 974 2948 esse
1002 2890 1243 2947 divinum
1275 2888 1481 2946 donum
1508 2886 1848 2944 descendens
1876 2902 1908 2943 a

308 2988 471 3062 Patre
510 2985 798 3041 luminum.
833 2981 990 3039 Aliud
1021 2996 1149 3037 vero
1177 2985 1281 3051 est,
1312 2979 1451 3036 banc
1481 2978 1653 3051 legem
1684 2985 1906 3036 natura-

308 3074 417 3131 lem
458 3089 581 3130 esse
628 3089 660 3129 a
694 3074 804 3143 Deo
839 3072 1086 3136 effective
1124 3076 1381 3141 tanquam
1427 3085 1459 3125 a
1501 3070 1672 3140 prima
1712 3082 1903 3138 causa,

310 3163 458 3220 aliud
486 3179 609 3219 esse
640 3178 669 3220 a
690 3164 798 3219 Deo
838 3167 899 3218 ιιι
920 3177 952 3217 a
972 3157 1279 3234 legislatore
1301 3158 1665 3231 praecipiente
1691 3163 1746 3214 et
1772 3156 1907 3214 obli-

304 3260 489 3327 gante.
522 3254 653 3309 Nam
685 3251 919 3323 primum
948 3256 1035 3305 est
1062 3248 1431 3305 certissimum
1460 3254 1513 3303 ει
1540 3246 1609 3303 de
1630 3246 1761 3315 fide3
1790 3254 1906 3303 tum

304 3343 437 3415 quia
474 3344 617 3399 Deus
652 3348 739 3397 est
778 3341 953 3412 prima
980 3352 1149 3395 causa
1177 3338 1421 3394 omnium
1450 3336 1720 3393 bonorum
1750 3342 1908 3392 natu-

306 3432 506 3497 ralium
524 3472 539 3502 ,
570 3432 709 3486 inter
736 3443 878 3502 quae
906 3442 1164 3500 magnum
1194 3426 1399 3489 bonum
1426 3432 1512 3481 est
1538 3433 1721 3481 rectae
1743 3424 1907 3482 ratio-

306 3523 393 3577 nis
424 3536 560 3577 usus
586 3525 643 3575 et
668 3518 886 3586 lumen3
923 3524 1037 3573 tum
1064 3516 1229 3573 etiam
1256 3516 1384 3587 quia
1415 3515 1520 3572 hoc
1545 3514 1707 3571 modo
1732 3514 1907 3571 omnis

304 3600 549 3687 verit-atis
574 3607 933 3665 manifestatio
959 3621 989 3661 a
1020 3608 1129 3662 Deo
1156 3611 1279 3675 est,
1315 3605 1465 3661 iuxta
1493 3604 1628 3661 illud
1654 3606 1812 3661 Rom.
1852 3608 1901 3663 1:

305 3698 626 3759 Revelatur
652 3701 753 3754 ira
771 3698 883 3753 Dei
907 3694 979 3753 de
1004 3693 1169 3752 caelo
1186 3710 1365 3767 super
1387 3710 1618 3751 omnem
1635 3696 1908 3768 impieta-

304 3796 427 3845 tem
460 3793 517 3845 et
550 3788 915 3845 iniustitiam
952 3785 1261 3842 hominum
1297 3798 1498 3840 eorum
1515 3830 1529 3851 ,
1561 3786 1665 3857 qui
1690 3788 1906 3841 verita-

304 3886 426 3937 tem
460 3881 577 3935 Dei
614 3880 679 3933 in
715 3877 1013 3933 iniustitia
1049 3873 1326 3931 detinent.
1359 3875 1429 3929 Et
1454 3873 1739 3931 declarans
1764 3875 1906 3931 Pau-

303 3970 393 4026 lus
420 3985 527 4026 cur
556 3974 716 4024 vocet
740 3967 1023 4022 veritatem
1050 3964 1164 4025 Dei.
1198 3962 1410 4021 subdit:
1446 3966 1610 4039 Quia
1628 3960 1783 4035 quod
1803 3980 1907 4020 πο-

303 4064 435 4115 tum
474 4063 561 4115 est
595 4059 738 4124 Dei,
772 4053 1157 4127 manifestum
1184 4059 1268 4110 est
1294 4057 1357 4110 in
1382 4052 1525 4121 ilus,
1562 4058 1719 4110 Deus
1747 4057 1905 4111 enim

300 4147 423 4205 illis
450 4144 873 4219 manifestavit,
913 4144 1103 4217 utique
1132 4159 1227 4215 per
1254 4143 1501 4200 naturale
1530 4144 1713 4201 lumen
1741 4144 1906 4199 ratio-

304 4242 391 4297 nis
416 4246 475 4296 et
503 4254 599 4311 per
629 4235 859 4295 visibiles
889 4240 1196 4306 creaturas,
1228 4249 1328 4305 per
1354 4249 1494 4306 quas
1522 4241 1750 4305 possunt
1772 4235 1906 4290 invi-

304 4328 477 4385 sibilia
507 4329 596 4384 Dei
627 4326 911 4399 cognosci.
948 4326 1063 4380 Hoc
1090 4322 1432 4395 ergomodo,
1458 4320 1511 4379 id
1533 4330 1616 4379 est
1634 4326 1685 4379 in
1708 4339 1905 4396 genere

307 4417 637 4477 efficientiae
662 4424 719 4473 et
747 4414 1039 4488 magisterii
1072 4416 1167 4485 (ut
1198 4415 1273 4468 ita
1302 4410 1518 4481 dicam)
1548 4412 1902 4483 interpretan-

302 4516 398 4567 tur
439 4508 625 4564 locum
666 4504 817 4563 illum
856 4503 1006 4561 Pauli
1034 4502 1457 4577 chrysostomus
1483 4501 1551 4557 ibi
1582 4502 1727 4557 bom.
1762 4508 1824 4575 3,
1853 4508 1909 4559 et

306 4597 589 4672 copiosius
618 4593 802 4651 homil.
843 4596 931 4662 12,
962 4597 1018 4648 et
1047 4595 1133 4649 13.
1167 4589 1231 4645 ad
1256 4589 1441 4662 popul.
1465 4589 1905 4667 Theophylactus

302 4686 469 4745 etiam
508 4685 558 4741 in
586 4680 843 4741 eumdem
869 4680 1055 4738 locum
1083 4678 1257 4747 Pauli,
1287 4686 1343 4736 et
1368 4678 1561 4736 ibidem
1589 4681 1905 4738 Ambrosius

304 4784 367 4835 et
404 4774 639 4853 Cyrillus
679 4771 815 4830 libro
846 4775 897 4829 3.
932 4774 1143 4827 contra
1166 4766 1474 4825 Iulianum
1500 4782 1692 4825 versus
1722 4770 1902 4843 tinem,

306 4872 344 4933 s
367 4882 518 4923 nam
536 4861 691 4937 quod
709 4875 968 4926 samma,
996 4864 1054 4915 et
1076 4857 1453 4930 sequentibus,
1482 4863 1540 4915 et
1566 4860 1769 4930 optime
1796 4863 1906 4917 Au-

309 4960 459 5028 gust.
486 4956 651 5009 serm.
682 4938 772 5009 55'.
796 4946 868 5006 de
888 4946 1040 5004 verb.
1072 4948 1337 5008 Domini,
1363 4953 1420 5004 et
1440 4945 1529 5004 lib.
1555 4952 1609 5005 2.
1636 4946 1707 5005 de
1726 4964 1899 5005 serm.

306 5044 553 5101 Domini
580 5044 647 5097 in
670 5043 893 5101 monte.
928 5053 1052 5109 cap.
1086 5041 1149 5094 9:
1188 5040 1356 5113 Quis,
1393 5036 1486 5107 ait,
1518 5034 1701 5112 leqem
1727 5042 1907 5094 natis-

310 5131 506 5191 ratem
538 5134 604 5189 in
640 5126 914 5185 cordibus
948 5127 1251 5185 hominum
1285 5126 1527 5195 scribit,
1564 5128 1684 5183 nisi
1710 5128 1905 5183 Deus?

310 5224 409 5280 Est
435 5236 571 5295 ergo
598 5220 713 5275 sine
737 5217 904 5275 dubio
929 5218 1073 5273 Deus
1101 5216 1329 5275 effector
1357 5220 1415 5273 et
1438 5216 1593 5288 quasi
1612 5216 1806 5273 doctor
1829 5218 1903 5273 le·

477 5330 651 5375 Suum
666 5360 677 5381 ‚
700 5328 759 5373 De
774 5326 1025 5381 uatbm-
1040 5324 1143 5369 Pan
1164 5324 1195 5366 Ι.

3405 339 3486 401 97

1979 476 2060 547 gis
2090 482 2347 551 naturae;
2382 494 2488 535 non
2517 484 2694 535 tamen
2727 478 2846 537 inde
2877 480 3146 553 sequitur,
3174 486 3236 536 ιιι
3265 482 3338 537 sit
3361 480 3570 553 legisla-

1983 572 2099 635 tor,
2130 567 2257 639 quia
2299 566 2386 625 lex
2427 576 2657 625 naturae
2698 585 2804 627 non
2843 568 3045 627 indicat
3071 571 3242 626 Deum
3269 577 3332 626 ut
3359 572 3570 641 praeci·

1980 656 2214 727 pientem
2236 700 2250 723 ,
2281 657 2376 714 sed
2410 658 2646 728 indicat,
2690 659 2820 733 quid
2851 659 2902 715 in
2931 676 2990 716 se
3015 658 3220 715 bonum
3249 658 3331 716 vel
3360 658 3566 717 malum

1982 746 2075 814 sit,
2106 746 2255 802 sicut
2280 748 2414 803 visio
2447 748 2564 805 talis
2593 748 2790 805 obiecti
2817 749 3039 819 indicat,
3069 748 3204 805 illud
3234 764 3356 805 esse
3383 748 3567 805 album

1984 833 2064 890 vel
2092 835 2311 907 nigrum
2331 877 2345 904 ,
2376 841 2432 892 et
2461 844 2522 893 ιιι
2549 836 2777 893 effectus
2804 838 2896 893 Dei
2925 837 3126 894 indicat
3150 839 3344 909 Deum,
3376 846 3441 895 ut
3469 854 3566 895 au·

1980 929 2193 1001 ctorem
2223 940 2408 995 suum,
2439 940 2548 981 non
2581 932 2760 982 tamen
2785 932 2848 981 ιιι
2877 925 3262 998 legislatorem
3285 942 3420 1000 ergo
3441 942 3576 984 cene

1981 1011 2209 1068 sendum
2237 1014 2345 1070 erit
2371 1012 2435 1070 de
2465 1012 2582 1086 lege
2613 1014 2867 1071 naturali.

2057 1104 2114 1158 2.
2150 1102 2204 1157 ln
2235 1102 2336 1159 bac
2367 1118 2426 1158 re
2455 1104 2628 1174 prima
2659 1103 2926 1160 sententia
2945 1110 3053 1173 est,
3079 1102 3250 1176 legem
3270 1104 3570 1162 naturalem

1982 1205 2087 1247 non
2128 1205 2250 1247 esse
2277 1190 2454 1264 legem
2482 1192 2902 1263 praecipientem
2932 1192 3168 1265 proprie,
3197 1196 3323 1265 quia
3351 1210 3459 1250 non
3487 1201 3572 1250 est

1982 1278 2198 1351 signum
2226 1278 2520 1337 voluntatis
2549 1280 2776 1337 alicuius
2799 1283 3118 1353 superioris,
3145 1281 3240 1338 sed
3261 1298 3380 1337 esse
3398 1282 3571 1355 legem

1982 1368 2311 1427 indicantem
2333 1410 2348 1441 ,
2394 1370 2526 1443 quid
2569 1370 2840 1443 agendum
2875 1372 2958 1427 vel
2987 1371 3292 1428 cavendum
3321 1373 3411 1443 sit,
3442 1372 3574 1445 quid

1982 1466 2178 1515 natura
2207 1476 2307 1515 sua
2333 1462 2622 1518 intrinsece
2651 1461 2856 1517 bonum
2885 1477 2949 1519 ac
2973 1463 3365 1533 necessarium,
3395 1462 3474 1518 vel
3496 1461 3574 1517 i’n·

1981 1550 2218 1605 trinsece
2258 1550 2464 1607 malum
2491 1553 2579 1607 sit.
2615 1554 2792 1625 Atque
2820 1553 2893 1607 ita
2923 1551 3080 1607 multi
3108 1551 3448 1623 distinguunt
3474 1551 3574 1609 du·
3625 1544 3646 1571 ⁰

1982 1637 2179 1708 plicem
2217 1638 2420 1711 legem:
2466 1656 2628 1697 unam
2656 1640 2984 1696 indicantem
3005 1682 3020 1711 ,
3050 1639 3210 1695 aliam
3240 1642 3574 1713 praecipien-

1982 1732 2089 1783 tem
2112 1768 2127 1799 ,
2168 1734 2224 1783 et
2265 1728 2435 1800 legem
2478 1728 2780 1787 naturalem
2816 1728 3010 1785 dicunt
3043 1744 3164 1785 esse
3200 1728 3377 1802 legem
3411 1721 3577 1800 priori

1981 1815 2171 1889 modo,
2214 1834 2322 1874 non
2359 1819 2668 1890 posteriori.
2709 1820 2788 1875 lta
2823 1820 2988 1893 Greg.
3020 1818 3070 1875 in
3102 1824 3166 1881 2.
3199 1818 3252 1873 d.
3287 1804 3468 1892 34,‘q.
3511 1826 3569 1889 1,

1982 1912 2087 1961 art.
2120 1911 2175 1965 2.
2209 1907 2374 1978 paulo
2403 1914 2528 1978 post
2555 1908 2903 1979 principium,
2927 1912 2953 1979 ζ
2977 1908 3302 1965 secundum
3323 1907 3572 1967 corolla-

1976 1997 2155 2062 rium,
2193 1997 2286 2069 qui
2315 1996 2483 2052 refert
2511 1998 2796 2070 Hugonem
2819 1996 2886 2053 de
2908 2004 3102 2054 sancto
3124 1998 3344 2053 Victore
3365 1998 3486 2054 libr.
3519 2005 3569 2057 1.

1976 2080 2049 2139 de
2090 2085 2371 2141 Sacram.
2417 2102 2470 2156 p.
2504 2089 2558 2149 6,
2590 2101 2714 2157 cap.
2749 2088 2804 2158 6,
2835 2094 2891 2143 ει
2923 2088 2973 2145 7.
3019 2085 3278 2160 Sequitur
3305 2086 3467 2145 Gabr.
3500 2092 3530 2145 2
3552 2129 3566 2157 ,

1978 2169 2034 2228 d.
2070 2177 2161 2245 35,
2194 2190 2251 2247 q.
2291 2177 2341 2246 1,
2367 2181 2473 2232 art.
2508 2178 2558 2246 1,
2581 2175 2859 2231 Almainus
2881 2176 2972 2233 lib.
3001 2180 3054 2233 3.
3082 2174 3302 2235 Moral.
3329 2191 3452 2249 cap.
3482 2182 3567 2247 16,

1976 2261 2218 2319 Cordub.
2251 2262 2345 2320 lib.
2377 2270 2432 2321 3.
2463 2262 2535 2320 de
2563 2267 2877 2323 conse-ient.
2907 2282 2964 2338 q.
3005 2270 3091 2332 10,
3123 2265 3192 2322 ad
3221 2271 3275 2325 2.
3309 2272 3485 2339 Atque
3514 2267 3568 2323 bi

1977 2358 2235 2409 auctores
2261 2364 2664 2428 consequenter
2691 2353 2946 2412 videntur
2971 2371 3093 2413 esse
3123 2360 3466 2429 concessuri,
3491 2357 3566 2413 le-

1974 2458 2099 2514 gem
2129 2443 2434 2500 naturalem
2461 2461 2568 2501 non
2595 2460 2715 2501 esse
2744 2461 2774 2501 a
2802 2448 2911 2502 Deo
2939 2451 3004 2502 ut
3031 2460 3063 2502 a
3085 2444 3414 2519 legislatore,
3437 2447 3566 2521 quia

1977 2548 2083 2588 non
2112 2533 2312 2603 pendet
2335 2548 2402 2590 ex
2431 2534 2710 2591 voluntate
2736 2534 2847 2607 Dei,
2879 2542 2934 2592 et
2958 2537 3033 2593 ita
3059 2550 3126 2593 ex
3147 2535 3197 2591 vi
3220 2534 3359 2592 illius
3381 2552 3486 2593 non
3509 2553 3568 2593 se

1975 2624 2117 2695 gerit
2153 2626 2300 2679 Deus
2343 2632 2408 2680 ut
2447 2625 2702 2696 superior
2738 2626 3097 2698 praecipiens,
3129 2630 3227 2682 aut
3253 2625 3566 2697 prohibens3

1976 2714 2086 2768 imo
2128 2712 2203 2769 ait
2240 2714 2568 2786 Gregorius,
2607 2728 2773 2786 quem
2811 2715 3013 2772 caeteri
3040 2715 3220 2772 secuti
3248 2722 3408 2786 sunt,
3439 2715 3569 2773 licet

1976 2802 2119 2857 Deus
2148 2817 2254 2859 non
2281 2808 2449 2873 esset,
2478 2802 2562 2860 vel
2589 2818 2696 2859 non
2718 2809 2966 2861 uteretur
2987 2804 3213 2875 ratione,
3241 2803 3323 2861 vel
3352 2820 3460 2861 non
3481 2819 3567 2860 re-

1975 2897 2063 2949 cte
2099 2891 2166 2948 de
2202 2893 2368 2950 rebus
2410 2892 2717 2964 iudicaret,
2749 2894 2791 2949 si
2819 2894 2870 2950 in
2899 2893 3116 2952 homine
3142 2900 3291 2952 esset
3317 2893 3456 2951 idem
3485 2894 3568 2951 di-

1974 2989 2190 3038 ctamen
2229 2989 2410 3039 rectae
2447 2982 2668 3038 rationis
2703 2982 2953 3039 dictantis
2974 3025 2989 3052 ,
3031 3002 3085 3041 v.
3117 2999 3172 3056 g.
3207 2984 3409 3040 malum
3445 2999 3567 3041 esse

1976 3069 2227 3138 mentiri,
2269 3069 2398 3127 illud
2451 3070 2766 3126 habiturum
2806 3070 3048 3129 eamdem
3097 3074 3360 3129 rationem
3399 3073 3564 3145 legis,

1974 3174 2141 3233 quam
2173 3174 2316 3215 nunc
2347 3158 2531 3229 habet,
2563 3161 2692 3233 quia
2716 3167 2865 3217 esset
2890 3159 2978 3217 lex
3005 3164 3282 3218 ostensiva
3307 3162 3562 3233 malitiae,

1975 3264 2117 3321 quae
2143 3248 2194 3305 in
2225 3248 2433 3306 obiecto
2465 3249 2531 3306 ab
2559 3250 2859 3307 intrinseco
2888 3251 3088 3308 existit.

2052 3343 2107 3397 3.
2141 3337 2397 3395 Secunda
2423 3341 2694 3396 sententia
2722 3339 2848 3396 buic
2873 3348 3114 3398 extreme
3143 3344 3417 3399 contraria
3442 3351 3562 3412 est,

1976 3428 2153 3501 legem
2185 3428 2488 3485 naturalem
2516 3430 2736 3500 omnino
2765 3430 2992 3500 positam
3019 3446 3142 3487 esse
3179 3432 3232 3487 in
3259 3430 3438 3489 divino
3469 3434 3566 3490 im-

1976 3520 2126 3591 perio
2156 3516 2241 3575 vel
2272 3518 2633 3603 prohibitione
2662 3518 2991 3591 procedente
3010 3535 3043 3576 a
3064 3518 3341 3578 voluntate
3362 3524 3477 3593 Dei,
3501 3531 3567 3579 ut

1974 3614 2204 3667 auctore
2252 3614 2310 3665 et
2349 3607 2720 3681 gubernatore
2762 3616 3018 3681 naturae;
3061 3616 3120 3666 et
3166 3618 3568 3683 consequenter

1976 3698 2118 3755 banc
2149 3698 2347 3771 legem,
2378 3704 2440 3754 ut
2467 3700 2631 3755 estin
2660 3701 2791 3769 Deo,
2822 3698 2949 3755 nibil
2979 3698 3125 3755 aliud
3153 3715 3274 3757 esse
3300 3715 3465 3773 quam
3493 3700 3568 3759 le·

1974 3802 2098 3862 gem
2126 3796 2404 3845 aeternam
2436 3793 2498 3844 ιιι
2524 3788 2966 3863 praecipientem,
2998 3793 3080 3847 vel
3109 3790 3564 3863 probibentemin

1974 3878 2067 3935 tali
2114 3880 2376 3950 materia3
2421 3879 2474 3933 in
2511 3878 2668 3935 nobis
2707 3894 2837 3935 vero
2875 3878 3016 3935 hanc
3052 3878 3224 3952 legem
3263 3883 3567 3940 naturalem

1972 3982 2094 4023 esse
2122 3966 2385 4023 iudicium
2412 3966 2657 4038 rationis,
2693 3973 2964 4040 quatenus
2989 3968 3146 4025 nobis
3175 3970 3444 4042 significat
3472 3987 3568 4029 vo-

1973 4058 2240 4114 luntatem
2280 4056 2374 4113 Dei
2409 4055 2476 4113 de
2513 4055 2734 4129 agendis
2769 4062 2825 4112 et
2864 4058 3097 4115 vitandis
3125 4060 3281 4115 circa
3304 4074 3390 4128 ea,
3421 4075 3565 4134 quae

1974 4146 2167 4203 rationi
2207 4146 2444 4203 naturali
2489 4154 2857 4203 consentanea
2897 4154 3046 4205 sunt.
3091 4150 3171 4205 lta
3215 4150 3456 4207 sumitur
3495 4166 3560 4209 ex

1973 4236 2200 4294 cham.
2233 4237 2286 4292 in
2317 4241 2373 4305 2,
2405 4252 2462 4309 q.
2500 4239 2588 4307 19,
2618 4235 2686 4292 ad
2715 4240 2768 4293 3.
2802 4244 2858 4295 ει
2882 4239 2940 4309 4,
2969 4244 3243 4311 quatenus
3269 4239 3420 4312 dicit,
3445 4232 3570 4297 nulf-

1976 4326 2089 4383 lum
2114 4341 2239 4382 esse
2275 4330 2464 4382 actum
2495 4325 2726 4397 malum,
2759 4326 2857 4381 nisi
2885 4332 3157 4399 quatenus
3185 4342 3214 4383 a
3245 4329 3352 4384 Deo
3381 4329 3566 4400 probi-

1972 4415 2120 4472 bitus
2146 4421 2250 4487 est,
2281 4421 2337 4471 et
2361 4415 2454 4487 qui
2482 4430 2586 4470 non
2611 4416 2780 4486 possit
2801 4415 2912 4471 fieri
2933 4414 3135 4487 bonus,
3159 4416 3203 4471 si
3227 4432 3258 4472 a
3280 4419 3389 4473 Deo
3410 4432 3566 4488 prae-

1974 4505 2236 4576 cipiatur,
2265 4510 2322 4560 et
2345 4519 2376 4559 e
2401 4519 2691 4560 converso.
2715 4502 2872 4562 Unde
2894 4507 3172 4578 supponit,
3197 4512 3367 4563 totam
3391 4506 3563 4580 legem

1976 4592 2285 4652 naturalem
2316 4594 2614 4649 consistere
2641 4592 2694 4649 in
2723 4596 3030 4666 praeceptis
3055 4594 3250 4651 divinis
3279 4611 3310 4651 a
3337 4598 3446 4653 Deo
3470 4613 3567 4669 po-

1976 4683 2125 4755 sitis,
2167 4696 2309 4755 quae
2351 4683 2462 4754 ipse
2501 4688 2685 4755 posset
2719 4683 2957 4755 auferre,
2987 4691 3042 4741 et
3069 4692 3303 4763 mutare.
3332 4685 3486 4753 Quod
3516 4690 3562 4743 si

1978 4773 2141 4829 instet
2169 4771 2387 4844 aliquis,
2421 4771 2581 4828 talem
2611 4771 2784 4843 legem
2811 4788 2921 4830 non
2947 4772 3254 4831 naturalem
3281 4790 3404 4832 esse
3423 4816 3440 4845 ,
3471 4776 3566 4831 sed

1977 4862 2291 4935 positivam3
2335 4860 2755 4935 responderem,
2793 4861 2900 4919 dici
2935 4864 3273 4935 naturalem,
3315 4867 3444 4937 quia
3479 4874 3569 4923 est

1977 4953 2387 5025 proportionata
2426 4950 2633 5006 naturis
2672 4964 2890 5021 rerum,
2931 4968 3041 5009 non
3077 4953 3206 5026 quia
3243 4969 3350 5010 non
3382 4956 3452 5011 sit
3475 4970 3568 5012 ex-

1976 5040 2248 5097 trinsecus
2290 5055 2321 5096 a
2355 5043 2464 5097 Deo
2495 5040 2692 5111 posita.
2722 5040 2794 5097 Et
2818 5040 2870 5096 in
2897 5040 3038 5097 banc
3065 5043 3388 5100 sententiam
3415 5041 3568 5099 inc‘li·

1976 5136 2069 5186 nat
2088 5132 2313 5187 Gerson.
2342 5144 2397 5200 p.
2425 5132 2478 5185 3.
2509 5134 2672 5185 tract.
2703 5126 2776 5186 de
2799 5132 2903 5186 vit.
2933 5132 3125 5205 spirit.
3153 5131 3280 5188 lect.
3313 5136 3364 5203 1,
3387 5131 3561 5188 corol.
3606 5122 3616 5129 ”

1981 5223 2067 5291 10,
2098 5224 2152 5274 ει
2187 5220 2272 5291 11,
2303 5214 2526 5289 Alpbab.
2553 5221 2618 5276 61
2645 5218 2760 5287 ,lit.
2778 5206 3028 5291 'E,etF‚
3059 5218 3112 5275 et
3138 5218 3258 5277 ideo
3280 5220 3332 5276 in
3353 5218 3478 5277 lect.
3505 5225 3562 5277 2.

3035 5326 3088 5368 ιε
