4325 6267
1784 379 1996 430 CAPUT
2021 380 2150 431 111.

325 499 415 558 lex
441 500 614 560 civilis
637 502 941 563 efficaciter
966 519 1074 564 non
1100 510 1287 578 potest
1308 503 1608 580 intendere,
1635 503 1766 565 licet
1793 521 1920 578 pos-

329 591 397 649 sit
421 594 732 653 consulere.

419 687 504 742 12.
537 685 642 743 Sed
670 684 811 744 sorte
836 691 1069 760 quaerat
1104 685 1331 761 aliquis,
1361 686 1582 762 quinam
1619 687 1728 746 sint
1765 693 1921 744 actus

331 774 774 851 uniuscuiusque
806 777 1023 836 virtutis
1051 784 1149 835 aut
1174 778 1318 851 vitii,
1347 794 1489 853 quos
1515 778 1602 836 lex
1629 777 1798 853 civilis
1826 793 1920 850 po·

329 871 460 936 test,
492 865 580 924 vel
607 883 716 924 non
745 873 923 941 potest
949 869 1263 942 praecipere
1285 913 1299 940 ,
1336 869 1421 926 vel
1448 869 1758 942 prohibere.
1789 868 1916 937 Qui·

331 955 458 1014 dam
485 956 770 1030 dixerunt,
803 957 982 1016 solum
1015 959 1167 1016 illum
1198 967 1387 1018 actum
1415 975 1537 1017 esse
1567 976 1726 1032 posse
1754 966 1924 1017 mate·

330 1047 468 1105 riam
507 1047 645 1124 legis
687 1049 980 1122 humanae,
1009 1051 1104 1124 qui
1133 1056 1217 1108 est
1244 1052 1474 1108 materia
1501 1051 1634 1124 legis
1661 1049 1923 1108 naturalis

327 1137 418 1195 vel
461 1139 688 1198 divinae.
725 1139 880 1210 Quod
921 1141 1140 1214 quidem
1184 1141 1464 1214 duplicem
1507 1148 1690 1216 potest
1725 1141 1922 1199 hahere

331 1243 578 1287 sensum:
614 1246 754 1288 unus
779 1237 888 1304 est,
913 1231 1090 1304 legem
1115 1231 1405 1290 humanam
1429 1232 1560 1289 nihil
1585 1247 1744 1306 possa
1767 1247 1924 1306 prae·

330 1321 538 1394 cipere,
569 1322 670 1378 nisi
694 1321 842 1396 quod
869 1329 957 1380 est
993 1323 1172 1396 aliqua
1208 1323 1327 1396 lege
1355 1323 1590 1381 naturali
1629 1323 1716 1380 vel
1745 1323 1923 1380 divina

329 1419 721 1485 praeceptum,
755 1413 828 1471 ita
855 1419 919 1470 ut
955 1412 1195 1471 humana
1235 1413 1321 1472 lex
1348 1413 1526 1471 solum
1567 1412 1638 1470 sit
1665 1429 1806 1470 nova
1831 1428 1925 1470 ex-

329 1501 550 1574 plicatio
571 1544 587 1576 ,
627 1511 685 1560 et
721 1503 1018 1576 propositio
1059 1504 1191 1578 legis
1231 1503 1526 1577 naturalis,
1565 1508 1662 1561 aut
1684 1501 1919 1574 divinae,

330 1591 470 1648 etin
496 1591 606 1652 hoc
636 1608 802 1650 sensu
831 1593 974 1651 solet
1001 1593 1137 1651 haec
1179 1595 1442 1652 sententia
1468 1595 1696 1653 Gersoni
1731 1593 1919 1666 tribui;

332 1680 432 1740 sed
460 1680 592 1756 quid
625 1681 710 1740 ille
740 1683 1002 1757 senserit,
1027 1689 1219 1757 postea
1245 1683 1564 1742 videbimus.
1593 1686 1750 1742 Nunc
1776 1683 1919 1758 dico,

331 1771 748 1845 explicationem
784 1773 925 1832 hanc
961 1775 1016 1831 in
1053 1774 1147 1832 illo
1187 1790 1354 1832 sensu
1393 1790 1516 1832 esse
1555 1765 1841 1832 erroneam
1868 1781 1926 1833 et

331 1862 673 1921 conformem
705 1863 993 1922 doctrinae
1020 1863 1422 1924 haereticorum
1447 1864 1614 1923 huius
1644 1865 1917 1940 temporis3

328 1953 532 2011 evertit
557 1955 702 2011 enim
729 1969 916 2012 veram
956 1960 1279 2026 potestatem
1314 1954 1528 2013 civilem
1565 1955 1922 2030 legislativum

331 2059 502 2117 supra
531 2043 975 2102 demonstratam.
1006 2046 1144 2102 ltem
1173 2051 1390 2104 constat
1413 2062 1480 2104 ex
1519 2062 1627 2105 usu
1663 2047 1923 2105 humana-

327 2149 458 2193 rum
487 2133 692 2209 legum,
725 2133 899 2193 multa
927 2151 1023 2208 per
1047 2151 1142 2193 eas
1170 2138 1433 2210 praecipi,
1459 2152 1598 2210 quae
1628 2143 1787 2194 antea
1811 2153 1922 2194 non

328 2233 492 2284 erant
525 2226 853 2285 necessaria.
886 2226 1042 2285 Unde
1077 2227 1239 2284 etiam
1266 2227 1432 2285 Arist.
1469 2231 1520 2285 5.
1565 2229 1759 2286 Echio.
1791 2217 1916 2300 cap.

335 2319 365 2377 7
379 2359 392 2373 .
421 2316 573 2390 dixit,
602 2320 828 2374 iustum
857 2314 1184 2390 leqaimum
1209 2333 1347 2383 esse,
1377 2315 1536 2391 quod
1553 2333 1596 2382 a
1614 2321 1922 2392 principio

328 2406 571 2482 quidem
602 2407 754 2466 nihil
790 2405 988 2481 refert.
1032 2411 1118 2466 sic
1157 2423 1242 2465 an
1280 2406 1460 2466 aliter
1498 2407 1734 2476 haheat,
1783 2425 1922 2466 cum

327 2512 468 2555 vero
491 2500 758 2573 positum
765 2495 980 2571 fuerit,
1015 2494 1212 2571 refert.
1229 2498 1416 2572 idque
1451 2514 1518 2556 ex
1553 2497 1800 2557 dicendis
1839 2500 1921 2557 in·

325 2587 414 2646 fra
441 2587 510 2646 de
540 2588 868 2663 obligatione
895 2588 1032 2663 legis
1058 2589 1234 2647 civilis
1261 2589 1434 2663 magis
1466 2588 1688 2661 patebit.

409 2676 526 2736 Alio
551 2693 685 2752 ergo
713 2677 874 2736 modo
904 2685 1093 2752 posset
1117 2679 1204 2738 illa
1230 2678 1425 2754 regula
1450 2679 1712 2751 explicari
1729 2721 1745 2748 ,
1775 2678 1924 2738 vide-

328 2767 461 2826 licet
487 2766 678 2828 solum'
695 2768 850 2827 illum
877 2775 1065 2827 actum
1094 2771 1312 2828 virtutis
1348 2785 1512 2843 posse
1552 2769 1790 2844 praecipi
1827 2785 1924 2842 per

331 2859 506 2932 legem
550 2858 842 2918 humanam
865 2903 880 2931 ,
913 2863 1044 2933 quia
1078 2859 1230 2918 cadit
1263 2859 1366 2918 sub
1406 2859 1580 2934 legem
1617 2859 1923 2919 naturalem

331 2951 438 3007 sub
474 2949 659 3024 aliqua
697 2951 906 3008 ratione
946 2950 1206 3025 generali,
1236 2951 1314 3008 ita
1354 2957 1418 3009 ut
1457 2968 1490 3010 a
1528 2949 1647 3025 lege
1687 2951 1922 3009 naturali

331 3041 698 3114 praecipiatur
729 3038 920 3098 saltem
952 3043 1006 3098 in
1035 3043 1348 3112 communi3
1379 3055 1475 3113 per
1504 3040 1801 3100 humanam
1827 3057 1925 3099 au-

332 3137 442 3188 tem
487 3130 884 3188 determinetur
910 3128 981 3188 ad
1008 3131 1244 3206 aliquem
1284 3130 1674 3203 particularem
1701 3131 1925 3191 modum

332 3226 430 3278 aut
452 3221 586 3278 alias
620 3222 1086 3294 circumstantias,
1114 3237 1256 3295 quae
1285 3238 1396 3280 non
1423 3222 1692 3281 cadebant
1719 3224 1822 3281 sub
1849 3223 1925 3282 le·

331 3325 454 3385 gem
485 3309 722 3370 divinam
749 3313 834 3369 vel
861 3311 1186 3370 naturalem.
1219 3315 1288 3371 Et
1327 3313 1414 3371 hic
1451 3330 1649 3373 sensus
1686 3315 1925 3373 insinua-

329 3406 426 3458 tur
455 3417 488 3458 a
516 3401 756 3460 Gersone
785 3407 839 3462 3.
865 3419 920 3474 p.
947 3403 1175 3477 Alphab.
1203 3403 1348 3463 liter.
1371 3405 1434 3463 G.
1461 3412 1517 3465 et
1543 3408 1919 3480 sequentibus,

327 3491 660 3566 videturque
718 3492 1048 3567 probabilis,
1092 3510 1217 3551 nam
1257 3495 1302 3551 si
1352 3495 1449 3553 liat
1491 3495 1770 3568 inductio,
1811 3496 1924 3556 sere

331 3598 522 3640 omnes
559 3584 708 3658 leges
746 3583 1014 3642 humanae
1051 3585 1394 3644 invenientur
1426 3601 1550 3643 esse
1587 3585 1920 3660 huiusmodi,

331 3673 480 3731 sicut
511 3673 566 3730 in
591 3674 982 3733 ecclesiasticis
1008 3674 1250 3748 legibus,
1281 3678 1413 3750 quia
1438 3675 1528 3734 lex
1561 3674 1744 3733 divina
1768 3691 1924 3750 prae·

331 3763 462 3836 cipit
507 3763 908 3822 consessionem
941 3769 998 3823 et
1036 3765 1512 3840 communionem3
1541 3764 1626 3848 lex
1660 3767 1926 3825 ecclesia-

331 3855 468 3910 stica
495 3855 788 3929 praecipit,
816 3860 880 3913 ut
906 3855 997 3912 tali
1025 3861 1267 3929 tempore
1295 3857 1408 3914 fiat.
1436 3857 1528 3915 Sic
1549 3873 1683 3933 ergo
1705 3858 1760 3915 in
1788 3859 1922 3917 civi·-

333 3943 500 4016 libus,
527 3945 657 4018 quia
683 3945 770 4003 ius
798 3953 1026 4004 naturae
1053 3947 1321 4020 praecipit
1339 3948 1430 4005 Dei
1452 3946 1688 4019 cultum,
1712 3948 1797 4006 vel
1827 3949 1922 4007 ho-

333 4050 528 4092 norare
565 4041 846 4108 parentes,
890 4036 973 4093 vel
1013 4051 1232 4094 servare
1268 4039 1595 4111 aequitatem
1633 4039 1692 4094 in
1732 4039 1918 4112 rebus,

331 4124 418 4182 lex
453 4128 688 4182 humana
725 4124 1082 4200 determinat,
1113 4134 1177 4184 ut
1213 4125 1351 4185 haec
1394 4129 1521 4185 liant
1559 4127 1650 4185 tali
1680 4133 1922 4202 tempore

332 4213 417 4272 vel
440 4215 536 4272 tali
568 4215 751 4273 modo.
777 4217 854 4272 Ea
881 4230 1032 4289 vero,
1063 4231 1207 4292 quae
1233 4221 1447 4275 tantum
1475 4222 1605 4275 sunt
1629 4233 1920 4291 superero-

331 4306 564 4378 gationis
594 4321 661 4363 ex
703 4307 755 4363 vi
789 4305 921 4380 legis
958 4306 1171 4363 divinae
1207 4305 1295 4364 vel
1331 4307 1627 4382 naturalis,
1659 4323 1768 4366 non
1795 4325 1922 4382 pos-

331 4403 464 4453 sunt
490 4396 728 4469 praecipi
763 4411 860 4469 per
890 4396 1066 4470 legem
1092 4395 1332 4472 civilem,
1359 4397 1489 4472 quia
1513 4413 1623 4456 non
1649 4399 1925 4474 recipiunt

331 4486 497 4547 talem
525 4486 1041 4546 determinationem.
1297 4493 1306 4502 ·

423 4581 508 4636 13.
539 4575 647 4636 Sed
681 4577 810 4636 licet
843 4577 977 4636 haec
1011 4579 1202 4653 regula
1243 4577 1510 4639 ordinarie
1547 4595 1675 4639 vera
1708 4581 1813 4657 sit,
1842 4587 1924 4640 ta-

335 4683 460 4727 men
505 4685 616 4727 non
657 4670 879 4728 omnino
921 4669 1223 4745 satisfacit3
1254 4672 1384 4744 quia
1421 4671 1514 4728 illa
1556 4672 1740 4747 etiam,
1781 4687 1922 4747 quae

334 4758 632 4834 generatim
667 4765 963 4832 praecepta
1013 4766 1141 4818 sunt
1175 4760 1294 4836 lege
1330 4761 1510 4820 divina
1543 4761 1629 4820 vel
1666 4761 1918 4836 naturali,

336 4858 571 4926 possunt
595 4851 759 4909 variis
786 4851 958 4910 modis
987 4851 1157 4928 magis
1197 4853 1282 4910 vel
1319 4855 1502 4912 minus
1536 4852 1794 4927 perfectis
1829 4852 1925 4913 de·

339 4943 642 5017 terminari,
655 4949 712 5001 et
730 4941 817 5001 lex
835 4943 1074 5000 humana
1088 4959 1194 5001 non
1208 4949 1391 5017 potest
1403 4944 1713 5018 praecipere
1729 4959 1924 5018 quam·

337 5047 582 5109 cumque
609 5031 1134 5106 determinationem,
1159 5041 1221 5092 ut
1239 5035 1648 5108 temperantiam
1670 5050 1767 5109 per
1794 5035 1924 5094 ieiu-

336 5125 492 5184 nium
526 5125 579 5181 in
606 5138 745 5199 pane
772 5131 831 5182 et
855 5138 1021 5198 aqua,
1050 5123 1136 5182 vel
1161 5123 1296 5198 quid
1321 5125 1518 5198 simile,
1548 5139 1680 5199 ergo
1709 5125 1812 5184 alia
1836 5143 1924 5185 re-

337 5215 467 5289 gula
504 5213 815 5273 necessaria
847 5220 935 5273 est
969 5212 1037 5271 ad
1074 5213 1490 5274 discernendum
1508 5257 1524 5287 ,
1562 5216 1686 5291 quis
1726 5214 1922 5274 modus

338 5305 618 5364 observari
645 5305 838 5378 possit,
862 5320 928 5362 ac
949 5302 1145 5362 debeat
1162 5304 1219 5364 in
1239 5304 1344 5366 hae
1370 5305 1820 5390 determinatione
1847 5305 1924 5366 le·

461 5391 476 5407 ⁰
501 5413 700 5468 sunu.
721 5415 1165 5474 nemum-rm
1181 5415 1218 5462 1.

3384 366 3502 431 201

1989 505 2071 578 gis
2109 504 2377 564 naturalis
2418 513 2516 566 aut
2553 505 2904 582 divinae.‚Et
2947 513 3234 582 praeterea
3292 509 3589 582 positivum

1989 604 2345 670 praeceptum
2372 613 2478 657 non
2506 613 2721 673 semper
2747 605 2836 657 est
2863 615 2960 671 per
2997 599 3222 658 modum
3268 598 3591 658 determina-

1987 687 2148 744 tionis
2176 688 2410 747 alicuius
2438 689 2714 762 praecepti
2739 688 2926 761 divini,
2958 696 3056 747 aut
3089 689 3376 764 naturalis,
3406 689 3589 747 solum

1989 777 2170 852 quoad
2189 779 2660 855 circumstantias,
2681 780 2776 838 sed
2795 782 2961 838 etiam
2976 779 3159 854 quoad
3174 787 3351 839 totum
3377 786 3585 852 actum,

1990 871 2118 944 quia
2158 869 2246 929 lei
2287 871 2527 929 humana
2553 888 2660 929 non
2692 871 2948 945 supponit
2973 887 3189 944 semper
3235 872 3479 929 naturale
3507 869 3596 928 vel

1990 959 2236 1019 divinum
2264 969 2623 1035 praeceptum
2650 961 2793 1020 illius
2821 967 3004 1035 actus,
3036 977 3202 1036 quem
3242 964 3361 1035 ipsa
3386 961 3595 1035 praeci-

1991 1050 2088 1123 pit,
2128 1051 2226 1109 sed
2262 1051 2329 1111 ad
2367 1069 2647 1111 summum
2684 1052 2942 1126 supponit
2974 1051 3249 1126 generalia
3302 1053 3593 1125 principia,

1991 1147 2057 1198 ut
2082 1141 2283 1200 delicta
2309 1158 2433 1202 esse
2459 1142 2761 1216 punienda,
2792 1143 2963 1216 pretia
2996 1158 3185 1201 rerum
3248 1144 3441 1201 debere
3474 1157 3597 1200 esse

1991 1232 2177 1306 iusta,
2219 1232 2303 1290 vel
2344 1233 2567 1293 similia:
2600 1234 2686 1292 lex
2713 1241 2899 1292 autem
2933 1231 3172 1292 humana
3220 1234 3476 1306 prudenti
3512 1250 3599 1292 ar-

1989 1321 2157 1384 bitrio
2197 1323 2524 1384 determinat
2556 1340 2732 1400 genus
2770 1339 2977 1398 poenae
3004 1365 3021 1396 ,
3062 1323 3159 1380 vel.
3188 1331 3369 1382 taxam
3409 1325 3593 1397 pretii,

1991 1418 2102 1472 etc.
2145 1415 2263 1472 Hoc
2305 1423 2487 1473 autem
2529 1415 2691 1474 modo
2735 1417 2913 1473 omnis
2955 1415 3195 1488 operatio
3254 1414 3501 1473 studiosa
3540 1416 3599 1472 in

1991 1504 2313 1576 particulari
2338 1504 2731 1563 determinatur
2758 1522 2857 1579 per
2890 1505 3156 1562 rationem
3208 1511 3267 1562 et
3312 1503 3596 1561 arbitrium

1992 1592 2315 1668 humanum,
2346 1601 2401 1653 et
2428 1602 2611 1654 tamen
2638 1612 2748 1653 non
2774 1610 2991 1669 semper
3028 1601 3215 1668 potest
3261 1595 3381 1653 talis
3419 1592 3599 1651 deter-

1991 1686 2214 1750 minatio
2242 1687 2357 1744 fieri
2384 1701 2483 1760 per
2510 1686 2687 1760 legem
2706 1685 3023 1759 humanam,
3048 1685 3177 1750 licet
3209 1684 3598 1743 honestissime

1989 1773 2101 1847 flat,
2131 1777 2353 1850 proprio
2382 1777 2632 1851 arbitrio,
2663 1785 2729 1836 ut
2753 1793 2853 1851 per
2882 1791 2941 1834 se
2968 1783 3211 1835 constat.

2065 1865 2362 1924 Dicendum
2390 1868 2559 1942 igitur
2586 1881 2807 1942 censeo,
2838 1866 3045 1926 nullam
3075 1866 3239 1925 aliam
3271 1865 3522 1942 regulam
3544 1867 3600 1926 in

1992 1955 2098 2014 hoc
2129 1958 2398 2030 assignari
2425 1974 2588 2031 posse
2616 1965 2831 2032 praeter
2857 1974 2978 2017 eam
3002 1999 3019 2020 .
3050 1973 3193 2033 quae
3220 1974 3287 2017 ex
3328 1959 3599 2018 conditio·

1991 2047 2150 2104 nibus
2179 2047 2312 2122 legis
2342 2064 2512 2122 supra
2539 2050 2589 2106 in
2619 2065 2914 2108 commune
2954 2049 3143 2123 positis
3179 2049 3360 2124 colligi
3392 2049 3592 2125 valeat,

1989 2136 2271 2211 nimirum,
2302 2139 2454 2198 illum
2484 2146 2672 2199 actum
2701 2141 2921 2199 virtutis
2958 2155 3119 2215 posse
3154 2157 3273 2199 esse
3311 2143 3596 2204 materiam

1991 2227 2120 2302 legis
2148 2228 2440 2302 humanae,
2469 2232 2563 2305 qui
2592 2231 2655 2290 ad
2685 2231 2891 2290 bonum
2918 2233 3077 2290 tinem
3100 2232 3219 2290 talis
3252 2233 3394 2309 legis
3417 2248 3599 2291 mora·

1991 2319 2116 2378 liter
2142 2323 2488 2380 necessarius
2506 2366 2522 2396 ,
2552 2331 2609 2381 at
2646 2323 2715 2382 ad
2743 2339 3036 2382 commune
3064 2324 3267 2383 bonum
3304 2324 3464 2383 valde
3497 2327 3601 2382 uti-

1990 2408 2082 2478 lis,
2114 2417 2173 2468 et
2201 2414 2581 2471 communitati
2611 2415 2925 2488 hominum,
2955 2431 3261 2491 eorumque
3301 2416 3598 2474 ordinariae
3716 2475 3721 2478 .

1990 2500 2241 2559 facultati
2280 2504 2738 2564 accommodatus
2778 2508 2892 2564 sit:
2935 2506 3032 2564 has
3069 2509 3215 2566 enlm
3261 2507 3597 2566 conditiones

1989 2591 2224 2652 diximus
2260 2610 2381 2652 esse
2422 2598 2767 2655 necessarias
2803 2597 2875 2655 ad
2916 2597 3113 2672 legem,
3145 2605 3201 2657 et
3244 2597 3366 2678 ideo
3396 2598 3597 2656 abillis

1989 2685 2154 2742 etiam
2192 2685 2457 2744 sumenda
2492 2693 2577 2744 est
2622 2703 2883 2746 mensura
2910 2728 2927 2760 ,
2966 2704 3066 2746 seu
3106 2689 3297 2762 regula
3336 2689 3593 2746 materiae

1992 2772 2261 2834 humanae
2289 2793 2353 2834 ac
2384 2777 2562 2835 civilis
2591 2777 2748 2852 legis.
2780 2777 3039 2852 Idemque
3074 2793 3207 2836 cum
3242 2779 3594 2852 proportione

1991 2863 2287 2924 dicendum
2315 2872 2401 2924 est
2419 2867 2486 2925 de
2515 2867 2877 2940 prohibitione
2906 2869 3186 2942 vitiorum3
3214 2868 3309 2927 illa
3340 2872 3482 2927 enim
3501 2885 3596 2927 ve-

1994 2954 2153 3012 tanda
2182 2963 2313 3013 sunt
2339 2972 2437 3030 per
2460 2956 2675 3014 civilem
2697 2957 2891 3033 legem,
2916 2974 3059 3032 quae
3081 2959 3463 3016 communitati
3485 2958 3587 3015 hu-

1993 3061 2185 3104 manae
2214 3049 2375 3105 noxia
2402 3054 2553 3122 sunt,
2585 3055 2642 3105 et
2667 3062 2799 3105 cum
2829 3049 3018 3107 morali
3058 3049 3292 3107 utilitate
3331 3049 3594 3123 reipubli-

1991 3151 2089 3195 cae
2117 3137 2388 3211 prohiberi
2416 3138 2647 3212 possint,
2680 3145 2736 3196 et
2760 3139 2959 3211 puniri.
2988 3138 3215 3208 Quando
3246 3145 3431 3198 autem
3457 3141 3590 3197 vitia

1990 3243 2100 3284 non
2130 3235 2261 3286 sunt
2286 3229 2445 3287 noxia
2481 3230 2891 3303 communitati,
2920 3228 3006 3287 vel
3045 3245 3112 3286 ex
3149 3229 3393 3303 rigorosa
3423 3231 3587 3303 puni-

1990 3317 2135 3375 tione
2161 3319 2379 3378 illorum
2408 3321 2613 3379 maiora
2633 3320 2774 3378 mala
2793 3321 3077 3394 timentur,
3100 3318 3467 3393 permittenda
3489 3336 3589 3393 po-

1993 3410 2100 3468 tius
2128 3419 2283 3485 sunt,
2305 3426 2473 3485 quam
2500 3410 2800 3470 cohibenda
2818 3427 2915 3485 per
2938 3411 3084 3486 leges
3113 3409 3321 3468 civiles.
3338 3410 3605 3494 Quaproffi
3704 3479 3711 3486 ⁵

1990 3507 2114 3573 >pter
2139 3499 2194 3557 in
2222 3500 2543 3573 particulari
2570 3501 2639 3560 ad
2661 3501 3036 3574 applicandam
3057 3501 3196 3559 hanc
3218 3500 3467 3576 regulam
3491 3519 3590 3561 ne-

1992 3590 2233 3647 cessaria
2277 3599 2366 3649 est
2408 3591 2697 3665 prudentia
2744 3591 3100 3666 legislatoris3
3150 3607 3326 3667 neque
3382 3591 3591 3667 aliquid

1993 3679 2140 3739 aliud
2168 3688 2387 3741 certum
2412 3683 2469 3741 in
2493 3683 2600 3741 hoc
2629 3689 2836 3757 puncto
2866 3682 2995 3757 dici,
3020 3690 3120 3742 aut
3138 3681 3399 3742 affirmari
3422 3700 3589 3757 posse

1993 3770 2261 3830 existimo.

2073 3862 2342 3935 Superest
2376 3877 2509 3920 vero
2551 3860 2845 3922 difficultas
2882 3860 2952 3920 de
2987 3863 3205 3921 actibus
3245 3863 3594 3923 indifferenti-

1991 3951 2130 4024 bus3
2163 3969 2291 4010 nam
2329 3968 2397 4010 ex
2424 3952 2586 4011 dictis
2614 3953 2900 4029 sequitur,
2932 3968 3041 4010 non
3069 3969 3235 4026 posse
3269 3969 3391 4012 esse
3418 3961 3590 4013 mate-

1991 4042 2126 4101 riam
2154 4042 2286 4116 legis
2312 4043 2603 4116 humanae,
2628 4059 2731 4101 nec
2758 4034 3167 4118 praecipientis,
3194 4059 3294 4101 nec
3326 4047 3583 4105 vetantis.

1990 4133 2237 4192 Primum
2263 4140 2431 4208 patet,
2463 4135 2591 4208 quia
2617 4151 2727 4192 non
2755 4151 2943 4193 omnes
2973 4140 3128 4192 actus
3166 4135 3454 4193 moralium
3482 4137 3591 4194 vir-

1991 4230 2176 4282 tutum
2204 4239 2301 4298 per
2331 4225 2469 4282 hanc
2503 4225 2678 4300 legem
2702 4225 2941 4298 praecipi
2968 4233 3220 4299 possunt;
3252 4241 3383 4299 ergo
3409 4227 3588 4286 multo

1989 4314 2171 4372 minus
2198 4318 2459 4386 poterunt
2484 4314 2725 4388 praecipi
2746 4320 2908 4373 actus
2927 4315 3313 4390 indifferentes,
3340 4317 3470 4391 quia
3489 4321 3590 4375 mi-

1990 4419 2096 4462 nus
2127 4403 2287 4463 utiles
2329 4409 2461 4460 sunt
2502 4404 2571 4462 ad
2604 4419 2896 4463 commune
2931 4405 3140 4463 bonum
3177 4411 3337 4463 actus
3383 4406 3591 4464 indiffe-
3648 4467 3661 4494 ι

1991 4500 2197 4568 rentes,
2242 4489 2411 4568 quam
2448 4501 2607 4553 actus
2646 4494 2777 4552 boni
2814 4502 2872 4553 et
2907 4497 3063 4555 valde
3101 4497 3351 4571 perfecti3
3396 4495 3493 4554 sed
3531 4496 3592 4554 hi

1989 4592 2212 4660 propter
2234 4601 2393 4645 suam
2415 4586 2787 4644 excellentiam
2809 4601 2918 4645 non
2940 4589 3146 4646 cadunt
3168 4587 3270 4645 sub
3293 4587 3589 4646 humanam

1991 4675 2187 4752 legem;
2218 4691 2351 4750 ergo
2379 4675 2453 4733 illi
2480 4682 2707 4748 propter
2736 4691 2892 4734 suam
2923 4677 3263 4736 inutilitatem
3296 4692 3408 4735 non
3433 4684 3589 4751 pote-

1990 4774 2125 4826 runt
2147 4767 2442 4840 perlegam
2464 4765 2674 4823 civilem
2695 4766 2951 4840 praecipi.
2972 4768 3043 4825 Et
3066 4769 3442 4842 confirmatur,
3456 4766 3587 4842 quia

1991 4857 2076 4916 lex
2104 4873 2214 4915 non
2240 4861 2420 4930 potest
2446 4857 2786 4929 praecipere,
2816 4862 2880 4914 ut
2904 4857 2993 4914 isti
3032 4863 3193 4916 actus
3218 4859 3349 4917 fiant
3368 4867 3605 4915 manem

1989 4953 2095 5019 tes,
2125 4955 2191 5006 ut
2218 4949 2299 5004 sic
2327 4947 2528 5020 dicam,
2558 4947 2612 5003 in
2634 4963 2738 5004 sua
2760 4947 3137 5023 indifferentia,
3162 4948 3289 5023 quia
3310 4949 3388 5007 sic
3409 4954 3593 5006 essent

1989 5036 2117 5095 mali
2143 5038 2197 5094 in
2224 5035 2535 5108 individu03
2575 5034 2727 5111 quod
2756 5043 2942 5095 autem
2973 5038 3179 5096 malum
3205 5045 3319 5112 est,
3346 5031 3591 5111 praecipi

1990 5143 2100 5185 non
2125 5134 2343 5201 potest:
2376 5142 2479 5184 nec
2500 5128 2666 5184 etiam
2687 5134 2873 5200 potest
2891 5127 2979 5186 lex
3008 5129 3345 5202 praecipere,
3376 5135 3439 5186 ut
3456 5128 3590 5186 flant

1990 5225 2214 5292 propter
2250 5218 2484 5294 aliquem
2514 5217 2673 5276 tinem
2699 5218 3066 5278 extrinsecum
3100 5219 3423 5304 honestum3
3458 5235 3593 5278 nam.

1991 5308 2109 5368 finis
2129 5310 2459 5385 operationis
2478 5324 2586 5369 non
2602 5308 2751 5371 cadit
2762 5309 2868 5370 sub
2884 5319 3244 5387 praeceptum
3258 5311 3587 5390 humanum,

3076 5417 3133 5463 ss
