4325 6267
1724 340 1937 395 mm*
1960 342 2108 395 XIV.

275 472 652 532 conditionem
693 471 835 531 illam
850 511 867 543 ,
894 472 965 531 Si
986 472 1243 547 recipiat
1268 469 1615 545 beneficium
1641 474 1765 530 sine
1788 474 1877 528 in·
1964 480 1968 486 ’

274 566 537 621 tentione
563 562 879 621 sacerdotii
903 566 1075 619 intra
1099 578 1358 629 annum,
1394 570 1459 621 ut
1486 565 1736 623 absolute
1764 560 1879 618 sul·

275 654 551 711 sicientem
582 653 649 711 ad
680 652 1110 713 contrahendam
1139 652 1281 710 illam
1312 652 1692 727 obligationem
1721 651 1878 709 resti·

280 743 509 816 tuendi,
556 744 653 803 sed
700 759 830 799 cum
880 741 968 800 illa
1005 741 1409 815 moderatione,
1441 746 1554 801 nisi
1578 742 1879 801 voluntate

172 839 176 843 ’
276 840 527 893 mutata
542 819 1079 909 prontotmsuerit.
1104 833 1255 891 Unde
1281 832 1362 904 tit,
1396 841 1459 890 ut
1485 834 1611 891 licet
1636 832 1759 907 quis
1786 846 1877 887 ac-

276 925 447 996 cipiat
474 924 796 981 beneficium
826 923 939 979 sine
968 922 1057 979 illa
1084 924 1415 996 intentione,
1446 930 1504 981 et
1530 924 1602 980 ita
1628 922 1883 995 persistat

280 1028 383 1087 per
412 1012 665 1071 undecim
697 1028 911 1069 menses
935 1054 951 1085 ,
982 1013 1028 1069 si
1055 1012 1271 1070 tandem
1300 1021 1479 1072 mutat
1504 1013 1879 1084 intentionem,

275 1112 339 1161 et
384 1105 529 1161 intra
573 1103 828 1160 ultimum
869 1117 1110 1160 mensem
1137 1102 1446 1176 ordinatur,
1476 1103 1637 1161 saciet
1660 1102 1881 1159 fructus

276 1208 441 1264 suos,
474 1193 559 1251 vel
586 1192 948 1263 confirmabit,
966 1199 1031 1249 ut
1056 1193 1135 1250 sic
1162 1192 1362 1264 dicam,
1382 1194 1679 1251 dominium
1708 1192 1761 1248 in
1790 1206 1874 1247 re-

284 1286 532 1340 tentione
567 1298 795 1354 eorum,
838 1284 969 1357 quia
1005 1281 1181 1340 noluit
1218 1282 1467 1341 Ecclesia
1495 1282 1652 1341 aliter
1678 1294 1881 1353 ponere

284 1373 437 1429 illam
466 1373 861 1445 conditionem,
888 1380 951 1431 ut
976 1388 1043 1430 ex
1071 1379 1225 1439 textu
1251 1380 1422 1446 patet.
1436 1374 1645 1445 Estque
1675 1371 1905 1455 optima·

278 1464 453 1535 ratio,
468 1464 597 1536 quia
622 1463 727 1520 hoc
758 1462 918 1520 modo
941 1462 1136 1520 melius
1157 1462 1243 1520 lex
1265 1463 1356 1519 illa
1376 1463 1593 1521 obtinet
1612 1461 1873 1519 effectum

280 1552 554 1610 intentum
571 1594 589 1625 ,
616 1554 711 1627 qui
736 1560 851 1624 est,
883 1559 947 1610 ut
974 1552 1060 1611 ille
1086 1552 1393 1627 ordinetur,
1422 1559 1480 1611 et
1502 1552 1763 1610 inserviat
1788 1549 1883 1607 be-

282 1642 483 1700 neficio
523 1642 691 1701 semel
737 1648 1004 1716 accepto,
1053 1651 1111 1701 et
1155 1644 1228 1702 ita
1256 1659 1355 1718 per
1388 1645 1757 1716 receptionem
1792 1656 1883 1700 or-

282 1732 433 1791 dinis
458 1740 731 1809 pnrgatur
763 1734 913 1807 prior
946 1733 1229 1807 delectus,
1257 1735 1386 1809 quia
1412 1734 1666 1808 impletur
1692 1731 1883 1791 condi·

279 1824 365 1881 tio
415 1822 483 1881 ab
522 1823 771 1883 Ecclesia
816 1822 1124 1899 postulata,
1163 1840 1306 1899 qnae
1354 1825 1409 1883 in
1434 1838 1650 1883 summa
1672 1829 1791 1897 est,
1823 1826 1885 1880 nt

282 1928 399 1971 non
428 1912 692 1973 habeatur
708 1912 808 1973 ‘illa
834 1930 1005 1989 prava
1032 1915 1256 1975 intentio
1284 1931 1318 1973 a
1340 1916 1639 1989 principio,
1665 1914 1752 1971 vel
1780 1912 1885 1971 sal·

280 2010 401 2063 tem
420 2046 437 2078 ,
478 2010 544 2062 ut
586 2020 695 2063 non
724 2011 1109 2079 perseveretur
1133 2007 1188 2063 in
1217 2003 1305 2063 illa
1330 2018 1509 2080 usque
1533 2004 1604 2063 ad
1631 2004 1885 2063 effectum

278 2112 401 2154 non
420 2095 716 2169 recipiendi
737 2096 985 2155 ordinem
1002 2111 1101 2169 per
1121 2102 1298 2155 totum
1320 2112 1542 2155 annum.
1556 2095 1711 2156 Unde
1732 2094 1885 2170 quod

283 2189 428 2247 Soto
443 2189 523 2246 ait
537 2186 605 2245 de
624 2188 975 2247 restitutione
995 2185 1242 2246 iacienda
1256 2202 1357 2262 pro
1376 2197 1731 2261 quocumque
1754 2192 1887 2243 tem·

286 2294 429 2351 pore
458 2278 613 2351 anni,
644 2293 746 2352 pro
772 2292 885 2351 qno
913 2277 1007 2335 illa
1034 2277 1259 2336 intentio
1288 2275 1467 2337 debita
1492 2292 1601 2335 non
1628 2274 1885 2349 habetur,

286 2384 403 2425 non
423 2366 589 2427 habet
616 2369 825 2439 locum,
852 2369 899 2425 si
922 2367 1138 2426 tandem
1160 2373 1410 2426 mutatur
1427 2366 1705 2439 voluntas,
1729 2372 1783 2424 et
1803 2380 1889 2422 re·

288 2458 503 2531 cipitur
530 2457 667 2518 ordo
694 2458 837 2517 intra
863 2472 1088 2529 annum,
1119 2460 1251 2533 quia
1276 2464 1410 2515 tunc
1437 2458 1588 2515 nulla
1613 2457 1888 2515 restitutio

289 2547 542 2607 facienda
560 2555 667 2620 est,
690 2558 753 2605 ut
780 2547 913 2621 dixi,
941 2555 999 2606 et
1024 2564 1090 2605 ex
1112 2554 1267 2607 textu
1288 2552 1527 2607 constat.
1543 2548 1771 2622 Signum
1798 2562 1889 2606 er-

290 2654 367 2713 go
394 2644 509 2710 est,
532 2653 763 2713 poenam
790 2637 933 2695 illam
952 2680 968 2713 ,
994 2639 1040 2695 si
1067 2653 1244 2710 poena
1265 2644 1373 2712 est,
1398 2654 1507 2696 non
1533 2637 1739 2711 imponi
1765 2652 1889 2711 pro-

291 2734 417 2801 pter
455 2729 806 2787 intentionem
838 2734 1051 2787 tantum
1072 2729 1341 2787 internam
1365 2728 1673 2787 secundum
1694 2743 1774 2800 se,
1790 2728 1886 2786 scd

290 2824 469 2891 prout
500 2832 764 2877 annexam
798 2823 855 2877 et
874 2818 1237 2891 prodeuntem
1257 2820 1313 2877 in
1334 2818 1685 2877 omissionem
1705 2824 1887 2875 exter·

290 2925 422 2967 nam
460 2908 632 2967 totius
669 2908 829 2967 anni:
859 2923 1003 2983 quae
1041 2908 1263 2967 omissio
1300 2908 1444 2967 mala
1468 2915 1582 2981 est,
1612 2914 1667 2967 et
1704 2914 1895 2989 posset

292 2998 481 3071 puniri
504 2996 596 3056 illa
622 3013 821 3074 poena,
851 2998 1015 3057 etiam
1044 2997 1157 3056 sine
1185 2998 1277 3056 illa
1302 3000 1603 3057 intentione
1630 3014 1663 3056 a
1688 3000 1893 3072 princi·

292 3089 385 3163 pio
412 3096 681 3163 concepta
697 3132 711 3161 ,
743 3087 838 3147 sed
876 3104 975 3162 per
997 3086 1357 3162 negligentem
1381 3087 1694 3147 dilationem
1723 3090 1895 3147 totius

292 3182 429 3239 anni
448 3186 815 3239 contractam.
840 3180 1023 3254 Atque
1048 3178 1156 3236 hoc
1184 3177 1347 3236 modo
1377 3184 1563 3237 textus
1584 3177 1671 3237 ille
1696 3179 1895 3237 confir-

295 3277 418 3331 mat
442 3272 659 3330 tertiam
696 3270 1139 3343 conclusionem,
1166 3276 1224 3326 et
1262 3267 1391 3328 nihil
1416 3270 1604 3329 obstat
1639 3276 1893 3345 quartae.

294 3362 419 3421 Alia
440 3377 601 3435 vero,
629 3376 773 3435 quae
800 3362 1021 3435 attingit
1047 3360 1205 3430 Soto,
1234 3375 1302 3417 an
1330 3360 1420 3418 ille
1448 3367 1635 3419 textus
1662 3360 1896 3435 loquens

292 3452 367 3511 de
406 3453 721 3525 receptione
761 3451 1010 3510 beneficii
1035 3450 1251 3509 extendi
1289 3448 1483 3509 debeat
1521 3450 1590 3508 ad
1630 3452 1895 3509 retentio·

298 3559 453 3615 nem,
476 3549 620 3599 etan
647 3541 879 3617 loquens
900 3541 969 3599 de
990 3539 1266 3600 beneflciis
1287 3540 1689 3614 parochialibus
1710 3547 1899 3599 exten·

296 3632 513 3691 dendus
540 3634 612 3691 sit
634 3632 704 3691 ad
732 3633 1106 3707 episcopatus,
1135 3638 1192 3691 et
1220 3632 1435 3706 similia,
1455 3631 1526 3690 ad
1555 3637 1897 3706 praesentem

302 3725 593 3784 materiam
619 3737 728 3780 non
758 3727 1032 3795 spectant.

385 3816 477 3873 16.
506 3812 669 3873 Circa
692 3818 957 3887 quartum
978 3810 1045 3869 de
1068 3825 1306 3869 censura
1331 3811 1584 3883 imposita
1610 3811 1899 3888 inquisito·

300 3906 459 3964 ribus
479 3903 677 3961 iniuste
706 3900 1133 3976 procedentibus
1164 3918 1231 3961 ex
1256 3900 1381 3960 odio
1404 3900 1487 3960 vel
1518 3904 1672 3976 turpi
1698 3901 1900 3963 affectu

300 3994 357 4053 in
378 3993 525 4052 dicta
534 3992 705 4053 Clem.
726 3999 777 4065 1,
800 3994 827 4065 ξ
845 4006 1068 4060 verum,
1079 3991 1245 4066 aliqui
1270 3991 1489 4063 dicunt,
1511 3991 1661 4067 loqui
1681 3992 1749 4052 de
1775 3992 1897 4053 odio

304 4070 592 4145 manifesto
617 4082 789 4158 signis
815 4082 1074 4155 externis,
1100 4082 1193 4139 sed
1222 4082 1337 4140 sine
1356 4082 1709 4142 fundamento
1736 4086 1795 4142 in
1818 4091 1904 4143 te-

303 4184 429 4246 xtu,
454 4182 512 4233 et
533 4175 648 4233 sine
668 4188 861 4245 causa,
885 4171 1014 4247 quia
1032 4171 1126 4229 illa
1144 4174 1644 4231 excommunicatio
1665 4189 1774 4231 non
1793 4174 1901 4233 ser-

314 4272 413 4325 tur
437 4270 663 4339 propter
690 4262 833 4321 aliud
861 4264 1077 4337 signum
1106 4260 1236 4336 odii,
1269 4260 1367 4320 sed
1392 4270 1617 4337 propter
1643 4264 1903 4324 effectum

308 4358 575 4427 iniustum
600 4354 669 4414 ab
694 4354 787 4414 illo
817 4351 1227 4426 procedentem.
1252 4353 1323 4412 Et
1348 4354 1423 4411 ita
1447 4352 1537 4411 ille
1561 4360 1747 4413 textus
1775 4370 1904 4429 pro·

306 4448 404 4511 bat
439 4450 693 4521 quartam
728 4444 1111 4517 assertionem,
1142 4449 1209 4503 ut
1245 4444 1413 4503 etiam
1450 4442 1564 4503 dixi
1587 4446 1643 4501 in
1684 4451 1821 4505 tom.
1844 4443 1924 4519 5,

305 4537 457 4596 dicta
482 4535 625 4609 disp.
649 4541 709 4609 4,
737 4540 879 4595 sect.
902 4540 962 4595 2.
990 4534 1140 4594 Idem
1166 4533 1463 4594 dicendum
1488 4541 1573 4594 est
1614 4552 1745 4596 cum
1772 4554 1900 4611 pro-

309 4628 562 4704 portione
582 4626 650 4685 ad
679 4632 732 4685 5.
754 4642 824 4685 ex
841 4626 1108 4686 clement.
1134 4630 1190 4685 5.
1214 4618 1281 4685 de
1309 4631 1443 4687 stat.
1466 4626 1721 4685 monach.
1744 4628 1815 4687 Et
1833 4628 1904 4687 ad

308 4724 529 4779 sextum
555 4732 623 4775 ex
652 4716 801 4776 dicto
828 4732 885 4776 c.
913 4718 1132 4791 Siquis:
1162 4731 1289 4774 nam
1316 4717 1560 4796 actiones
1585 4717 1731 4790 illae,
1760 4734 1905 4794 quae

308 4810 390 4868 ibi
416 4808 742 4883 puniuntur,
770 4815 827 4865 et
852 4806 985 4865 alias
1012 4804 1313 4881 prohibitae
1339 4816 1493 4879 sunt,
1523 4812 1579 4865 et
1606 4823 1824 4883 pravae,
1852 4814 1909 4867 et

315 4898 599 4959 moraliter
624 4895 896 4972 loquendo
923 4896 1260 4955 sufficienter
1287 4897 1636 4955 manifestant
1672 4913 1907 4972 pravum

314 4990 598 5061 animum,
628 5003 662 5045 a
696 5003 809 5061 quo
836 4986 1279 5063 proficiscuntur.
1310 4986 1538 5063 Reliqua
1572 4988 1626 5045 in
1666 4988 1759 5047 illa
1793 4990 1910 5063 opi-

320 5082 485 5139 nione
512 5078 667 5138 iuxta
693 5082 949 5153 quartam
977 5079 1330 5137 assertionem
1356 5075 1687 5151 procedunt.

475 5371 679 5431 Soanas.
700 5373 759 5424 De
775 5372 960 5432 unibus
972 5392 1031 5411 -
1044 5374 1151 5421 Pars
1168 5374 1205 5423 1.

3301 324 3426 393 353

2503 468 2782 541 CAPUT
2823 468 3002 539 XIV.

2068 668 2240 741 Quae
2250 653 2483 738 fornia,
2521 682 2622 725 seu
2646 666 2987 727 solemnitas
3013 670 3088 726 sit
3114 664 3412 725 servanda

2262 759 2324 813 tn
2351 754 2568 831 leqibus
2598 760 2899 816 canonicis
2908 756 3202 831 serendis.

2498 936 2983 1003 summarium

1948 1109 1997 1159 1.
2024 1108 2131 1159 Non
2156 1115 2238 1159 est
2261 1108 2326 1159 de
2350 1110 2549 1163 ratione
2575 1110 2704 1175 legis
2728 1112 3021 1175 canonicae,
3047 1116 3106 1163 ut
3131 1111 3200 1162 sit
3223 1110 3432 1174 scripta.
3461 1134 3531 1148 —-

2015 1178 2068 1229 2.
2088 1178 2352 1229 Sententia
2377 1180 2658 1231 dicentium
2675 1216 2690 1241 ‚
2716 1183 2956 1246 epistolas
2979 1180 3262 1246 pontificias
3284 1180 3529 1231 iuducere

2015 1248 2157 1311 leges
2181 1249 2470 1302 canonicas
2493 1278 2561 1287 —
2581 1252 2633 1303 3.
2657 1252 2786 1302 Vera
2811 1254 3084 1303 sententia.
3107 1278 3172 1288 —
3191 1252 3246 1301 4.
3275 1250 3532 1315 Epistolae

2016 1317 2307 1383 pontificiae
2350 1319 2540 1373 habent
2583 1322 2944 1375 auctoritatem
2987 1320 3302 1386 temperandi
3341 1322 3452 1382 iuS,
3477 1326 3533 1371 et

2012 1390 2273 1453 obligandi
2310 1390 2374 1440 ad
2408 1404 2521 1442 eam
2558 1392 3038 1457 interpretationem
3061 1390 3349 1443 tenendam.
3377 1418 3448 1427 —-
3472 1390 3528 1441 5.

2017 1459 2228 1522 Quando
2245 1460 2492 1525 epistolae
2509 1466 2630 1513 sunt
2647 1462 2871 1526 scriptae
2889 1476 2990 1515 non
3007 1462 3070 1513 ad
3089 1462 3530 1521 consultationem,

2014 1528 2105 1579 sed
2129 1528 2328 1581 directe
2351 1530 2414 1581 ad
2439 1533 2881 1596 gubernationem,
2895 1532 3096 1584 facilius
3113 1537 3323 1597 possunt
3341 1530 3530 1582 habere

2021 1600 2125 1651 vim
2157 1600 2316 1664 legis;
2353 1600 2443 1652 sed
2477 1601 2572 1653 hoc
2597 1616 2660 1653 ex
2681 1610 2862 1657 tenore
2887 1604 3160 1654 verborum
3183 1608 3264 1653 est
3289 1601 3534 1663 colligen-

2016 1669 2155 1721 dum.
2183 1698 2255 1709 —
2276 1672 2328 1723 6.
2356 1670 2682 1724 obiiciuntur
2721 1672 2970 1739 quaedam
3010 1673 3167 1724 verba
3208 1670 3530 1733 Pontificum,

2016 1752 2149 1805 quae
2182 1741 2298 1793 aliis
2331 1753 2619 1807 repugnare
2643 1742 2904 1806 videntur,
2931 1750 2987 1795 et
3009 1743 3352 1810 explicantur.
3378 1768 3445 1779 —
3471 1742 3524 1793 7.

2017 1810 2149 1875 Quid
2170 1811 2242 1864 sit
2265 1812 2585 1867 sentiendum
2605 1812 2672 1867 de
2691 1814 2961 1881 episeopis.

2034 2001 2084 2057 t.
2114 1997 2254 2058 Nihil
2293 1999 2347 2058 in
2381 2000 2654 2075 praesenti
2690 1999 3040 2067 tractandum
3075 2000 3427 2077 proponimus
3467 1996 3536 2057 de

1950 2087 2127 2147 torma
2154 2092 2456 2151 intrinseca
2480 2092 2614 2168 legis
2641 2095 2944 2152 canonicae
2965 2135 2982 2167 ,
3010 2092 3138 2167 quia
3164 2093 3364 2166 omnia,
3394 2105 3537 2165 quae

1953 2179 2020 2238 de
2047 2180 2154 2240 hoc
2183 2190 2391 2256 puncto
2419 2184 2655 2243 diximus
2684 2182 2820 2243 libro
2849 2182 3218 2259 praecedenti,
3248 2198 3372 2255 cap.
3395 2182 3534 2255 Xlll,

1952 2274 2267 2330 communia
2293 2281 2422 2332 sunt
2448 2274 2842 2349 legihumanae
2864 2283 2927 2333 ut
2945 2278 3166 2351 sic,nec
3186 2270 3388 2349 aliquid
3410 2286 3533 2345 spe·

1955 2362 2090 2420 ciale
2128 2364 2432 2423 notandum
2470 2369 2726 2425 occurrit
2763 2367 2816 2424 in
2853 2366 2970 2442 lege
3004 2367 3286 2425 canonica.
3318 2366 3432 2425 lmo
3457 2367 3540 2420 et-

1956 2452 2094 2526 iam,
2135 2469 2278 2529 quae
2316 2454 2384 2513 de
2423 2455 2598 2514 torma
2635 2458 2940 2515 extrinseca
2965 2455 3203 2515 diximus
3228 2455 3296 2513 de
3323 2452 3538 2529 legibus

1956 2542 2230 2618 civilibus,
2254 2561 2451 2621 magna
2475 2562 2545 2605 ex
2565 2552 2720 2621 parte
2747 2548 3056 2605 communia
3077 2552 3210 2605 sunt
3231 2545 3534 2617 canonicis,

1956 2634 2086 2707 quia
2122 2634 2228 2693 illis
2267 2637 2636 2711 conveniunt,
2680 2646 2952 2713 quatenus
2993 2637 3260 2696 humanae
3300 2643 3452 2705 sunt,
3479 2640 3536 2693 et

1956 2738 2065 2781 non
2102 2731 2376 2799 qnatenus
2415 2726 2633 2799 civiles,
2674 2743 2774 2785 seu
2808 2726 3120 2787 saeculares
3145 2734 3293 2785 sunt.
3325 2728 3398 2784 Et
3422 2724 3543 2783 ideo

1958 2812 2109 2888 leges
2145 2818 2445 2875 canonicae
2483 2817 2536 2873 in
2573 2818 2727 2891 signo
2751 2820 2914 2876 etiam
2941 2818 3180 2877 sensibili
3207 2819 3539 2889 consistunt,

1956 2911 2015 2963 et
2042 2904 2207 2975 verba
2231 2908 2698 2983 requirunt,quae
2725 2908 3060 2967 sufficienter
3085 2909 3356 2981 explicent
3382 2922 3542 2981 prae·

1959 3002 2213 3069 ceptum,
2251 3011 2350 3053 seu
2377 2996 2714 3055 voluntatem
2740 2996 3013 3074 obligandi
3036 2998 3264 3073 praelati
3300 3012 3431 3057 cum
3459 3002 3541 3055 ta·

1958 3085 2102 3144 libus
2123 3085 2546 3161 conditionibus,
2565 3103 2706 3162 quae
2725 3088 2794 3145 ad
2814 3088 2988 3164 legem
3008 3086 3306 3159 sufficiant,
3325 3095 3391 3146 ut
3409 3103 3543 3145 cum

1960 3178 2347 3251 perpetuitate,
2375 3180 2785 3250 communitate,
2807 3186 2866 3237 et
2891 3178 3177 3253 similibus,
3196 3186 3259 3237 nt
3282 3178 3356 3237 ibi
3381 3178 3548 3253 expli-

1958 3274 2147 3327 catum
2175 3273 2288 3341 est;
2327 3268 2420 3327 ubi
2446 3268 2609 3327 etiam
2636 3268 2963 3328 sufficientia
2988 3267 3152 3329 verba
3178 3267 3546 3326 declaramus.

2036 3358 2194 3418 Ultra
2239 3358 2328 3417 illa
2376 3374 2509 3418 vero
2546 3375 2654 3418 non
2694 3364 2780 3417 est
2815 3359 2942 3417 data
2979 3358 3339 3418 determinata
3373 3358 3577 3417 torma.

1961 3450 2258 3509 verborum
2293 3450 2349 3508 in
2376 3448 2589 3525 legibus
2616 3450 2896 3509 canonicis
2921 3449 3158 3509 terendis
3174 3491 3190 3522 ,
3217 3447 3303 3508 vel
3329 3464 3398 3508 ex
3425 3448 3548 3508 iure

1961 3539 2174 3612 divino,
2205 3540 2288 3597 vel
2314 3556 2384 3599 ex
2409 3541 2792 3600 ecclesiastico
2811 3582 2828 3613 ,
2859 3542 3180 3615 praesertim
3208 3540 3394 3615 quoad
3419 3556 3550 3615 pro-

1964 3632 2112 3707 prios
2149 3647 2424 3704 canones,
2465 3646 2705 3706 quorum
2747 3630 3001 3691 conditor
3039 3639 3124 3691 est
3161 3630 3424 3706 Pontifex,
3454 3631 3556 3707 qui

1965 3738 2184 3797 semper
2223 3728 2318 3780 est
2348 3722 2600 3795 superior
2637 3721 2768 3796 illis,
2809 3728 2870 3780 et
2902 3722 3028 3781 ideo
3061 3739 3169 3780 non
3193 3729 3444 3782 arctatur
3470 3722 3542 3781 ad

1963 3818 2175 3871 certam
2200 3811 2434 3870 sormam
2461 3812 2779 3895 yerborum.
2808 3811 3096 3874 lnt'eriores
3122 3828 3254 3871 vero
3279 3814 3547 3887 episcopi,

1962 3910 2023 3961 et
2060 3900 2288 3976 prelati,
2328 3902 2417 3959 vel
2455 3901 2696 3975 capitula
2721 3903 2941 3962 limitari
2969 3912 3206 3979 possunt
3230 3903 3302 3962 ad
3325 3919 3549 3962 servan.-

1966 3992 2094 4051 dam
2126 4000 2336 4050 certam
2374 3992 2670 4053 verborum
2710 3993 2966 4067 formam,
3007 3995 3093 4054 vel
3123 3994 3538 4055 solemnitatem.

1968 4082 2074 4143 Sed
2112 4081 2181 4140 de
2220 4081 2326 4141 hac
2363 4084 2530 4141 etiam
2565 4098 2672 4143 non
2700 4090 2919 4142 constat
2944 4083 3135 4144 saltem
3161 4100 3230 4143 ex
3252 4086 3373 4143 iure
3398 4100 3555 4143 com-

1969 4174 2144 4233 muni.
2177 4173 2313 4232 Nam
2351 4171 2483 4231 licet
2517 4174 2573 4229 in
2612 4173 2944 4247 quibusdam
2989 4175 3211 4233 statutis
3237 4176 3556 4249 requiratur

1969 4280 2278 4325 consensus
2311 4262 2538 4337 capituli
2565 4270 2825 4338 respectu
2852 4264 3199 4339 praelati,vel
3225 4281 3258 4323 e
3284 4278 3555 4323 converso

1968 4368 2275 4415 consensus
2309 4351 2536 4428 praelati
2570 4360 2828 4427 respectu
2855 4354 3110 4430 capituli,
3138 4355 3226 4413 vel
3253 4353 3459 4431 aliquid
3484 4354 3556 4412 si-

1970 4445 2117 4521 mile3
2142 4442 2278 4503 illud
2298 4444 2471 4518 magis
2489 4444 2725 4518 pertinet
2749 4444 2817 4505 ad
2844 4440 3218 4505 limitationem
3238 4448 3556 4521 potestatis,

1970 4551 2141 4611 quam
2173 4533 2243 4593 ad
2270 4532 2772 4593 determinationem
2800 4535 3002 4595 formae
3029 4535 3326 4596 servandae
3353 4536 3407 4595 in
3435 4536 3558 4613 lege

1972 4625 2214 4687 ferenda.
2229 4629 2515 4697 Praeterea
2539 4642 2648 4684 non
2676 4631 2764 4684 est
2787 4626 2954 4685 etiam
2978 4626 3044 4686 de
3067 4629 3276 4687 ratione
3302 4627 3439 4704 legis
3458 4643 3552 4685 ca-

1972 4718 2226 4790 nonicae,
2249 4721 2316 4775 ut
2339 4716 2410 4775 sit
2437 4716 2674 4791 scripta,
2705 4732 2830 4775 nam
2851 4733 2938 4790 ea,
2961 4733 3105 4791 quae
3127 4716 3196 4777 de
3220 4717 3326 4776 hoc
3345 4724 3559 4791 puncto

1976 4806 2360 4883 allegavimus,
2399 4823 2500 4881 pro
2533 4800 2654 4882 lege
2677 4807 2824 4865 civili
2852 4810 3082 4866 maxime
3113 4808 3347 4883 probant
3371 4808 3440 4867 de
3467 4824 3562 4867 ca-

1974 4900 2192 4973 nonica,
2221 4906 2278 4957 et
2303 4897 2600 4973 praecipue
2618 4895 2687 4955 de
2710 4896 2978 4970 pontificia
2998 4908 3222 4974 propter
3243 4914 3564 4973 supremam

1976 4996 2342 5065 potestatem,
2373 4995 2437 5047 ut
2463 4989 2592 5047 dixi.
2621 4987 2944 5047 inferiorum
2970 4995 3152 5049 autem
3177 4996 3388 5048 statuta
3417 5004 3560 5047 sem·

1977 5096 2076 5154 per
2100 5079 2358 5137 seruntur
2382 5080 2437 5135 in
2466 5078 2780 5152 scriptis,et
2805 5079 2877 5136 ita
2903 5079 3230 5139 servandum
3251 5077 3425 5136 estad
3451 5080 3560 5137 tol·

1980 5168 2195 5229 leudam
2235 5168 2634 5243 ambiguitatem
2663 5167 2747 5227 vel
2777 5170 3186 5229 obscuritatem.
3215 5168 3369 5230 Unde
3397 5171 3562 5230 etiam

1982 5266 2240 5336 oportet,
2281 5267 2344 5317 ut
2380 5275 2448 5318 ex
2474 5266 2665 5318 tenore
2690 5260 2856 5336 ipsius
2883 5262 3187 5336 scripturae
3215 5268 3460 5336 constet,
3488 5278 3558 5327 ex

3021 5370 3076 5418 ⁴5
