4325 6267
1665 299 1878 352 CAPUT
1905 300 2156 350 xxvm.

297 431 597 498 peecatum
621 423 873 483 mortale.
903 423 975 481 Et
1011 414 1153 482 ratio
1189 421 1468 482 dubitandi
1504 432 1615 498 est,
1646 442 1812 500 quam
1839 428 1892 484 in

300 517 572 588 principio
601 515 905 588 posuimus,
935 516 1166 588 Propter
1200 531 1365 589 quam
1395 516 1562 573 Caiet.
1593 517 1644 573 in
1670 519 1896 575 Summa

303 608 472 664 verbo
496 611 876 683 contemptus,
909 609 964 663 in
985 608 1109 678 fine,
1133 614 1320 681 aperte
1341 609 1612 682 concedit,
1626 607 1740 666 >dari
1762 623 1896 672 con-

297 704 572 769 temptum
600 698 898 770 praecepti,
923 704 978 753 et
999 699 1494 771 transgressionem
1523 702 1803 771 praecepti
1829 716 1896 756 ex

297 795 651 862 contemptu,
675 803 818 862 quae
843 789 912 845 sit
941 793 1150 845 tantum
1179 788 1382 846 veniale
1412 797 1702 862 peccatum
1733 809 1798 849 ex
1819 791 1894 848 le-

297 879 464 936 vitate
493 878 771 944 materiae,
801 889 858 935 et
883 893 950 935 ex
975 878 1076 935 levi
1105 877 1269 936 modo
1297 879 1696 946 contemnendi,
1721 890 1785 937 ut
1811 882 1892 938 sic

295 967 502 1042 dicam3
529 971 659 1043 quia
679 969 924 1040 scilicet,
955 984 1063 1025 non
1085 970 1380 1026 contemnit
1399 968 1717 1042 simpliciter
1739 985 1892 1044 prae-

300 1066 566 1132 ceptum,
597 1059 692 1118 sed
720 1059 826 1116 boc
854 1067 1210 1133 praeceptum
1239 1062 1290 1116 in
1319 1077 1378 1117 re
1409 1062 1646 1118 minima.
1675 1062 1748 1118 Et
1773 1060 1895 1118 ideo

295 1149 589 1224 distinguit
607 1153 1188 1224 contemptum,·etiam
1211 1151 1491 1224 proprium
1514 1157 1570 1208 et
1588 1151 1891 1218 formalem,

299 1239 354 1296 in
395 1246 776 1313 contemptum
815 1240 1154 1312 simpliciter,
1197 1247 1253 1297 et
1295 1241 1600 1298 secundum
1641 1241 1804 1314 quid3
1835 1250 1892 1301 et

298 1332 540 1403 priorem
575 1331 708 1388 dicit
741 1346 862 1387 esse
897 1338 1189 1403 peccatum
1232 1330 1493 1401 mortale,
1535 1333 1894 1404 posteriorem

301 1425 489 1477 autem
517 1437 639 1478 esse
681 1426 894 1478 tantum
931 1409 1149 1479 veniale
1180 1429 1491 1494 peccatum.
1523 1421 1892 1496 Eamdemque

297 1511 622 1568 sententiam
660 1513 910 1585 sequitur
929 1511 1176 1570 Barthol.
1209 1512 1276 1570 de
1304 1512 1508 1571 Medina
1541 1517 1591 1571 1.
1624 1517 1680 1584 2,
1711 1529 1767 1587 q.
1801 1519 1897 1587 88,

295 1606 404 1657 art.
436 1605 494 1668 4.
525 1601 577 1656 in
605 1602 729 1657 fine.

384 1695 472 1751 12.
503 1692 640 1749 Huic
663 1700 846 1751 autem
875 1695 1166 1752 sententiae
1191 1694 1398 1770 obstat,
1423 1696 1552 1770 quia
1571 1695 1784 1753 videtur
1807 1711 1894 1752 re-

295 1796 546 1855 pugnare
567 1784 848 1842 communi
871 1787 1190 1856 sententiae,
1204 1801 1370 1859 quam
1394 1803 1560 1859 supra
1582 1787 1890 1844 retulimus.

294 1875 436 1930 Nam
471 1888 660 1930 omnes
701 1881 960 1932 auctores
996 1875 1067 1932 ibi
1103 1877 1257 1933 citati
1289 1875 1598 1934 indistincte
1635 1877 1896 1934 damnant

297 1965 518 2036 peccati
544 1965 789 2022 mortalis
817 1964 1229 2023 inobedientiam
1257 1971 1534 2040 praecepti
1560 1984 1629 2027 ex
1646 1975 1896 2025 contem·

295 2060 432 2127 ptu,
462 2056 623 2112 etiam
659 2056 714 2111 in
742 2056 1006 2127 minimis,
1035 2063 1092 2113 et
1117 2056 1428 2114 Bernardus
1456 2073 1716 2131 expresse
1736 2057 1890 2130 dixit,

297 2153 680 2219 contemptum
703 2149 772 2204 in
799 2149 959 2204 omui
987 2151 1174 2222 specie
1191 2151 1577 2222 peccatorum
1595 2151 1737 2223 pari
1747 2165 1896 2223 pon-

296 2235 440 2292 dere
465 2251 712 2310 oravem
737 2252 888 2294 esse.-
914 2244 972 2294 et
1010 2238 1251 2310 loquitur
1292 2237 1370 2294 de·
1398 2239 1633 2295 minimis
1673 2253 1896 2311 praece-

297 2329 432 2400 ptis,
458 2334 520 2384 ut
548 2343 714 2400 supra
736 2327 1120 2401 explicuimus,
1145 2327 1478 2401 Responderi
1510 2335 1690 2385 tamen
1717 2335 1897 2402 potest

299 2432 365 2473 ex
397 2425 578 2474 mente
603 2418 875 2490 Caietani,
907 2417 1244 2476 Bernardum
1271 2427 1328 2477 et
1355 2419 1486 2476 alios
1527 2428 1788 2478 auctores
1815 2423 1895 2476 in-

300 2507 626 2581 telligendos
663 2524 784 2566 esse
823 2508 891 2566 de
929 2515 1244 2581 contemptu
1287 2510 1632 2582 simpliciter,
1664 2527 1772 2566 non
1813 2527 1898 2568 se—

301 2599 552 2656 cundum
590 2600 740 2672 quid.
783 2601 855 2657 Et
889 2600 964 2656 ita
1003 2601 1046 2656 si
1083 2608 1434 2672 contemptus
1471 2603 1542 2656 sit
1578 2601 1897 2673 simpliciter

302 2688 452 2762 talis,
480 2687 535 2745 id
561 2696 676 2762 est,
707 2695 1058 2760 contemptus
1087 2689 1450 2762 obedientiae,
1482 2689 1566 2746 vel
1597 2691 1895 2764 praecepti,

303 2777 388 2834 vel
419 2781 714 2851 superioris
744 2779 992 2836 absolute
1013 2821 1028 2848 ,
1060 2779 1135 2835 sic
1167 2779 1652 2855 transgressionem
1682 2796 1896 2853 semper

303 2875 362 2926 et
390 2871 442 2925 in
472 2885 824 2944 quocumque
853 2869 1139 2942 mandato,
1170 2873 1332 2927 etiam
1361 2872 1602 2943 minimo,
1630 2886 1748 2927 esse
1769 2888 1897 2945 pec-

303 2967 495 3017 catum
525 2959 778 3033 mortale,
801 2968 856 3018 e‘t
881 2962 958 3017 ita
984 2960 1282 3032 procedere
1310 2959 1520 3017 dictum
1541 2962 1820 3034 Bernardi,
1845 2967 1902 3018 et

305 3049 538 3109 aliorum
566 3050 677 3106 sine
705 3050 814 3108 ulla
843 3049 1174 3122 limitatione,
1203 3051 1290 3106 vel
1317 3050 1655 3122 exceptione.
1684 3052 1739 3108 Si
1768 3067 1899 3108 vero

304 3147 664 3212 contemptus
687 3141 753 3197 sit
775 3141 1081 3198 secundum
1103 3140 1401 3214 quid,tunc
1425 3139 1576 3197 illum
1595 3158 1716 3198 esse
1737 3158 1899 3214 posse

306 3237 524 3288 tantum
567 3230 781 3289 veniale
821 3239 1113 3304 peccatum
1146 3274 1160 3304 ,
1204 3239 1260 3290 et
1297 3242 1699 3306 consequenter
1737 3237 1899 3292 etiam

305 3325 808 3396 transgressionem
829 3322 964 3382 levis
991 3323 1229 3380 mandati
1251 3339 1317 3382 ex
1341 3325 1656 3395 intentione,
1683 3340 1781 3381 seu
1800 3325 1904 3381 im·

307 3415 461 3486 perio
501 3413 668 3471 illius.
711 3412 818 3471 Sed
857 3414 962 3470 boc
1004 3431 1112 3471 non
1155 3413 1365 3471 videtur
1407 3414 1738 3487 satisfacere,
1783 3420 1899 3471 tum

308 3505 442 3578 quia
482 3521 584 3562 nec
625 3503 955 3577 Bernardus‚
986 3521 1090 3561 nec
1133 3504 1220 3561 alii
1260 3512 1516 3562 auctores
1557 3510 1903 3578 cognoscunt

305 3595 550 3652 medium
589 3597 729 3652 inter
755 3595 888 3652 haec
919 3594 1064 3667 duo,
1097 3595 1308 3653 scilicet
1347 3595 1649 3668 transgredi
1677 3611 1742 3654 ex
1770 3612 1902 3653 con-

309 3691 546 3758 temptu,
576 3684 661 3741 vel
690 3685 805 3741 sine
834 3684 959 3758 illo,
990 3683 1266 3757 quomodo
1301 3684 1438 3742 dixit
1465 3687 1656 3742 Glossa
1691 3687 1746 3743 in
1773 3701 1896 3759 cap.

315 3777 466 3850 Quis
511 3780 742 3842 autem,
776 3773 1019 3832 distinct.
1059 3780 1160 3834 10:
1191 3773 1376 3832 Aliud
1401 3780 1486 3833 est
1514 3780 1894 3844 contemnere,

309 3863 492 3922 aliud
529 3882 644 3922 non
678 3881 915 3940 parere,
952 3872 1007 3922 et
1046 3867 1283 3938 primum
1323 3867 1573 3924 absolute
1613 3866 1905 3924 damnatur

305 3957 532 4028 peceati
567 3954 861 4029 mortalis-3
905 3971 1038 4029 ergo
1077 3956 1383 4014 indistincte
1423 3956 1476 4014 id
1517 3957 1902 4030 accipiendum

306 4052 416 4102 est.
447 4045 583 4102 Tum
612 4049 774 4102 etiam
802 4046 931 4119 quia
955 4045 1148 4102 eodem
1177 4046 1335 4103 modo
1366 4047 1548 4104 dicere
1576 4064 1900 4120 possumus,

309 4133 621 4208 transgredi
653 4135 829 4209 legem
857 4135 1177 4209 humanam,
1209 4151 1304 4208 per
1331 4151 1410 4208 se,
1444 4145 1503 4194 et
1526 4138 1744 4195 secluso
1772 4152 1908 4195 cona

308 4232 525 4298 temptu
545 4241 666 4284 esse
687 4243 904 4298 semper
927 4234 1216 4299 peccatum
1241 4228 1488 4301 mortale,
1512 4231 1640 4302 quia
1659 4229 1906 4287 dicemus

313 4317 728 4391 intelligendum
746 4333 866 4374 esse
888 4317 952 4373 de
975 4320 1407 4391 transgressione
1428 4320 1761 4393 simpliciter,
1781 4337 1908 4378 nam

310 4409 680 4481 transgressio
730 4407 782 4464 in
825 4407 928 4464 levi
966 4410 1220 4482 materia,
1264 4425 1362 4466 seu
1403 4409 1710 4469 secundum
1751 4410 1905 4484 quid,

314 4499 430 4555 imo
461 4503 816 4572 praeceptum
844 4499 894 4554 in
917 4499 1022 4556 levi
1043 4499 1288 4572 materia,
1313 4514 1422 4556 non
1443 4507 1530 4557 est
1552 4509 1908 4573 praeceptum

317 4589 664 4662 simpliciter,
695 4588 792 4645 sed
820 4589 1124 4646 secundum
1147 4589 1306 4662 quid:
1335 4590 1414 4648 sic
1436 4593 1578 4647 enim
1599 4591 1655 4648 d.
1678 4591 1909 4648 Thomas

315 4679 470 4751 dixit,
491 4687 798 4752 ‚peccatum
818 4679 1023 4737 veniale
1045 4697 1152 4737 non
1173 4696 1292 4738 esse
1314 4689 1508 4739 contra
1527 4689 1904 4755 praeceptum,

318 4774 514 4845 utique
541 4770 881 4843 simpliciter.
915 4771 1134 4829 Nullum
1159 4787 1289 4846 ergo
1327 4775 1432 4829 erit
1458 4773 1742 4831 discrimen
1771 4775 1910 4832 inter

319 4862 526 4919 nudam
571 4864 1056 4935 transgressionem
1101 4864 1372 4936 praecepti
1417 4872 1474 4921 et
1519 4869 1910 4938 transgressio-

317 4969 442 5010 nem
471 4969 539 5011 ex
559 4959 906 5028 contemptu,
935 4952 1085 5027 quod
1111 4960 1197 5011 est
1223 4959 1414 5011 contra
1441 4971 1788 5013 communem
1813 4955 1911 5014 do-

315 5044 572 5102 ctrinam.

403 5137 495 5192 13.
530 5133 652 5191 Mihi
692 5150 828 5209 ergo
867 5133 1130 5192 utendum
1157 5134 1374 5192 videtur
1411 5135 1754 5194 distinctione
1781 5137 1910 5194 insi·-

317 5233 491 5286 nuata
517 5240 548 5284 a
585 5227 778 5286 Castro
817 5225 964 5286 dicto
1002 5241 1128 5301 cap.
1161 5232 1228 5286 5.
1258 5226 1310 5285 in
1337 5226 1474 5302 fine,
1506 5227 1636 5287 licet
1661 5227 1768 5290 alio
1793 5243 1913 5286 mo-

2354 187 2371 216 N

3328 284 3451 349 263

1961 427 2061 499 do;
2094 427 2179 484 ille
2208 425 2351 484 enim
2382 425 2667 500 distinguit
2694 434 3069 500 contemptum
3099 427 3229 502 legis
3256 468 3271 500 ,
3302 435 3357 485 et
3383 428 3543 502 legis-

1961 517 2186 574 latoris:
2232 521 2363 593 quia
2400 534 2529 575 vero
2573 519 2624 575 in
2654 527 2948 592 praecepto
2985 519 3097 577 duo
3132 527 3293 593 sunt,
3338 520 3547 577 scilicet

1961 625 2049 665 res
2091 617 2383 682 praecepta
2409 651 2425 683 ,
2464 617 2517 666 et
2554 618 2909 682 praeceptum
2945 613 3123 684 ipsum
3152 629 3166 682 3
3205 626 3337 684 ergo
3364 611 3548 682 potius

1964 697 2245 773 distinguo
2272 702 2411 756 iuter
2438 705 2815 772 contemptum
2842 717 3107 772 personae
3146 717 3244 757 seu
3276 699 3555 774 legislato-

1963 792 2042 847 ris
2063 832 2078 861 ,
2109 797 2166 847 et
2194 796 2573 862 contemptum
2612 793 2789 863 operis
2827 807 2925 848 seu
2966 793 3040 848 rei
3070 799 3412 864 praeceptae.
3446 794 3552 850 Ne-

1961 897 2069 954 que
2101 887 2321 953 oportet
2348 880 2544 938 addere
2568 882 2788 938 tertium
2812 881 3116 940 membrum
3139 882 3205 940 de
3228 890 3548 956 contemptu

1959 971 2237 1044 praecepti
2288 987 2385 1029 seu
2428 971 2591 1044 legiS,
2633 973 2761 1045 quia
2800 970 2881 1028 lex
2922 972 3098 1028 solum
3147 976 3419 1030 contemni
3458 990 3550 1046 po-

1961 1066 2102 1132 test,
2131 1060 2213 1116 vel
2244 1077 2343 1133 per
2370 1067 2682 1134 respectum
2711 1060 2780 1117 ad
2824 1061 3188 1134 legislatorem
3213 1105 3228 1135 ,
3268 1064 3427 1120 cuius
3458 1081 3555 1137 po-

1963 1157 2131 1210 testas
2163 1154 2559 1221 contemnitur,
2590 1159 2645 1208 et
2672 1152 2751 1207 sic
2780 1150 2847 1207 ad
2876 1159 3252 1224 contemptum
3282 1152 3554 1227 legislato-

1963 1246 2040 1300 ris
2079 1243 2412 1316 reducitur3
2454 1243 2539 1300 vel
2578 1249 2762 1314 potest
2809 1241 2895 1298 lex
2943 1247 3257 1315 contemni,
3298 1245 3427 1318 quia
3464 1259 3552 1300 res

1969 1343 2261 1408 praecepta
2289 1334 2441 1407 parvi
2469 1336 2809 1402 aestimatur,
2834 1339 2891 1392 et
2919 1334 2997 1391 sic
3025 1333 3312 1392 reducitur
3336 1333 3404 1390 ad
3424 1350 3555 1391 con·

1965 1431 2236 1498 temptum
2266 1427 2466 1497 operis.
3124 1413 3131 1420 ’

2047 1520 2133 1575 14.
2168 1516 2300 1573 Dico
2326 1531 2460 1588 ergo
2488 1514 2701 1588 primo:
2741 1513 3067 1587 Transgredi
3110 1515 3283 1588 legem
3323 1531 3390 1572 ex
3418 1531 3551 1572 cou-

1962 1614 2171 1680 temptu
2212 1609 2291 1664 rei
2319 1614 2659 1680 praeceptae.
2683 1622 2788 1662 non
2820 1621 3034 1678 semper
3061 1646 3075 1678 ,
3110 1615 3167 1663 et
3196 1607 3245 1662 in
3274 1604 3555 1663 individuo

1961 1705 2046 1756 est
2072 1705 2367 1771 peccatum
2398 1697 2625 1754 mortale
2651 1739 2666 1770 ,
2704 1705 2759 1753 et
2796 1696 2849 1752 in
2890 1695 2995 1752 hoc
3026 1701 3208 1768 potest
3235 1696 3434 1752 babere
3464 1713 3557 1753 ve-

1960 1805 2085 1847 rum
2115 1788 2295 1860 opinio
2324 1788 2581 1858 Caietani3
2612 1793 2667 1843 et
2693 1788 2835 1844 ratio
2862 1785 3001 1858 eius,
3034 1788 3165 1859 quia
3192 1801 3280 1843 res
3308 1792 3554 1843 contem-

1961 1886 2052 1951 pta
2079 1885 2264 1950 potest
2301 1894 2421 1935 esse
2460 1879 2722 1949 minima,
2763 1874 2847 1932 vel
2890 1877 3167 1948 pertinens
3210 1874 3275 1932 ad
3318 1876 3553 1932 infimam

1963 1968 2199 2042 aliquam
2226 1970 2522 2041 virtutem,
2553 1973 2608 2024 et
2636 1967 2762 2040 quia
2792 1973 2922 2023 tunc
2950 1981 3047 2038 per
3085 1983 3143 2022 se
3180 1981 3280 2022 nec
3310 1968 3369 2022 tit
3394 2008 3410 2039 ,
3448 1981 3551 2022 nec

1965 2057 2263 2116 intenditur
2288 2058 2485 2116 iniuria
2514 2057 2863 2131 legislatoris.
2891 2055 3103 2130 Duplici
3132 2073 3264 2129 ergo
3288 2073 3354 2114 ex
3373 2058 3551 2129 capite

1963 2155 2148 2222 potest
2174 2163 2297 2206 esse
2324 2150 2429 2205 boc
2458 2156 2748 2221 peccatum
2780 2147 3030 2205 mortale.
3058 2147 3239 2204 Primo
3264 2189 3277 2220 ,
3311 2148 3354 2203 si
3380 2147 3554 2204 invol-

1962 2245 2089 2313 vat,
2119 2239 2204 2296 vel
2246 2246 2518 2314 supponat
2552 2254 2795 2296 errorem
2821 2240 2874 2294 in
2903 2237 3169 2294 doctrina.
3203 2239 3291 2294 Sic
3320 2246 3554 2310 peccant

1963 2331 2325 2403 gravissime,
2366 2331 2461 2403 qui
2498 2335 2862 2386 contemnunt
2902 2328 3161 2399 consilia,
3201 2329 3325 2402 quia
3368 2329 3554 2385 existi-

1965 2426 2149 2490 mant,
2184 2419 2435 2478 illa.esse
2473 2419 2709 2493 inutilia,
2741 2426 2835 2475 aut
2870 2419 3047 2475 infima
3073 2419 3234 2475 bona.
3269 2419 3357 2476 Sic
3392 2421 3550 2477 etiam

1965 2518 2225 2582 peccaret
2256 2512 2517 2583 graviter,
2547 2509 2640 2582 qui
2669 2515 3040 2566 contemneret
3066 2509 3551 2581 transgressionem

1965 2616 2033 2656 ex
2081 2617 2142 2656 se
2184 2600 2357 2657 levem
2384 2642 2400 2673 ,
2442 2601 2571 2674 quia
2606 2601 2981 2670 existimaret,
3019 2607 3310 2672 peccatum
3346 2601 3553 2656 veniale

1963 2707 2074 2746 non
2099 2707 2222 2747 esse
2270 2689 2491 2764 dignum
2521 2705 2695 2762 poena
2730 2688 2875 2762 apud
2914 2694 3115 2762 Deum,
3148 2689 3231 2746 vel
3265 2689 3544 2763 quippiam

1967 2781 2159 2836 simile.
2208 2778 2463 2838 Secundo
2506 2786 2688 2851 potest
2728 2779 2833 2836 boc
2872 2795 2993 2836 esse
3034 2779 3259 2836 mortale
3287 2796 3354 2837 ex
3382 2786 3553 2837 mate·

1964 2871 2076 2928 riae
2106 2872 2406 2944 gravitate,
2438 2871 2587 2927 sicut
2615 2871 2666 2925 in
2695 2869 2814 2926 aliis
2846 2870 2986 2925 vitiis
3018 2869 3300 2943 contingit.

2049 2967 2135 3020 15.
2169 2961 2300 3018 Dico
2338 2959 2609 3017 secundo:
2642 2960 2965 3032 Transgredi
3008 2959 3183 3033 legem
3210 2975 3277 3016 ex
3306 2966 3553 3017 contem-

1967 3057 2070 3124 ptu
2112 3051 2205 3107 Dei
2249 3049 2575 3123 legislatoris
2616 3065 2830 3122 semper
2867 3057 2951 3106 est
2980 3057 3275 3121 peccatum
3303 3050 3553 3122 mortale,

1968 3140 2133 3197 etiam
2161 3141 2215 3196 in
2245 3138 2555 3210 individuo,
2588 3145 2643 3196 et
2670 3141 2782 3196 sine
2812 3139 2923 3196 ulla
2950 3139 3317 3198 distinctione.
3348 3143 3420 3197 Et
3448 3140 3554 3197 hoc

1971 3231 2165 3288 saltem
2197 3229 2359 3287 modo
2387 3228 2695 3286 indistincte
2724 3228 2975 3301 procedit
3002 3231 3309 3286 communis
3339 3236 3559 3287 senten·

1969 3323 2076 3388 tia,
2110 3323 2263 3378 etita
2294 3335 2548 3392 expresse
2566 3318 2837 3401 ⁴Bernard.
2870 3335 2993 3392 cap.
3032 3321 3117 3377 12.
3146 3319 3333 3393 (quem
3360 3320 3445 3376 alii
3474 3335 3559 3376 se-

1973 3410 2257 3486 quuntur)
2288 3410 2572 3482 distinguit
2600 3409 2917 3467 mandatum
2946 3427 2978 3466 a
3006 3408 3320 3482 mandante,
3352 3416 3411 3467 et
3433 3425 3558 3483 gra·

1969 3505 2189 3559 vitatem
2219 3501 2505 3558 constituit
2528 3502 2585 3556 in
2613 3505 2941 3572 contemptu
2980 3499 3309 3557 mandantis.
3340 3501 3410 3557 Et
3435 3502 3559 3574 qui-

1968 3592 2092 3650 dem
2139 3600 2398 3664 respectu
2444 3593 2535 3648 Dei
2584 3589 2799 3647 videtur
2846 3607 2934 3648 res
2982 3590 3301 3663 manifesta5
3346 3593 3558 3664 agimus

1969 3685 2112 3742 enim
2140 3682 2207 3739 de
2236 3689 2558 3754 contemptu
2589 3680 2835 3749 formali,
2874 3689 2939 3740 ut
2962 3682 3090 3740 dixi:
3120 3692 3209 3740 est
3234 3691 3415 3744 autem
3444 3699 3562 3739 ma-

1971 3789 2076 3847 gna
2107 3774 2459 3831 irreverentia
2486 3771 2691 3829 directe
2720 3770 3002 3829 intendere
3030 3780 3411 3845 contemptum
3442 3772 3556 3845 Dei,

1973 3881 2072 3921 seu
2119 3877 2477 3938 quocumque
2509 3864 2660 3936 signo
2702 3863 2987 3920 ostendere
3028 3864 3301 3938 indignam
3339 3865 3407 3922 de
3444 3867 3555 3922 Deo

1973 3956 2425 4013 aestimationem.
2470 3953 2621 4011 Unde
2670 3953 2804 4012 licet
2839 3954 2962 4010 talis
3003 3955 3369 4027 transgressio
3409 3955 3557 4018 inse

1973 4045 2104 4120 quid
2145 4048 2429 4103 minimum
2472 4044 2755 4118 videatur3
2800 4047 2911 4101 imo
2952 4045 3083 4102 licet
3120 4061 3217 4116 per
3258 4061 3317 4101 se
3354 4062 3460 4102 non
3487 4047 3561 4102 sit

1973 4135 2169 4208 culpa,
2201 4135 2296 4192 sed
2324 4134 2531 4191 consilii
2572 4134 2817 4208 omissib3
2862 4134 3208 4192 nibilominus
3248 4135 3299 4191 in
3338 4137 3549 4217 ratione

1975 4227 2113 4299 signi
2142 4227 2393 4298 imperati
2424 4226 2492 4285 ab
2521 4227 2732 4284 interno
2760 4231 3109 4298 contemptu,
3143 4226 3305 4284 habet
3331 4242 3555 4299 gravem

1974 4317 2449 4374 inordinationem.
2482 4319 2636 4376 Sicut
2662 4320 2911 4374 omittere
2938 4317 3245 4390 consilium,
3279 4317 3429 4390 quod
3454 4320 3561 4375 sci-

1976 4423 2101 4466 mus
2130 4423 2228 4480 per
2256 4423 2313 4464 se
2344 4410 2514 4482 magis
2544 4408 2765 4480 placere
2798 4409 2908 4464 Deo
2935 4450 2950 4483 ,
2987 4422 3051 4463 ex
3091 4408 3306 4465 obiecto
3336 4425 3443 4465 non
3472 4414 3562 4465 est

1975 4505 2299 4572 peccatum3
2330 4505 2508 4556 tamen
2539 4500 2585 4555 si
2614 4500 2735 4572 quis
2764 4497 2893 4555 illud
2924 4500 3201 4556 omitteret
3220 4515 3285 4556 ex
3313 4499 3418 4557 hac
3446 4500 3561 4557 sor·

1976 4588 2103 4645 mali
2132 4590 2428 4646 intentione
2464 4588 2789 4660 deliberata,
2819 4603 2885 4644 ne
2925 4587 3087 4644 saciat
3125 4589 3227 4645 hoc
3256 4589 3564 4660 beneplaci-

1981 4685 2099 4736 tum
2127 4680 2272 4750 Deo,
2304 4679 2459 4750 plane
2488 4685 2635 4735 esset
2662 4693 2825 4750 grave
2852 4686 3141 4750 peccatum
3159 4721 3173 4748 ,
3204 4681 3331 4752 quia
3356 4679 3564 4737 indicat

1978 4769 2255 4843 quoddam
2286 4771 2379 4826 Dei
2408 4769 2615 4842 odium,
2647 4767 2795 4841 quod
2821 4783 2887 4824 ex
2912 4767 3126 4825 levitate
3148 4771 3401 4826 materiae
3423 4786 3563 4826 nun-

1979 4874 2144 4932 quam
2176 4865 2498 4930 potestesse
2520 4858 2723 4915 veniale
2744 4863 3058 4929 peccatum.
3081 4859 3153 4914 Et
3168 4859 3408 4915 similiter
3430 4875 3561 4916 con-

1980 4954 2219 5006 temnere
2256 4956 2615 5021 praeceptum
2650 4947 2931 5005 minimum
2953 4990 2968 5021 ,
3004 4948 3087 5004 vel
3125 4948 3444 5022 consilium,
3474 4965 3563 5006 so-

1978 5038 2090 5096 lum
2121 5038 2251 5114 quia
2292 5055 2321 5095 a
2360 5043 2473 5097 Deo
2500 5037 2689 5096 datum
2716 5045 2830 5113 est,
2859 5047 3007 5097 etex
3034 5039 3125 5096 illo
3154 5046 3474 5114 contemptu
3500 5040 3561 5096 il-

1978 5129 2074 5188 lud
2123 5133 2403 5203 omittere,
2446 5131 2767 5205 gravissima
2808 5130 3129 5188 inordinatio
3176 5131 3409 5188 affectus
3448 5139 3589 5204 est,

1977 5223 2191 5282 etiamsi
2231 5223 2460 5282 materia
2498 5220 2739 5298 consilii,
2782 5221 2865 5280 vel
2904 5222 3185 5296 praecepti
3224 5222 3443 5280 minima
3469 5223 3556 5282 sit.
