4325 6267
859 323 982 390 262

781 483 1014 540 operans
1039 467 1314 540 ostendat,
1335 483 1394 523 se
1413 480 1514 540 pro
1535 463 1702 522 nihilo
1725 461 1877 522 illum
1899 461 2201 521 aestimare.
2216 462 2367 530 Quae

776 559 957 616 omnia
993 573 1102 616 non
1143 557 1297 616 aliter
1334 557 1659 631 probantur,
1691 571 1854 630 quam
1895 571 1962 612 ex
2001 554 2174 628 ipsius
2215 553 2366 611 vocis

776 651 1140 722 proprietate,
1175 655 1230 706 et
1256 649 1534 706 communi
1564 664 1762 714 sensu,
1793 656 1848 703 et
1874 648 2265 718 conceptione,
2300 660 2365 700 ac

774 741 1216 811 interpretatione
1239 739 1559 812 doctorum,
1583 736 1899 812 praesertim
1921 734 2366 794 Altisiodorensis

775 835 830 886 et
857 829 1090 886 Caietani
1117 845 1305 902 supra.

850 918 1090 978 Ulterius
1114 927 1296 977 autem
1322 918 1569 992 adverto,
1592 923 1973 990 contemptum
1994 934 2156 991 posse
2180 917 2366 975 referri

773 1011 860 1068 vel
901 1009 969 1075 ad
1011 1027 1322 1084 personam,
1351 1010 1404 1067 id
1445 1016 1530 1067 est
1569 1008 1636 1066 ad
1664 1013 1863 1079 Deum,
1897 1015 1993 1066 aut
2031 1008 2362 1081 proximum,

773 1099 865 1160 vel
888 1101 956 1158 ad
985 1116 1074 1158 res
1103 1100 1257 1174 alias,
1291 1109 1352 1158 ut
1379 1101 1624 1174 divitias,
1659 1101 1922 1172 honoras,
1955 1101 2221 1172 actiones,
2252 1106 2364 1155 ete.

776 1193 832 1248 Si
860 1198 1112 1249 sumatur
1141 1191 1247 1247 hoc
1277 1191 1564 1263 posteriori
1593 1190 1898 1263 modo,non
1925 1191 2146 1248 videtur
2168 1188 2367 1246 habere

777 1287 989 1338 certam
1018 1281 1256 1353 speciem
1292 1281 1425 1337 vitii.
1467 1279 1612 1350 Imo,
1645 1287 1708 1338 ut
1733 1280 1866 1346 dixi,
1897 1280 1948 1336 si
1971 1279 2205 1337 debitam
2244 1295 2369 1352 pro-

697 1410 704 1428 .
776 1371 1086 1442 portionem
1117 1377 1299 1426 servet
1328 1370 1394 1428 ad
1424 1386 1562 1439 rem,
1595 1385 1736 1444 quae
1764 1371 2152 1439 contemnitur,
2186 1375 2372 1442 potest

776 1477 898 1519 esse
926 1468 1088 1519 actus
1119 1460 1407 1518 laudabilis
1433 1460 1597 1518 modo
1624 1460 1927 1532 explicato:
1953 1461 1998 1516 si
2030 1476 2157 1517 vero
2186 1461 2259 1517 sit
2286 1458 2368 1517 ui-

774 1557 863 1609 tra
890 1553 1296 1625 proportionem
1324 1550 1558 1610 debitam
1593 1550 1684 1608 tali
1711 1552 1990 1620 materiae,
2023 1550 2105 1607 vel
2135 1551 2367 1608 obiectio

775 1643 1063 1716 pertinebit
1092 1641 1158 1698 ad
1187 1643 1378 1700 vitium
1403 1642 1744 1698 contrarium
1771 1640 1844 1697 illi
1875 1641 2085 1713 virtuti,
2117 1655 2260 1712 quae
2289 1641 2368 1696 in-

775 1734 948 1791 clinat
977 1733 1044 1789 ad
1073 1732 1402 1789 servandum
1432 1731 1699 1803 medium,
1731 1737 1786 1788 et
1819 1729 2213 1788 moderandum
2244 1731 2370 1788 aire-

777 1829 932 1882 ctum
959 1826 1112 1880 circa
1142 1823 1302 1882 talem
1330 1825 1631 1878 materiam.
1657 1823 1727 1878 Ut
1747 1838 1800 1876 v.
1816 1837 1870 1894 g.
1899 1821 2098 1876 nimius
2120 1827 2366 1877 contem-

774 1921 905 1988 ptus
941 1914 1163 1971 honoris
1193 1913 1278 1970 vel
1305 1913 1478 1969 famae
1505 1919 1685 1984 potest
1711 1927 1832 1967 esse
1863 1911 2123 1983 vitiosus,
2154 1918 2210 1967 et
2236 1927 2369 1968 con-

781 2013 870 2064 tra
899 2004 1063 2062 illud:
1100 2007 1332 2063 Curam
1370 2003 1521 2061 habe
1560 2001 1630 2060 de
1672 2003 1819 2058 bono
1857 2004 2129 2070 nomine,·
2157 2001 2373 2058 habebit

783 2111 918 2168 ergo
948 2095 1034 2152 ille
1066 2101 1416 2166 contemptus
1444 2092 1703 2150 malitiam
1732 2093 2062 2149 contrariam
2090 2094 2373 2165 magnani-

777 2184 980 2258 mitati,
1013 2184 1098 2241 vel
1127 2184 1445 2256 humilitati,
1477 2199 1617 2256 quae
1658 2185 2007 2239 constituunt
2047 2181 2283 2239 medium
2318 2182 2371 2238 in

779 2276 976 2333 affectu
1001 2274 1244 2332 honoris.
1275 2276 1364 2333 Sic
1394 2275 1556 2332 etiam
1585 2279 1938 2340 contemnere
1963 2273 2088 2346 plus
2116 2273 2263 2330 iusto
2291 2271 2371 2330 di-

779 2365 936 2422 vitias
963 2368 1300 2423 necessarias
1337 2366 1476 2422 vitae
1515 2364 1782 2421 humanae
1808 2379 1925 2420 esse
1953 2365 2151 2436 poterit
2178 2370 2372 2421 contra

778 2454 1188 2528 liberalitatem,
1217 2462 1274 2512 et
1299 2455 1351 2511 in
1380 2453 1814 2528 prodigalitatem
1851 2453 2124 2511 declinare
2151 2496 2167 2527 ,
2200 2460 2256 2511 et
2292 2455 2369 2512 sic

778 2543 845 2600 de
873 2544 1007 2601 aliis.
1039 2545 1137 2602 Hic
1166 2551 1348 2602 autem
1375 2544 1572 2601 modus
1598 2550 1958 2616 contemptus
1997 2561 2104 2601 non
2131 2552 2220 2601 est
2244 2561 2372 2618 pro·

779 2637 915 2708 prie,
931 2635 1024 2708 qui
1037 2635 1102 2692 ad
1127 2651 1240 2691 rem
1265 2640 1604 2706 praesentem
1629 2640 1863 2707 spectat,
1881 2635 2144 2692 utstatim
2166 2634 2365 2692 dicam.

778 2729 1138 2798 Contemptus
1167 2732 1350 2782 autem
1375 2740 1639 2799 personae
1669 2723 1890 2782 videtur
1919 2725 2048 2781 mihi
2071 2723 2369 2783 formaliter

778 2822 835 2874 et
859 2817 1076 2889 proprie
1105 2816 1373 2887 pertinere
1411 2815 1480 2872 ad
1506 2815 1822 2871 iniustitiam
1859 2829 1988 2870 cum
2019 2815 2370 2886 proportione

779 2914 1075 2978 sumptam.
1108 2905 1264 2974 Quod
1289 2904 1410 2962 ideo
1434 2903 1600 2978 addo,
1623 2905 1750 2978 quia
1771 2911 2122 2976 contemptus
2143 2904 2236 2962 Dei
2268 2905 2372 2962 erit

777 2997 1078 3054 formaliter
1109 3005 1301 3054 contra
1329 2996 1672 3069 religionem,
1707 3011 1832 3066 nam
1861 2994 1950 3052 illa
1969 3001 2055 3051 est
2075 2996 2279 3052 iustitia
2301 2993 2371 3051 ad

778 3091 983 3161 Deum,
1011 3088 1185 3162 qualis
1213 3090 1270 3144 in
1298 3087 1455 3146 nobis
1481 3103 1602 3144 esse
1631 3091 1843 3159 potest:
1879 3087 1925 3141 si
1955 3101 2085 3143 vero
2125 3087 2197 3143 sit
2236 3101 2365 3143 con-

782 3185 1020 3250 temptus
1049 3180 1320 3250 parentis,
1349 3180 1456 3235 erit
1481 3183 1677 3234 contra
1712 3177 2000 3250 pietatem3
2031 3179 2077 3232 si
2119 3176 2363 3249 praelati,

780 3276 976 3325 contra
1015 3269 1416 3325 observantiam
1449 3273 1506 3324 et
1529 3267 1888 3324 reverentiam
1925 3266 1999 3323 illi
2027 3267 2295 3340 debitam,
2326 3265 2371 3323 si

779 3366 972 3415 contra
998 3357 1133 3415 alios
1161 3359 1466 3431 proximos,
1484 3362 2054 3422 contra‚communem
2079 3359 2365 3429 iustitiam,

781 3455 838 3505 et
863 3448 968 3504 hoc
996 3448 1255 3506 ultimum
1301 3447 1493 3507 docuit
1517 3450 1686 3506 Caiet.
1719 3463 1916 3520 supra3
1947 3463 2013 3504 ex
2053 3448 2142 3504 illo
2185 3457 2367 3506 autem

783 3545 1095 3612 sequuntur
1144 3548 1328 3606 cetera
1377 3554 1510 3595 cum
1564 3538 1933 3611 proportione.
1975 3539 2044 3594 Et
2083 3539 2219 3596 ratio
2258 3549 2364 3612 est,

781 3631 908 3705 quia
937 3645 1034 3702 per
1064 3630 1226 3686 talem
1256 3635 1632 3702 contemptum
1671 3629 1852 3702 agitur
1895 3634 2092 3685 contra
2119 3629 2206 3685 ius
2233 3629 2367 3686 alte-

778 3721 924 3792 rius,
955 3729 1013 3778 et
1038 3727 1307 3794 quantum
1333 3727 1422 3778 est
1445 3736 1510 3777 ex
1551 3725 1705 3790 parte
1743 3718 2174 3793 contemnentia,
2207 3720 2367 3776 infer-

780 3817 868 3868 tur
893 3810 970 3867 illi
1000 3811 1224 3884 iniuria,
1269 3809 1352 3866 vel
1377 3810 1539 3867 etiam
1579 3815 1990 3866 nocumentum.
2024 3810 2156 3876 Quia
2194 3827 2367 3868 unus·

778 3903 1012 3974 quisque
1043 3900 1205 3956 habet
1229 3901 1354 3973 ius,
1388 3906 1450 3956 ut
1473 3900 1526 3956 in
1557 3898 1925 3956 aestimatione
1962 3897 2143 3955 debita
2172 3898 2366 3957 habea-

779 3997 902 4064 tur,
935 3997 1001 4048 ut
1037 3992 1424 4048 convenienter
1464 3990 1531 4047 ad
1573 3989 1718 4046 illam
1761 3995 2060 4062 tractetur,
2090 4005 2219 4046 nam
2260 3990 2365 4048 hoc

777 4081 845 4139 ad
873 4081 1136 4138 honorem
1164 4081 1246 4138 vel
1273 4079 1488 4138 cultum
1518 4079 1810 4154 unicuique
1839 4079 2080 4136 debitum
2106 4096 2366 4136 necessa·

776 4172 924 4228 rium
958 4177 1074 4243 est,
1114 4178 1171 4227 et
1203 4171 1344 4227 inter
1382 4169 1620 4226 homines
1659 4168 1856 4227 habere
1892 4176 2073 4244 potest
2111 4186 2363 4244 magnam

779 4261 1084 4332 utilitatem3
1109 4260 1342 4334 ideoque
1363 4259 1680 4318 huiusmodi
1703 4267 2048 4334 contemptus
2069 4277 2179 4318 non
2200 4277 2367 4334 parva

779 4351 970 4408 iniuria
999 4357 1319 4424 reputatur,
1353 4365 1417 4408 ac
1446 4349 1676 4408 subinde
1701 4360 1995 4425 peccatum
2019 4351 2255 4410 mortale
2280 4360 2367 4410 est

777 4457 846 4499 ex
873 4456 1070 4514 genere
1099 4457 1222 4499 suo.

855 4536 910 4590 9.
941 4533 1042 4589 Est
1065 4537 1246 4589 tamen
1274 4531 1810 4590 animadvertendum
1839 4533 2022 4606 tertio,
2052 4532 2366 4592 huiusmodi

778 4627 1155 4694 contemptum
1183 4621 1472 4693 dupliciter
1501 4623 1766 4681 committi
1795 4639 1976 4698 posse,
2007 4625 2225 4682 scilicet
2252 4640 2365 4681 ma-

781 4711 1058 4785 terialiter,
1089 4711 1171 4770 vel
1201 4711 1528 4784 formaliter3
1562 4729 1694 4770 cum
1721 4713 1862 4770 enim
1889 4714 1956 4771 de
1983 4714 2128 4771 facto
2156 4712 2365 4788 aliquid

778 4801 867 4873 fit,
897 4817 1011 4874 quo
1053 4802 1232 4877 aliqua
1269 4818 1501 4874 persona
1537 4801 1654 4860 aliis
1691 4806 2074 4878 postponitur,
2104 4805 2230 4863 licet
2260 4807 2363 4864 hoc

780 4891 982 4950 directe
1011 4909 1120 4951 non
1146 4892 1474 4966 intendatur,
1505 4895 1858 4952 materialiter
1887 4898 2287 4970 contemnitur,
2318 4897 2363 4955 si

781 4997 910 5040 vero
933 4982 985 5040 id
1008 4986 1168 5041 etiam
1197 4984 1526 5054 intendatur,
1543 4996 1674 5043 tunc
1697 4993 1784 5044 est
1799 4992 2149 5059 contemptus
2170 4987 2367 5044 forma-

783 5073 870 5131 lis.
883 5074 1058 5132 Priori
1075 5075 1238 5133 modo
1251 5077 1612 5134 committitur
1627 5084 1977 5150 contemptus
1991 5076 2185 5134 contra
2195 5079 2367 5135 Deum

782 5180 880 5236 per
919 5165 1099 5222 omnia
1138 5173 1368 5239 peccata
1407 5167 1652 5227 mortalia
1675 5212 1690 5240 ,
1722 5175 1782 5224 ut
1808 5171 2018 5226 notavit
2044 5169 2100 5224 d.
2131 5169 2365 5227 Thomas

781 5254 837 5312 iu
864 5259 930 5327 4,
960 5255 1086 5314 dist.
1120 5261 1176 5332 9,
1207 5263 1314 5316 art.
1345 5261 1376 5316 3
1397 5297 1416 5332 ,
1440 5259 1782 5334 quaestiunc.
1809 5263 1874 5334 33
1901 5264 1960 5317 et
1985 5258 2178 5318 eodem
2206 5257 2362 5319 modo

2242 333 2446 384 mmm
2472 333 2578 384 111.

2434 461 2797 536 transgressio
2845 457 3068 517 humani
3120 459 3393 533 praecepti
3447 455 3753 516 voluntaria
3776 499 3791 528 ,
3840 460 4039 516 etiam-

2436 553 2479 608 si
2498 569 2565 610 ex
2584 552 2830 626 passione
2852 551 2965 620 fiat,
2988 551 3131 608 solet
3150 549 3425 608 interdum
3450 551 3631 606 vocari
3652 556 4031 622 contemptus,

2436 650 2498 702 ut
2524 643 2765 716 loquitur
2792 643 3019 717 Gregor.
3051 644 3106 698 in
3135 658 3262 714 cap.
3296 645 3654 708 Honoratus,
3694 644 3783 700 74.
3814 641 3943 699 dist.
3958 643 4037 699 Et

2434 735 2666 791 fortasse
2685 732 2789 790 hoc
2813 749 2979 790 sensu
2999 731 3131 790 dixit
3152 735 3386 806 August.
3419 737 3505 791 14.
3528 729 3601 788 de
3622 734 3877 798 civitam
3897 748 4030 805 cap.

2434 823 2535 882 ult.
2556 839 2796 880 amorem
2825 823 2908 880 sui
2936 839 3111 896 usque
3132 821 3201 879 ad
3220 827 3599 894 contemptum
3620 823 3717 878 Dei
3752 822 4038 880 aedificare
4145 838 4162 855 ²

2434 913 3036 991 civitatemBabylonis3
3064 914 3142 970 sic
3167 914 3331 970 etiam
3354 912 3445 970 lib.
3468 911 3542 970 de
3562 918 3765 970 natur.
3790 917 3847 969 et
3864 917 4031 986 gyrat.

2434 1021 2558 1077 cap.
2584 1009 2677 1063 29.
2710 1006 2877 1062 refert
2905 1004 3045 1061 idem
3066 1007 3207 1077 Aug.
3239 1019 3306 1061 ex
3336 1003 3573 1077 quadam
3602 1003 3901 1062 obiectione
3930 1006 4039 1060 Pe-

2436 1095 2803 1168 lagianorum,
2836 1095 3158 1152 sententiam
3186 1095 3481 1166 dicentem,
3512 1110 3681 1152 omne
3709 1099 4037 1170 peccatum

2434 1201 2559 1243 esse
2587 1189 2983 1261 contemptum
3004 1188 3138 1252 Dei,·
3163 1200 3327 1258 quam
3348 1185 3461 1257 ipse
3484 1199 3593 1240 non
3621 1184 3900 1258 reprobat,
3932 1185 4037 1243 sed

2436 1275 2708 1348 declarat,
2741 1291 2847 1332 non
2891 1290 3049 1332 omne
3086 1281 3379 1347 peccatum
3411 1289 3535 1332 esse
3573 1273 3887 1348 formalem,
3928 1291 4035 1332 seu

2435 1368 2714 1440 propriam
2742 1367 3079 1438 superbiam,
3106 1371 3202 1423 aut
3223 1371 3597 1438 contemptum
3621 1367 4039 1439 superbiamu-

2436 1473 2545 1532 que
2575 1459 2628 1514 in
2660 1457 2855 1514 eodem
2884 1473 3051 1514 sensu
3077 1455 3293 1513 videtur
3314 1454 3513 1514 dixisse
3532 1455 3727 1514 lsidor.
3752 1455 3851 1514 lib.
3876 1462 3934 1516 2.
3958 1456 4038 1516 dc

2439 1545 2795 1621 differentiis
2821 1549 3017 1621 spirit.
3054 1548 3231 1619 capite
3258 1545 3475 1616 ultimo,
3507 1563 3698 1604 unum
3724 1563 3909 1620 yemis
3935 1565 4037 1604 su-

2428 1638 2673 1712 perbiae
2699 1652 2821 1694 esse
2846 1653 3068 1705 eorum,
3090 1640 3192 1711 qui
3212 1652 3324 1712 per
3352 1640 3879 1711 transqressionem
3900 1639 4035 1695 cul·

2428 1743 2549 1802 pae
2587 1729 2947 1802 contemptui
2982 1726 3201 1784 habent
3225 1725 3435 1784 divina
3464 1731 3816 1802 praecepta.
3848 1727 4030 1786 Idem-

2437 1833 2545 1892 que
2573 1817 2735 1874 habet
2764 1817 2927 1874 latius
2962 1817 3101 1875 libro
3132 1823 3187 1876 2.
3221 1823 3451 1876 sentent.
3494 1833 3621 1889 cap.
3654 1822 3747 1877 38.
3785 1821 4037 1890 Denique

2436 1907 2543 1964 hoc
2583 1907 2745 1965 modo
2784 1915 3219 1982 transgressores
3258 1914 3679 1981 praeceptorum
3715 1909 4033 1973 divinorum

2438 1997 2697 2056 dicuntur
2722 2005 3130 2072 contemptores
3160 1999 3209 2055 in
3234 2015 3395 2056 sacra
3416 2000 3726 2071 Scriptura,
3750 2000 4029 2072 Levit.26‚

2435 2096 2493 2146 et
2519 2104 2678 2161 saepe
2708 2088 2857 2146 alias.
2889 2091 2978 2148 Sic
3006 2089 3168 2147 etiam
3195 2095 3387 2146 contra
3415 2089 3725 2161 proximum
3762 2097 4037 2162 peccatur

2438 2179 2543 2236 hoc
2574 2179 2735 2237 modo
2764 2195 2861 2252 per
2888 2181 3069 2243 omnia
3096 2186 3343 2252 peccata,
3368 2194 3509 2253 quae
3534 2178 3850 2238 diminuunt
3870 2183 4037 2238 aesti-

2438 2272 2728 2330 mationem
2755 2274 2894 2343 eius,
2924 2271 3136 2328 etiamsi
3164 2269 3218 2327 id
3240 2287 3345 2326 non
3368 2269 3706 2333 intendatur,
3734 2277 3797 2328 ut
3818 2287 3919 2343 per
3938 2270 4039 2328 de·

2438 2363 2783 2432 tractionem,
2817 2377 3228 2436 quamcumque
3254 2361 3747 2434 inhonorationem,
3776 2367 3886 2418 etc.

2522 2456 2608 2510 10.
2659 2453 2979 2510 Formaliter
3032 2457 3215 2508 autem
3266 2451 3628 2508 committitur
3680 2451 3786 2508 hoc
3838 2453 4037 2510 vitium

2437 2541 2656 2616 quaudo
2682 2558 2747 2600 ex
2778 2542 2989 2614 directa
3014 2543 3311 2600 intentione
3346 2541 3413 2600 ad
3456 2543 3561 2599 hoc
3600 2541 3807 2616 aliquid
3846 2543 3939 2608 fit,
3970 2549 4040 2601 ut

2438 2633 2577 2692 alter
2604 2632 2962 2707 despiciatur,
2987 2640 3085 2690 aut
3111 2633 3317 2706 despici
3346 2632 3627 2705 credatur,
3654 2649 3753 2689 seu
3778 2634 4035 2692 ostenda·-

2438 2729 2553 2795 tur;
2588 2740 2713 2780 nam
2744 2725 2972 2782 intentio
3002 2731 3109 2794 est,
3141 2739 3280 2796 quae
3308 2723 3405 2780 dat
3440 2725 4035 2796 praecipuamforma-

2435 2814 2644 2872 litatem
2672 2815 2890 2872 actibus
2930 2813 3247 2870 moralibus.
3278 2814 3621 2887 Quapropter
3665 2812 3887 2888 quaudo
3926 2815 4035 2873 hoc

2436 2906 2629 2962 vitium
2669 2906 2931 2962 tribuitur
2972 2905 3259 2977 superbiae
3284 2945 3299 2976 ,
3343 2904 3666 2976 intelligitur
3704 2903 4030 2979 causaliter,

2437 2997 2567 3069 quia
2596 2994 2866 3068 loquendo
2896 2995 3170 3052 moraliter
3194 3010 3259 3050 ac
3282 2993 3624 3067 regulariter,
3651 3001 4027 3068 contemptus,

2438 3088 2757 3158 praesertim
2786 3085 3050 3155 formalis,
3072 3100 3139 3142 ex
3168 3085 3419 3156 superbia
3446 3085 3716 3158 nascitur,
3736 3092 3795 3143 et
3824 3087 3898 3144 ita
3922 3103 4029 3143 nu·

2436 3186 2681 3234 meratur
2716 3176 2785 3232 ab
2822 3175 3031 3232 Isidoro
3068 3175 3213 3232 inter
3246 3175 3381 3231 filias
3417 3165 3732 3248 superbiae,
3764 3183 3830 3233 ut
3862 3177 4035 3236 refert

2436 3265 2746 3324 Altisiodor.
2776 3271 2834 3322 et
2862 3266 3097 3322 sumitur
3122 3279 3190 3321 ex
3220 3265 3309 3321 lib.
3336 3263 3408 3322 de
3428 3263 3690 3339 covtflitct.
3718 3269 4020 3334 vitiorum,

2436 3361 2491 3414 et
2514 3359 2717 3412 virtut.
2747 3371 2870 3426 cap.
2902 3353 2975 3412 de
3003 3354 3300 3429 superbia.
3332 3347 3403 3412 At
3438 3370 3568 3412 vero
3593 3372 3624 3412 e
3651 3371 3921 3414 converso
3948 3357 4033 3416 di-

2435 3447 2584 3504 citur
2627 3444 2917 3520 aliquando
2958 3451 3306 3517 contemptus
3342 3443 3584 3502 formalis
3640 3445 4027 3514 inobedientia,

2434 3539 2561 3611 quia
2588 3537 2723 3594 haec
2752 3539 2999 3594 nascitur
3024 3553 3091 3594 ex
3119 3543 3473 3609 contemptu,
3503 3541 3560 3592 et
3592 3543 3682 3594 est
3717 3540 3880 3611 quasi
3918 3554 4035 3595 me-

2436 3627 2737 3703 dium,quo
2760 3626 3011 3685 subditus
3036 3628 3251 3700 iniquus
3276 3629 3451 3684 utitur
3472 3626 3540 3684 ad
3562 3629 4031 3688 contemnendum

2437 3718 2741 3791 praelatum
2772 3733 2966 3786 suum3
2998 3716 3203 3774 directe
3230 3717 3371 3772 euim
3400 3716 3518 3774 vult
3543 3731 3649 3774 non
3680 3717 3935 3792 obedire,
3966 3727 4035 3778 ut

2436 3825 2535 3882 per
2566 3807 2671 3864 hoc
2702 3806 2973 3879 ostendat,
3004 3806 3151 3864 nihili
3184 3823 3241 3864 se
3268 3809 3553 3864 aestimare
3580 3807 3911 3880 praelatum.
3936 3812 4035 3868 At-

2435 3915 2543 3973 que
2570 3898 2675 3956 hoc
2714 3897 2876 3955 modo
2917 3895 3291 3978 accipiendum
3331 3896 3577 3969 videtur,
3609 3897 3758 3971 quod
3796 3899 4035 3958 Bernar-

2434 3987 2539 4045 dus
2568 4003 2736 4060 supra
2764 3987 2931 4061 dixit,
2978 3985 3129 4044 nolle
3166 3985 3395 4043 obedire
3434 4003 3557 4044 esse
3594 3987 4033 4048 intolerabilem

2434 4077 2861 4152 blasphemiam
2876 4102 2896 4146 ;
2919 4075 2971 4134 id
2990 4077 3132 4134 enim
3150 4077 3376 4134 maxime
3391 4076 3555 4134 habet
3570 4077 3753 4135 locum
3769 4079 3823 4135 in
3840 4080 4031 4138 inobe-

2433 4165 2631 4229 dientia
2662 4167 2897 4238 formali.
2924 4168 3059 4236 Quia
3088 4174 3267 4225 tamen
3292 4183 3453 4225 nemo
3486 4167 3763 4226 intendens
3793 4171 3864 4228 ad
3890 4173 4035 4230 male

2434 4266 2728 4332 operatur,
2769 4264 2824 4315 et
2861 4260 2917 4314 iu
2956 4257 3346 4331 inobedientia,
3385 4264 3450 4315 ut
3486 4259 3597 4330 sic,
3628 4259 3779 4318 nulla
3804 4271 4035 4335 apparet

2434 4354 2570 4407 ratio
2598 4349 2724 4407 boni
2752 4365 2851 4422 per
2876 4365 2937 4407 se
2964 4350 3295 4423 appetibilis,
3327 4365 3539 4422 semper
3564 4349 3653 4407 illa
3680 4350 3927 4410 formalis
3952 4356 4034 4411 in-

2434 4439 2731 4498 obedientia
2758 4441 3003 4497 nascitur
3020 4482 3035 4512 ,
3062 4447 3159 4498 aut
3184 4457 3252 4499 ex
3278 4441 3557 4514 superbia,
3584 4446 3641 4498 et
3666 4445 3912 4516 appetitu
3939 4462 4035 4504 ex-

2434 4530 2855 4603 cellentiaessaut
2881 4545 2946 4586 ex
2968 4529 3345 4616 indignatione,
3374 4537 3432 4588 et
3457 4531 3669 4590 abiecta
3694 4535 4031 4593 aestimatio-

2432 4637 2499 4678 ne
2526 4621 2778 4694 praelati,
2820 4637 2985 4694 quam
3022 4621 3269 4678 subditus
3304 4621 3502 4696 habet,
3544 4629 3601 4680 et
3643 4625 3856 4683 ratione
3884 4627 4035 4685 illius

2432 4718 2787 4785 praeceptum
2813 4711 2930 4768 eius
2958 4712 3275 4780 contemnit,
3298 4718 3354 4769 et
3380 4719 3665 4785 propterea
3686 4711 3891 4773 illinon
3912 4717 4037 4776 vult

2432 4819 2642 4876 parere.
2675 4804 2852 4874 Atque
2880 4802 2952 4860 ita
2980 4803 3111 4858 satis
3136 4802 3465 4875 explicatum
3486 4809 3601 4875 est,
3620 4807 3923 4879 quotuplex
3961 4812 4038 4868 sit

2432 4899 2812 4966 contemptus,
2855 4897 2912 4949 et
2944 4891 3221 4966 quomodo
3262 4908 3329 4950 ex
3367 4890 3459 4950 illo
3499 4891 3633 4967 legis
3663 4901 4035 4971 transgressio

2433 4989 2715 5042 nascatur.

2518 5078 2603 5135 11.
2635 5077 2899 5148 Superest
2925 5079 3102 5132 tamen
3122 5072 3519 5148 explicandum,
3539 5077 3689 5151 quod
3711 5079 3879 5136 tertio
3901 5080 4037 5139 loco

2434 5167 2843 5239 proposuimus,
2876 5182 2943 5224 an
2974 5165 3336 5241 transgressio
3356 5165 3489 5242 legis
3509 5165 3781 5226 humanae
3802 5185 3869 5227 ex
3892 5187 4037 5228 con·

2437 5260 2653 5332 temptu
2680 5272 2897 5331 semper
2922 5263 2979 5314 et
3004 5256 3055 5316 in
3083 5271 3435 5333 quacumque
3463 5259 3687 5318 materia
3707 5259 3931 5320 minima
3960 5264 4043 5322 sit
