4325 6267
780 257 907 326 196

691 416 824 478 ergo
862 417 973 460 non
1001 397 1231 462 intendit
1253 413 1352 478 per
1378 414 1436 460 se
1461 396 1774 460 huiusmodi
1801 397 2153 471 felicitatem,
2182 395 2280 454 sed

691 492 872 552 solum
901 507 1274 565 communem,
1303 498 1474 566 prout
1497 490 1829 565 explicatum
1847 495 1951 547 est.
1979 490 2169 562 Neque
2194 503 2284 544 ar-

693 591 956 656 gumenta
989 583 1238 640 Fortunii
1275 582 1510 655 amplius
1547 582 1803 657 probant,
1834 586 1900 638 ut
1925 578 2086 638 facile
2107 591 2175 638 ex
2202 576 2285 636 di-

691 675 796 732 ctis
823 679 1076 732 constare
1103 679 1303 747 potest.

768 765 970 834 Quarto
991 763 1140 837 dico,
1158 768 1479 837 potestatem
1501 762 1646 820 banc
1667 760 1880 820 civilem
1904 758 2090 837 (ctiam
2114 763 2283 834 prout

577 909 580 912 ,
691 863 779 916 est
819 855 871 914 in
911 853 1248 928 principibus
1294 854 1607 913 christianis
1644 852 1764 912 fidei
1801 851 2130 926 coniuncta)
2172 863 2283 906 non
2324 903 2333 914 ,

689 944 904 1004 extendi
943 946 997 1003 in
1025 946 1252 1004 materia
1289 945 1372 1003 vel
1401 943 1614 1002 actibus
1641 943 1755 1001 suis
1797 941 1864 1000 ad
1899 942 2058 999 finem
2089 953 2281 1013 super-

691 1037 1030 1108 naturalem,
1079 1052 1180 1095 seu
1205 1035 1542 1110 spiritualem
1569 1036 1714 1092 vitae
1754 1033 1974 1091 suturae
2013 1031 2096 1090 vel
2127 1045 2284 1105 prae·

691 1130 890 1200 sentis,
939 1126 1066 1187 licet
1103 1128 1206 1202 ipsi
1247 1126 1586 1201 legislatores
1623 1123 1808 1184 fideles
1835 1125 1891 1182 in
1921 1123 2036 1180 suis
2071 1121 2283 1195 legibus

695 1218 926 1278 ferendis
958 1220 1160 1276 intueri
1180 1219 1414 1291 possint,
1435 1223 1574 1275 etex
1593 1221 1745 1290 parte
1765 1213 2000 1272 debeant
2021 1227 2285 1286 superna-

693 1310 924 1369 turalem
961 1310 1121 1366 finem
1159 1314 1214 1366 et
1251 1313 1435 1366 actum
1466 1308 1648 1380 ipsum
1674 1303 1880 1363 ferendi
1906 1304 2080 1378 legem
2106 1303 2162 1359 in
2190 1318 2287 1359 su-

690 1397 1099 1473 pernaturalem
1137 1399 1295 1456 tinem
1329 1396 1553 1456 referre.
1596 1395 1842 1468 Utraque
1869 1409 1997 1467 pars
2026 1391 2281 1450 assertio·

693 1489 777 1547 nis
806 1489 1088 1547 manifesta
1116 1487 1353 1548 videtur.
1385 1489 1568 1545 Prima
1592 1485 1846 1561 quidem,
1878 1485 2016 1559 quia
2037 1489 2283 1556 potestas

694 1580 866 1652 haec,
914 1585 978 1637 ut
1016 1594 1162 1636 nunc
1203 1585 1287 1636 est
1327 1578 1378 1636 in
1406 1577 1740 1651 principibus
1769 1575 2110 1649 christiania,
2140 1577 2195 1632 in
2226 1591 2286 1634 se

691 1687 803 1730 non
841 1677 925 1730 est
951 1671 1119 1728 maior
1140 1713 1154 1742 ,
1184 1685 1287 1728 nec
1315 1668 1538 1728 alterius
1564 1675 1814 1740 naturae,
1846 1681 2012 1741 quam
2039 1665 2205 1724 suerit
2232 1665 2285 1723 iu

694 1763 1029 1837 principibus
1067 1762 1334 1835 ethnicis3
1365 1771 1500 1836 ergo
1525 1775 1592 1818 ex
1619 1776 1678 1817 se
1706 1775 1816 1816 non
1844 1757 2004 1816 habet
2032 1756 2201 1814 alium
2224 1756 2286 1814 fi-

696 1869 848 1926 nem,
866 1868 968 1911 nec
991 1851 1146 1910 aliam
1171 1853 1475 1910 materiam.
1500 1851 1652 1910 Sicut
1667 1850 1840 1908 virtus
1863 1847 2130 1922 acquisita
2149 1855 2287 1905 tem·

693 1945 970 2019 perantiae
1012 1945 1068 2000 in
1103 1942 1244 2002 fideli
1274 1949 1332 2001 et
1357 1941 1585 2016 infideli,
1617 1941 1666 1998 in
1697 1942 1839 1998 iusto
1867 1945 1923 1997 et
1949 1939 2146 1996 iniusto
2177 1953 2285 1996 non

695 2042 784 2094 est
823 2033 1051 2094 alterius
1077 2041 1341 2106 naturae,
1371 2049 1472 2092 nec
1502 2021 1662 2092 actus
1690 2047 1822 2090 suos
1851 2029 2072 2089 efficere
2099 2035 2288 2103 potest

698 2125 847 2185 circa
879 2125 1040 2182 aliam
1075 2126 1388 2198 materiam,
1419 2122 1503 2181 vel
1529 2129 1752 2197 propter
1783 2121 1948 2179 alium
1977 2121 2285 2194 proximum

698 2217 891 2291 finem,
933 2231 1033 2274 seu
1069 2217 1368 2286 motivum,
1407 2221 1504 2272 aut
1540 2213 1886 2270 intrinsecam
1915 2211 2281 2268 honestatem.

695 2307 938 2382 Denique
969 2307 1091 2365 iura
1117 2306 1382 2363 canonica
1399 2319 1567 2378 supra
1585 2302 1838 2377 allegata,
1860 2315 2001 2375 quae
2027 2301 2169 2358 hanc
2191 2317 2289 2374 po·

696 2403 952 2456 testatem
981 2403 1185 2455 vocant
1223 2404 1516 2465 terrenam,
1549 2392 1933 2467 temporalem,
1958 2391 2025 2450 ad
2052 2407 2289 2465 corpora

703 2489 1080 2561 pertinentem,
1118 2493 1174 2545 et
1199 2487 1386 2544 similia
1404 2527 1419 2558 ,
1452 2486 1752 2560 loquuntur
1778 2482 1846 2541 de
1873 2482 1961 2541 illa
1981 2525 1996 2556 ‚
2025 2489 2093 2540 ut
2117 2490 2206 2540 est
2230 2484 2285 2540 in

700 2577 1028 2650 imperatore
1058 2584 1111 2634 et
1129 2577 1345 2651 regibus
1365 2574 1691 2648 christianis3
1705 2581 1763 2633 et
1779 2573 1903 2632 inde
1923 2573 2287 2649 concludunt,

706 2683 816 2726 non
853 2683 1018 2741 posse
1055 2667 1342 2740 disponere
1368 2668 1422 2725 in
1449 2665 1818 2740 spiritualibus
1837 2707 1853 2738 ,
1878 2679 2054 2740 neque
2083 2666 2155 2724 de
2180 2666 2289 2738 his,

707 2773 849 2832 quae
885 2773 985 2831 per
1013 2773 1072 2816 se
1098 2765 1346 2833 spectant
1373 2758 1439 2816 ad
1468 2759 1701 2816 salutem
1727 2756 2030 2815 animarum
2059 2755 2144 2814 vel
2171 2757 2291 2815 cul-

705 2853 822 2906 tum
852 2849 1158 2922 religionis3
1189 2864 1320 2923 ergo
1348 2849 1508 2907 etiam
1537 2864 1685 2908 nunc
1716 2847 2012 2906 saecularis
2043 2853 2291 2920 potestas

709 2938 900 3000 talium
926 2940 1232 3013 principum
1257 2939 1462 2998 eisdem
1491 2939 1733 2998 terminis
1759 2937 2132 2998 concluditur.

782 3029 973 3087 Dices:
1005 3045 1153 3088 nunc
1191 3037 1422 3103 possunt
1455 3030 1727 3104 principes
1765 3029 2076 3088 saeculares
2107 3029 2295 3088 haere·-

704 3117 845 3177 ticos
874 3120 1091 3193 punire,
1121 3129 1178 3179 et
1203 3120 1308 3178 alia
1334 3121 1458 3178 vitia
1478 3121 1754 3178 contraria
1775 3120 2022 3193 religioni
2043 3119 2293 3178 christia·

703 3227 836 3279 nae,
876 3220 942 3270 ut
980 3213 1106 3270 talis
1147 3219 1260 3285 est,
1302 3211 1620 3285 prohibere,
1661 3217 1728 3270 ut
1760 3217 1846 3269 est
1878 3209 2212 3284 blasphemia
2238 3212 2295 3268 in

701 3303 1006 3378 Christum,
1037 3303 1390 3364 circumcisio
1419 3303 1784 3376 Iudaeorum,
1815 3309 1871 3359 et
1897 3301 2119 3376 similia,
2149 3317 2293 3375 quae

703 3411 814 3452 non
831 3396 1228 3467 pertinuissent
1246 3393 1315 3453 ad
1335 3394 1546 3452 civilem
1565 3397 1908 3467 potestatem,
1927 3391 2146 3450 seclusa
2168 3391 2289 3450 tide.

703 3485 1024 3558 Respondeo
1063 3487 1117 3542 in
1158 3485 1384 3559 primis,
1423 3484 1602 3559 aliqua
1630 3500 1699 3542 ex
1726 3469 1806 3540 his
1835 3498 1944 3541 uon
1972 3489 2084 3540 tam
2113 3499 2210 3555 per
2237 3497 2297 3540 se

705 3575 978 3647 pertinere
1018 3575 1086 3633 ad
1125 3574 1460 3633 saecularem
1503 3577 1847 3648 potestatem,
1877 3589 2041 3648 quam
2069 3589 2135 3630 ex
2163 3589 2294 3631 con·

703 3665 948 3723 cessione
983 3663 1384 3724 ecclesiasticae
1413 3665 1701 3738 potestatis
1719 3705 1736 3738 ,
1765 3669 1821 3720 et
1846 3665 2004 3737 qtiasi
2032 3677 2130 3735 per
2157 3665 2296 3722 taci-

701 3758 818 3812 tam
847 3755 931 3814 vel
953 3770 1264 3829 expressam
1283 3755 1681 3813 invocationem
1701 3755 1822 3812 eius
1843 3752 2171 3827 postulantis
2199 3769 2295 3812 au·

704 3845 897 3903 xilinm
927 3844 1128 3904 brachii
1157 3843 1473 3903 saecularis.
1507 3845 1576 3902 Et
1600 3845 1672 3902 ita
1698 3843 1840 3901 infra
1867 3844 2146 3917 dicemus,
2178 3846 2296 3901 uni·

705 3951 892 3994 versas
930 3934 1076 4010 leges
1105 3935 1327 4009 civiles,
1358 3950 1500 4009 quae
1527 3935 1678 3993 circa
1703 3937 1960 3993 materias
1989 3933 2295 4008 spirituales

705 4033 1027 4098 versantur,
1057 4027 1141 4084 vel
1168 4042 1275 4085 non
1305 4041 1428 4086 esse
1455 4025 1633 4100 leges,
1664 4023 1748 4083 vel
1774 4025 1973 4084 habere
2003 4026 2106 4084 vim
2135 4043 2293 4085 suam

707 4137 742 4179 a
769 4119 1037 4192 superiori
1077 4125 1368 4193 potestate.
1411 4115 1610 4175 Deinde
1651 4115 1914 4188 dicimus,
1959 4115 2049 4174 illa
2074 4117 2205 4174 vitia
2240 4123 2298 4175 et

703 4215 955 4286 peccata,
991 4225 1132 4284 quae
1159 4208 1422 4266 dicuntur
1450 4207 1598 4266 mixti
1618 4207 1740 4280 ἴοι-ἱ,
1762 4213 1988 4265 eatenus
2009 4208 2210 4279 puniri,
2236 4213 2295 4265 et

703 4302 943 4360 cohiberi
984 4315 1082 4374 per
1107 4299 1254 4373 leges
1280 4298 1503 4371 civiles,
1536 4304 1840 4372 quatenus,
1871 4299 2157 4371 supposito
2187 4297 2291 4356 hoc

706 4399 853 4452 statu
877 4391 1206 4464 reipublicae
1221 4388 1564 4461 christianae,
1578 4388 1724 4446 illam
1745 4389 2156 4462 perturbant,et
2181 4405 2293 4446 ma·

703 4499 814 4557 gna
857 4485 1188 4540 nocumenta
1222 4479 1295 4536 illi
1333 4478 1566 4536 afferunt
1600 4480 1761 4538 etiam
1797 4478 1982 4552 quoad
2009 4494 2168 4536 suam
2199 4493 2295 4550 pa·

705 4587 862 4646 cem,
905 4579 961 4628 et
997 4577 1278 4628 externam
1318 4569 1665 4638 felicitatem,
1704 4583 1769 4626 ac
1799 4569 2287 4640 conservationem,

703 4661 855 4721 hunc
889 4661 1034 4718 enim
1061 4661 1219 4717 finem
1247 4674 1460 4732 semper
1479 4657 1848 4732 intenditipsa
1867 4665 2131 4732 potestas,
2157 4674 2296 4733 qua-

705 4759 868 4812 tenus
901 4751 1022 4808 talis
1051 4761 1162 4825 est,
1193 4750 1324 4808 licet
1351 4756 1510 4807 utens
1535 4748 1624 4806 illa
1651 4750 1820 4822 possit
1843 4748 2140 4822 perfectius
2168 4765 2292 4822 ope-

703 4845 835 4904 rari.
875 4842 948 4902 Et
981 4840 1088 4899 hoc
1127 4840 1288 4906 modo
1327 4841 1436 4898 Leo
1464 4856 1602 4914 papa
1629 4839 1787 4913 epist.
1821 4840 1874 4898 7.
1906 4837 2092 4897 laudat
2119 4838 2292 4898 Theo·

705 4933 944 5009 dosium,
977 4931 1130 5008 quod
1153 4931 1256 4992 tide
1276 4947 1376 4990 sua
1395 4928 1724 5004 praesidium
1747 4929 1967 4992 afferret
1983 4931 2287 5006 Ecclesiae,

2153 267 2361 330 met
2386 269 2491 322 111.

2350 403 2409 456 et
2434 412 2545 456 non
2574 395 2758 458 solum
2785 400 2998 478 regium
3026 400 3288 475 animum,
3318 399 3417 462 sed
3442 401 3607 462 etiam
3627 399 3943 462 sacerdota-

2354 487 2457 546 lem
2498 489 2848 560 ostenderet,
2890 499 2949 551 et
2985 492 3138 568 quod
3177 508 3373 553 curam
3410 493 3633 553 haberet
3660 493 3945 565 avertendi

2353 578 2607 638 haereses
2636 588 2693 640 et
2718 582 3031 643 schismata.
3073 587 3239 662 Quia
3262 590 3421 655 tunc,
3456 586 3655 661 inquit,
3687 590 3774 644 est
3799 586 3951 661 opti-

2349 685 2487 728 mas
2512 675 2681 746 requi
2699 677 2875 732 vestri
2896 678 3107 744 stams,
3146 674 3385 749 quando
3404 679 3795 752 sempiternae
3818 677 3947 736 Pti-

2350 762 2529 819 nitati
2552 764 2736 820 anias
2761 765 3021 825 Deitatis
3046 763 3414 838 consessione
3438 770 3715 826 servitur.

2433 858 2487 912 8.
2518 853 2701 912 Altera
2729 869 2859 914 vero
2885 871 3013 930 pars
3042 857 3257 931 probari
3281 863 3461 931 potest
3477 858 3755 933 aliquibus
3785 875 3949 936 argu-

2352 945 2549 1000 mentis
2585 946 2841 1019 Navarri,
2878 953 2937 1006 et
2971 947 3202 1006 sortasse
3242 949 3356 1022 ipse
3385 949 3513 1008 nihil
3541 949 3687 1008 aliud
3724 951 3953 1012 intendit

2353 1033 2659 1094 secundum
2696 1051 2855 1094 suam
2888 1039 3528 1113 privatam.sententiam;
3561 1041 3831 1100 immerito
3869 1050 3949 1100 ta-

2354 1121 2477 1182 men'
2520 1122 2741 1204 adducit
2778 1125 2847 1184 ad
2886 1126 3030 1186 illam
3068 1126 3492 1188 confirmandam
3520 1117 3667 1204 leg‘es
3702 1131 3943 1206 Codicis,

2354 1216 2581 1288 quaein
2620 1217 2843 1276 materia
2880 1219 3146 1292 spirituali
3173 1227 3493 1294 versantur;
3538 1238 3665 1280 nam
3699 1223 3825 1282 illae
3860 1225 3948 1283 vel

2354 1304 2500 1378 leges
2540 1321 2648 1364 non
2686 1315 2845 1383 sunt,
2888 1324 2989 1366 nec
3028 1309 3181 1369 suere
3222 1327 3493 1386 unquam,
3521 1313 3607 1372 vel
3638 1315 3793 1373 nixae
3818 1315 3947 1374 fue·

2352 1402 2483 1452 runt
2508 1398 2820 1455 auctoritati
2848 1400 3165 1458 Pontificum
3186 1442 3200 1473 ,
3224 1408 3289 1459 ut
3314 1401 3451 1460 libro
3472 1405 3717 1478 sequenti
3737 1421 3793 1463 c.
3818 1407 3933 1464 ΧΠ.

2355 1483 2619 1544 dicemus.
2651 1491 2769 1548 Non
2804 1495 2957 1548 recte
2995 1491 3156 1550 etiam
3182 1491 3251 1549 ad
3279 1491 3428 1551 hunc
3457 1510 3680 1556 sensum
3716 1512 3941 1556 accom-

2356 1577 2555 1636 modat·
2572 1579 2877 1652 opinionem
2906 1583 3175 1655 Fortunii,
3202 1585 3333 1659 quia
3356 1586 3475 1642 sine
3500 1584 3667 1644 dubio
3694 1586 3941 1661 loquitur

2354 1666 2421 1725 de
2448 1667 2659 1743 legibus
2695 1672 2829 1752 ipsis
2866 1685 2933 1728 ac
2974 1674 3338 1746 potestatibus
3362 1717 3377 1748 ,
3403 1684 3463 1734 et
3501 1692 3608 1733 non
3638 1683 3851 1736 tantum
3880 1678 3951 1738 de

2353 1759 2601 1832 personis
2628 1760 3001 1832 operantibus.
3033 1763 3103 1819 Et
3126 1763 3197 1820 ita
3224 1763 3378 1822 illum
3404 1765 3509 1823 late
3538 1766 3823 1841 impugnat
3854 1771 3948 1828 ffl-

2353 1847 2509 1906 chael
2535 1849 2848 1908 Ulcurruno
2875 1857 3038 1908 tract.
3071 1849 3145 1910 de
3172 1856 3394 1930 Reyim.
3430 1871 3591 1912 mun.
3626 1872 3683 1928 p.
3717 1862 3765 1929 t,
3794 1874 3856 1932 q.
3890 1864 3945 1916 5.

2355 1937 2586 2012 princip.
2631 1942 2968 2016 Argumenta
3008 1941 3135 1999 item
3170 1943 3413 2002 eiusdem
3440 1947 3683 2004 Fortunii
3718 1948 3955 2020 probant

2355 2025 2497 2085 hanc
2529 2030 2859 2101 opinionem,
2889 2036 2945 2088 et
2970 2031 3099 2090 nihil
3130 2033 3295 2107 aliud,
3332 2043 3393 2093 ut
3418 2036 3575 2095 facile
3600 2041 3831 2096 intuenti
3858 2056 3955 2112 pa-

2358 2119 2507 2177 tebit.
2539 2121 2779 2195 Denique
2807 2137 2896 2179 res
2924 2123 3041 2196 ipsa
3069 2139 3168 2197 per
3196 2141 3253 2183 se
3276 2132 3407 2183 nota
3426 2133 3541 2200 est3
3566 2144 3691 2186 nam
3713 2129 3851 2188 haec
3874 2131 3955 2188 le-

2356 2209 2571 2284 gislatio
2598 2211 2771 2270 civilis
2802 2212 2867 2270 de
2896 2229 2953 2270 se
2981 2222 3039 2272 et
3066 2231 3169 2273 suo
3197 2231 3395 2291 genere
3422 2219 3565 2276 actio
3596 2218 3822 2279 honesta
3842 2227 3949 2294 est,

2358 2299 2489 2359 licet
2525 2301 2728 2360 ordinis
2765 2304 3063 2378 naturalis,
3090 2313 3148 2365 et
3173 2307 3489 2380 prudentiae
3524 2311 3853 2384 acquisitae,
3884 2327 3953 2370 ac

2359 2390 2555 2448 rationi
2582 2392 2817 2450 naturali
2844 2401 3241 2469 consentanea,
3272 2413 3402 2472 ergo
3428 2405 3515 2456 est
3540 2399 3609 2458 de
3636 2415 3695 2457 se
3718 2408 3845 2475 apta
3866 2415 3951 2458 re·

2364 2479 2491 2538 ferri
2530 2481 2597 2540 ad
2639 2483 2797 2541 finem
2825 2487 3327 2563 supernaturalem3
3356 2504 3492 2564 ergo
3522 2489 3778 2563 princeps
3802 2491 3951 2549 chri·

2360 2574 2569 2630 stianus
2607 2573 2763 2632 facile
2798 2583 2980 2648 potest
3014 2577 3067 2634 in
3100 2593 3228 2635 eum
3264 2579 3425 2638 tinem
3456 2579 3601 2638 illam
3630 2581 3867 2654 referre,
3894 2588 3955 2640 et

2362 2663 2562 2735 optime
2604 2664 2767 2721 saciet
2802 2664 2947 2723 illam
2975 2665 3291 2741 referendo,
3322 2671 3471 2728 iuxta
3498 2669 3634 2729 illud
3660 2672 3949 2745 Augustini

2364 2753 2503 2813 libro
2534 2760 2586 2813 5.
2618 2753 2692 2813 de
2723 2758 2979 2815 Ciuitate
3006 2760 3173 2831 capit.
3208 2764 3301 2820 24.
3342 2760 3440 2820 Ubi
3464 2761 3533 2818 de
3562 2762 3780 2834 regibus
3806 2761 3952 2819 chri-

2363 2843 2550 2902 stianis
2588 2845 2689 2902 ait:
2732 2844 2959 2905 Felices
2986 2863 3082 2906 cos
3109 2848 3384 2918 dicimus,
3420 2853 3473 2908 si
3498 2868 3678 2910 suam
3696 2858 3958 2928 potesta

2363 2937 2483 2992 tem
2520 2934 2606 2992 ad
2643 2938 2757 2994 Dei
2794 2936 3021 2995 cultum
3058 2943 3323 2999 naua-ime
3361 2940 3741 3001 dilatandam
3774 2949 3959 3004 mate·

2363 3029 2508 3085 stati
2529 3025 2979 3099 eiusfamulam
2992 3027 3261 3103 faciunt.
3278 3033 3350 3091 Et
3367 3033 3515 3106 quod
3534 3035 3593 3091 in
3612 3035 3811 3092 concil.
3836 3051 3954 3094 rno-

2364 3117 2599 3191 guntino
2629 3119 2735 3176 sub
2760 3119 2947 3193 Steph.
2980 3136 3033 3178 c.
3066 3127 3124 3181 2.
3156 3122 3222 3181 de
3248 3139 3377 3197 rege
3404 3111 3641 3182 di‘citur:
3666 3125 3955 3184 Memine-

2367 3210 2480 3277 rit‚
2530 3223 2591 3266 se
2618 3225 2771 3284 prae
2808 3209 3077 3268 omnibus
3117 3215 3209 3271 ita
3234 3220 3479 3272 sanctae
3504 3217 3717 3274 matris
3750 3215 3954 3274 Eccle-

2363 3300 2489 3356 siae
2515 3312 2636 3355 esse
2649 3297 2855 3373 filium
2869 3346 2884 3369 ‚
2908 3306 2979 3358 at
3006 3303 3134 3358 eius
3152 3306 3297 3376 paci
3330 3309 3385 3360 et
3403 3303 3834 3378 tranquillitati
3845 3323 3956 3382 per

2362 3391 2705 3446 universum
2732 3389 3025 3448 mandam
3062 3408 3235 3450 suum
3252 3392 3531 3468 prodesse
3541 3393 3755 3469 faciat
3776 3398 3957 3471 impe·

2362 3480 2542 3536 rium.
2562 3479 2661 3536 Est
2680 3487 2863 3538 autem
2880 3481 3303 3556 observandum,
3317 3483 3459 3542 hanc
3486 3485 3805 3545 relationem
3827 3503 3955 3560 pos-

2364 3582 2421 3626 se
2444 3567 2737 3642 dupliciter
2752 3571 2889 3648 lieri,
2906 3573 3082 3645 primo
3106 3587 3201 3646 per
3220 3575 3509 3647 positivam
3532 3576 3953 3650 ordinationem,

2363 3660 2525 3717 etsie
2562 3661 2887 3736 regulariter
2924 3661 3032 3720 erit
3065 3661 3117 3718 in
3159 3663 3408 3734 consilio,
3447 3665 3547 3721 nisi
3586 3665 3680 3723 ubi
3715 3666 3955 3739 speciale

2365 3759 2719 3826 praeceptum
2760 3752 2844 3810 vel
2887 3755 3179 3810 necessitas
3208 3751 3276 3813 ad
3317 3753 3447 3812 illud
3478 3753 3814 3830 obligaverit.
3860 3758 3957 3815 Sic

2368 3843 2513 3901 enim
2542 3845 2649 3902 Leo
2678 3859 2818 3917 papa
2838 3859 2927 3916 ep.
2959 3847 3048 3904 75.
3072 3842 3139 3902 ad
3164 3846 3399 3903 Leonem
3420 3848 3735 3920 Augustum
3755 3847 3949 3922 inquit:

2364 3932 2552 3990 Debes
2595 3936 3013 3992 incunctanter
3056 3931 3386 3998 advertere.
3434 3939 3665 4011 regiam
3696 3941 3959 4012 potesta·

2362 4025 2480 4079 tem
2504 4023 2609 4080 tibi
2632 4041 2751 4082 non
2776 4022 2966 4082 solum
2993 4021 3079 4082 ad
3095 4023 3306 4082 mundi
3326 4028 3606 4100 reqimeu,
3634 4025 3739 4084 sed
3758 4032 3958 4086 maxi-

2362 4127 2452 4180 me
2488 4111 2574 4171 ad
2598 4112 2903 4176 Ecclesiae
2938 4113 3313 4190 praesidium
3350 4131 3472 4172 esse
3498 4114 3805 4180 collatam,
3838 4125 3951 4176 etc.

2363 4203 2617 4265 Secundo
2646 4203 2865 4278 intelligi
2892 4210 3074 4278 potest
3100 4220 3197 4278 per
3215 4205 3557 4278 negationem
3574 4191 3821 4279 ⁸tantum,
3855 4223 3959 4265 seu

2362 4310 2460 4369 per
2488 4294 3039 4366 circumspectionem
3068 4293 3198 4352 nihil
3228 4293 3502 4352 statuendi
3542 4311 3642 4367 per
3677 4294 3821 4354 hanc
3858 4311 3958 4370 po-

2364 4391 2642 4455 testatem,
2671 4382 2823 4458 qnod
2849 4387 2921 4442 sit
2947 4385 3289 4442 contrarium
3310 4385 3403 4442 tini
3425 4385 3957 4458 supernaturali‚vel

2360 4476 2483 4532 eius
2510 4473 2956 4534 consecutionem
2982 4473 3241 4547 impedire
3270 4473 3463 4548 possit,
3482 4489 3622 4548 quae
3652 4476 3955 4534 observan-

2362 4567 2438 4624 tia
2466 4571 2521 4624 et
2546 4564 2789 4639 prudens
2817 4567 3005 4624 cautio
3046 4581 3111 4623 es
3150 4565 3251 4622 tide
3290 4565 3568 4639 procedit,
3612 4571 3669 4623 et
3706 4565 3955 4625 virtualis

2363 4657 2635 4732 quaedam
2658 4656 2845 4715 relatio
2865 4657 2917 4713 in
2940 4656 3194 4714 ultimum
3216 4657 3377 4714 finem
3397 4655 3505 4713 dici
3524 4661 3730 4730 potest.
3748 4657 3957 4732 Estque

2366 4764 2475 4805 non
2504 4753 2713 4806 tantum
2744 4746 2794 4803 in
2824 4745 3071 4820 consilio,
3095 4746 3191 4804 sed
3210 4747 3380 4804 etiam
3406 4752 3701 4819 praecepto
3722 4747 3957 4805 maxime

2358 4838 2579 4917 proprio
2599 4837 2877 4898 christiani
2898 4853 2963 4896 ac
2987 4836 3241 4897 catholici
3261 4836 3521 4910 principis
3542 4877 3558 4912 ,
3581 4842 3648 4896 ut
3666 4843 3911 4896 constat.
