4325 6267
800 286 921 349 138
2209 307 2406 356 mnan
2434 308 2511 355 ιι.

814 434 897 487 14.
930 427 1032 485 Sed
1065 428 1188 487 licet
1216 430 1319 485 hoc
1350 432 1417 486 sit
1446 444 1637 487 verum
1664 428 1731 487 de
1760 433 2003 504 potentia
2042 431 2314 503 absoluta,

726 518 881 573 locus
921 518 1088 573 Oscae
1142 502 1246 573 non
1296 520 1443 589 cogit
1481 518 1546 574 ad
1600 518 1741 575 hauc
1793 520 2312 593 interpretationem,

722 608 881 663 iussit
916 608 1058 662 enim
1089 608 1234 662 Deus
1273 622 1552 663 assumere
1590 623 1748 681 eam,
1780 625 1921 682 quae
1958 610 2106 681 prius
2150 609 2318 666 forni-

726 698 875 753 caria
902 696 1101 766 l'uerat,
1134 712 1241 755 non
1271 696 1448 753 solum
1478 697 1545 753 ad
1578 712 1764 769 usum,
1794 699 1891 755 sed
1918 702 2079 756 etiam
2108 698 2176 755 ad
2206 714 2318 754 ma·

726 786 1062 855 trimonium,
1095 792 1152 841 et
1181 786 1231 841 in
1263 788 1577 858 coniugem,
1612 793 1673 843 ut
1700 788 2013 864 Hieronym.
2044 786 2314 845 Theodor.

724 882 781 932 et
805 874 895 929 alii
919 875 1367 947 interpretantur,
1390 882 1445 931 et
1465 878 1725 932 irenaeus
1747 877 1841 943 lib.
1869 881 1923 935 4.
1948 883 2161 933 contra
2181 879 2319 933 hae-

726 981 903 1031 reses,
938 980 1062 1036 cap.
1100 968 1195 1036 37,
1229 971 1285 1022 et
1310 966 1545 1037 August.
1578 971 1671 1023 22.
1704 972 1913 1023 contra
1940 970 2148 1025 Faust.
2194 981 2317 1037 cap.

728 1060 820 1125 80,
844 1062 900 1111 et
922 1060 1013 1124 85,
1041 1061 1096 1110 et
1118 1052 1207 1109 lib.
1236 1059 1447 1110 contra
1466 1054 1866 1112 Secundinum
1886 1056 2163 1113 svanich.
2191 1070 2315 1125 cap.

726 1146 821 1201 21.
875 1144 1043 1199 Simili
1098 1142 1259 1199 modo
1312 1159 1419 1197 non
1472 1142 1807 1213 dispensavit
1854 1160 1983 1199 cum
2034 1145 2318 1215 Hebraeis,

726 1233 947 1305 quando
991 1233 1373 1307 AEgyptiorum
1412 1233 1585 1305 spolia
1622 1233 1726 1291 illis
1765 1236 2060 1303 concessit,
2100 1234 2195 1291 sed
2235 1234 2320 1291 vel

732 1336 994 1397 tanquam
1047 1338 1341 1394 supremus
1381 1325 1644 1379 Dominus
1694 1323 1947 1395 donavit,
1993 1324 2076 1381 vel
2129 1324 2320 1381 saltem

620 1414 627 1421 ‘
730 1423 991 1487 tanquam
1021 1428 1313 1483 supremus
1343 1412 1504 1469 iudex
1532 1413 1765 1470 reddidit
1798 1415 1873 1471 eis
1903 1415 2214 1472 mercedem
2243 1414 2322 1471 la·

731 1506 925 1559 borum
956 1519 1214 1568 suorum,
1249 1510 1309 1559 ut
1336 1501 1537 1560 dicitur
1564 1504 1865 1575 Sapientiae
1893 1521 1946 1561 c.
1978 1506 2161 1575 102lta
2189 1520 2320 1576 ergo

728 1594 778 1648 in
813 1584 1075 1647 similibus
1099 1591 1352 1647 omnibus
1373 1591 1783 1665 intelligendum
1804 1600 1911 1665 est,
1937 1609 2113 1666 neque
2141 1600 2321 1665 potest

731 1683 883 1738 aliter
910 1684 1021 1738 fieri
1051 1689 1277 1753 propter
1307 1685 1575 1738 rationem
1604 1681 1917 1740 adductam.
1942 1682 2202 1756 Idemque
2224 1700 2318 1755 ap·

732 1773 923 1845 plicari
953 1778 1139 1844 potest
1161 1771 1226 1827 ad
1250 1778 1543 1844 praecepta
1564 1772 1911 1845 affirmativa,
1934 1776 1991 1829 in
2014 1775 2214 1846 quibus
2236 1780 2320 1830 est

731 1878 820 1919 res
849 1862 1041 1933 facilis,
1074 1864 1204 1935 quia
1230 1879 1338 1918 non
1370 1862 1609 1935 obligant
1632 1878 1731 1933 pro
1756 1878 1993 1935 semper,
2021 1864 2117 1920 sed
2145 1871 2321 1921 stante

732 1954 1154 2025 opportunitate,
1186 1968 1327 2025 quae
1356 1952 1506 2008 cirea
1535 1952 1639 2009 tale
1668 1952 1941 2010 obiectum
1968 1952 2198 2011 inducat
2226 1971 2316 2011 ne-

732 2044 1065 2099 cessitatem.
1100 2045 1283 2099 Potest
1312 2048 1497 2100 autem
1523 2045 1667 2099 Deus
1696 2049 1793 2115 aut
1820 2042 2096 2100 obiectum
2142 2050 2320 2101 muta·

730 2149 815 2203 re,
846 2132 1089 2189 cedendo
1120 2133 1226 2188 iuri
1265 2149 1389 2203 suo,
1420 2132 1507 2189 vel
1550 2132 1831 2190 hominum
1874 2135 1996 2189 iura
2031 2134 2326 2192 immutan-

733 2221 834 2284 do,
865 2222 1147 2278 autetiam
1181 2224 1561 2279 necessitatem
1599 2230 1780 2295 potest
1822 2222 2038 2281 auferre
2078 2223 2325 2281 addendo

733 2328 903 2369 novas
931 2312 1401 2384 circumstantiae,
1427 2328 1568 2385 quae
1596 2314 1744 2369 illam
1767 2313 2083 2387 impediant,
2106 2321 2163 2371 et
2189 2316 2326 2371 nihi-

736 2401 971 2458 lominus
1001 2409 1355 2473 praeceptum
1382 2404 1661 2475 integrum
1690 2411 1895 2477 manet,
1920 2409 1983 2461 ut
2008 2421 2073 2463 ex
2104 2421 2161 2461 se
2185 2420 2327 2462 sem-

738 2508 835 2563 per
873 2492 1071 2563 cbliget
1108 2507 1207 2564 pro
1246 2490 1430 2548 debita
1465 2494 1867 2563 opportunitate
1890 2535 1905 2564 ,
1950 2495 2103 2568 quod
2138 2500 2226 2551 est
2260 2494 2329 2551 si-

738 2596 929 2653 gnum,
961 2597 1069 2636 non
1099 2581 1267 2636 l'uisse
1294 2582 1492 2637 factam
1522 2581 1999 2653 dispensationem.

816 2669 967 2726 Unde
995 2670 1200 2742 colligit
1227 2671 1282 2727 d.
1314 2671 1546 2726 Thomas
1572 2674 1625 2727 in
1646 2671 1794 2729 dicta
1816 2672 1982 2730 solut.
2010 2673 2075 2730 ad
2102 2678 2157 2747 3,
2183 2674 2330 2731 hunc

743 2759 967 2816 modum
998 2760 1379 2817 immutationis
1407 2777 1513 2816 non
1542 2761 1721 2819 solum
1749 2765 1863 2820 Deo
1900 2748 1993 2819 sed
2036 2765 2198 2821 etiam
2237 2764 2334 2820 ho-

743 2850 871 2906 mini
902 2848 1171 2906 interdum
1203 2865 1323 2905 esse
1354 2850 1687 2921 possibilem.
1718 2853 1776 2908 ln
1814 2854 2077 2925 negativis
2114 2854 2330 2927 quidem

744 2942 1075 3012 praeceptis,
1105 2939 1327 3013 quaudo
1356 2940 1581 2997 materia
1610 2940 1831 2998 illorum
1858 2942 2005 2999 cadit
2030 2944 2134 3000 sub
2161 2943 2333 3000 domi-

744 3031 834 3086 nio
862 3029 1127 3101 humano,
1156 3037 1213 3085 et
1238 3045 1333 3101 per
1370 3030 1611 3086 homines
1648 3032 1926 3088 immutari
1964 3039 2166 3104 potest,
2197 3049 2336 3105 quo-

748 3120 913 3176 modo
943 3134 1041 3175 nos
1068 3135 1237 3191 supra
1263 3119 1629 3191 explicuimus
1666 3119 1839 3193 legem
1870 3122 2330 3193 praescriptionis.

747 3213 805 3267 ln
837 3209 1177 3266 affirmativis
1205 3216 1408 3281 autem,
1440 3210 1661 3283 quando
1686 3227 1786 3283 per
1823 3210 2068 3268 homines
2105 3218 2338 3283 possunt

748 3300 1020 3356 immutari
1047 3300 1530 3371 circumstantiae,
1560 3315 1701 3373 quae
1739 3300 2069 3357 inducebant
2104 3302 2338 3358 necessi-

752 3396 921 3447 tatem
959 3388 1248 3461 operandi,
1289 3389 1371 3445 vel
1408 3388 1627 3462 quando
1668 3398 1901 3461 possunt
1937 3391 2177 3447 homines
2213 3407 2338 3465 gra-

754 3480 875 3534 vius
906 3485 1265 3551 praeceptum
1293 3478 1589 3549 imponere.
1620 3480 1694 3536 Ut
1722 3480 1767 3534 si
1795 3494 1889 3536 rex
1912 3481 2208 3552 praecipiat
2233 3480 2337 3537 filio

752 3585 859 3625 non
892 3584 1224 3624 succurrere
1253 3569 1457 3639 parenti
1488 3574 1729 3625 extreme
1758 3568 2035 3641 indigenti,
2063 3576 2125 3625 ut
2144 3570 2338 3625 subve-

752 3660 864 3714 niat
889 3657 1220 3730 reipublicae
1248 3657 1593 3729 periclitanti.
1620 3660 1763 3714 Deus
1792 3666 1977 3715 autem
2006 3658 2342 3731 obsingula-

753 3763 870 3804 rem
907 3747 1274 3804 excellentiam
1304 3752 1514 3818 potest,
1546 3746 1763 3819 quando
1800 3747 1946 3817 vult,
1980 3750 2059 3804 uti
2094 3748 2340 3805 absoluta

754 3842 1023 3909 potestate
1062 3843 1116 3893 et
1157 3835 1417 3894 dominio.
1449 3837 1603 3895 Unde
1632 3838 1794 3893 etiam
1822 3836 2134 3910 intelligitur
2180 3837 2337 3908 ratio,

758 3929 836 3984 ob‘
855 3944 1020 4000 quam
1049 3943 1153 3983 non
1184 3926 1234 3982 in
1264 3926 1517 3983 omnibus
1550 3928 1853 3999 praeceptis
1880 3927 2136 4001 negativis
2167 3933 2345 3999 potest

758 4017 879 4074 talis
910 4017 1133 4073 mutatio
1162 4017 1273 4072 lieri
1302 4031 1397 4087 per
1425 4016 1671 4073 homines
1698 4032 1763 4073 ex
1792 4024 1945 4089 parte
1974 4019 2256 4089 materiae,
2289 4019 2342 4073 in

759 4106 957 4179 quibus
984 4112 1170 4177 potest
1198 4108 1311 4161 fieri
1339 4122 1369 4161 a
1398 4108 1529 4177 Deo,
1561 4113 1626 4162 ut
1654 4121 1705 4161 v.
1738 4122 1792 4179 g.
1827 4110 1883 4162 in
1912 4114 2207 4180 praecepto
2234 4123 2343 4163 non

758 4194 1078 4258 fornicandi,
1109 4196 1233 4269 quia
1262 4195 1516 4251 nimirum
1548 4211 1652 4251 non
1682 4181 1843 4253 babet
1868 4197 2028 4254 homo
2064 4196 2210 4253 illam
2249 4212 2345 4269 po-

759 4292 1011 4342 testatem
1042 4286 1093 4341 in
1123 4300 1409 4356 personam
1438 4285 1686 4358 feminae,
1719 4302 1885 4359 quam
1912 4286 2074 4344 habet
2094 4289 2261 4353 Deus,
2287 4294 2350 4343 ut

761 4376 934 4447 possit
957 4375 1112 4431 alteri
1137 4374 1355 4431 tradere
1384 4375 1437 4430 in
1471 4382 1833 4447 suam,prout
1861 4376 2111 4447 voluerit,
2142 4383 2200 4433 et
2225 4376 2348 4433 ideo

762 4466 923 4521 etiam
972 4470 1275 4536 potuerunt
1320 4464 1465 4537 leges
1508 4451 1773 4522 humanae
1811 4482 1906 4539 per
1956 4466 2348 4538 usucapionem

762 4561 977 4611 mutare
1022 4553 1253 4609 dominis
1301 4545 1521 4625 rerum,
1566 4570 1675 4611 non
1718 4560 1895 4611 tamen
1934 4558 2011 4612 ita
2054 4559 2351 4628 potuerunt

767 4651 980 4700 mutare
1007 4644 1243 4701 dominia
1271 4660 1529 4701 uxorum.
1559 4645 1631 4701 Et
1655 4646 1729 4701 ita
1756 4652 1934 4702 stante
1962 4646 2081 4719 lege
2110 4646 2351 4702 humana

769 4738 955 4804 potest
991 4732 1234 4789 desinere
1290 4748 1409 4789 esse
1450 4732 1658 4790 furtum
1684 4775 1699 4806 ,
1752 4734 1901 4807 quod
1938 4741 2095 4791 antea
2134 4735 2348 4804 suisset,

769 4837 878 4877 non
900 4826 1075 4877 tamen
1100 4826 1281 4892 potest
1299 4820 1542 4879 desinere
1564 4838 1683 4880 esse
1704 4822 2056 4896 adulterium,
2083 4822 2234 4897 quod
2257 4838 2353 4895 per

770 4926 825 4965 se
857 4910 959 4965 tale
986 4911 1185 4967 existit.

857 5004 943 5057 15.
960 5001 1245 5067 Praeterea
1260 5015 1327 5056 ex
1343 5000 1422 5057 his
1438 5004 1612 5060 obiter
1629 5002 1967 5075 intelligitur,
1982 5002 2355 5076 quotiescum-

783 5104 889 5161 que
930 5090 1155 5145 materia
1192 5092 1467 5161 praecepti
1504 5090 1623 5148 talis
1660 5092 1860 5164 tuerit,
1894 5097 1955 5149 ut
1992 5093 2244 5149 honestas
2270 5093 2356 5149 vel

772 5177 1058 5249 turpitudo
1088 5180 1206 5235 eius
1240 5195 1347 5235 non
1379 5179 1612 5251 pendeat
1638 5197 1705 5239 ex
1731 5181 1968 5239 dominio
1996 5182 2198 5256 divino,
2222 5187 2356 5241 tunc

2388 448 2492 487 non
2524 430 2704 487 solum
2731 428 3142 502 indispensabile
3169 445 3291 487 esse
3321 429 3424 488 tale
3456 435 3842 502 praeceptum,
3871 428 3971 497 sed

2387 523 2548 578 etiam
2579 521 2652 575 ita
2683 518 3041 589 immutabile,
3075 526 3266 576 utnon
3307 520 3480 591 possit
3517 520 3626 575 ulla
3665 521 3874 577 ratione
3912 519 3980 574 li-

2387 612 2560 666 citum
2589 609 2700 665 lieri
2732 608 2804 679 id,
2835 609 2983 682 quod
3012 607 3294 681 prohibet:
3327 608 3504 665 solum
3545 610 3687 665 enim
3731 612 3781 666 in
3809 626 3980 683 nega-

2387 700 2510 757 tivis
2553 702 2858 771 praeceptis
2897 699 3004 755 boc
3053 700 3267 770 proprie
3311 700 3605 756 invenitur.
3657 700 3982 757 Huiusmodi

2385 799 2472 847 est
2503 792 2740 862 primum
2774 797 3128 861 praeceptum
3158 788 3442 861 Decalogi,
3472 797 3746 861 quatenus
3773 791 3983 863 negati-

2389 897 2521 936 vum
2549 888 2654 952 est,
2686 887 2741 935 et
2771 878 3244 951 prohibet·habere
3277 878 3358 934 vel
3387 878 3570 935 colere
3599 878 3786 950 plures
3814 882 3980 951 Deos3

2387 969 2493 1025 hoc
2523 970 2663 1025 enim
2696 968 2846 1025 nullo
2875 968 3034 1024 modo
3065 975 3247 1039 potest
3268 969 3562 1041 immutari,
3587 969 3716 1041 quia
3745 976 3831 1026 est
3851 985 3987 1026 cou-

2391 1066 2476 1115 tra
2505 1061 2773 1115 rationem
2797 1058 2974 1113 ultimi
2995 1060 3137 1130 linis,
3163 1065 3221 1115 et
3237 1058 3615 1116 excellentiam
3637 1058 3750 1131 Dei,
3777 1075 3840 1115 ac
3865 1062 3985 1117 uni-

2385 1156 2551 1205 tatem
2581 1151 2719 1217 eius,
2751 1164 2914 1222 quam
2943 1150 3054 1219 ipse
3082 1155 3297 1204 mutare
3327 1164 3434 1203 non
3463 1156 3664 1219 potest.
3695 1150 3806 1207 Nec
3835 1152 3986 1206 enim

2389 1246 2575 1311 potest
2607 1238 2688 1295 vel
2727 1239 2893 1295 alium
2923 1239 3092 1294 Deum
3134 1239 3506 1309 constituere,
3541 1238 3624 1294 vel
3663 1239 3863 1311 aliquid
3903 1239 3983 1296 l'a-

2390 1344 2538 1399 cere,
2564 1327 2713 1401 quod
2741 1328 2808 1383 sit
2833 1327 3047 1399 aequali
3076 1326 3284 1384 honore
3305 1326 3557 1400 dignum,
3586 1328 3817 1385 mutatio
3843 1346 3984 1401 ergo

2391 1416 2512 1473 talis
2541 1417 2851 1489 praecepti,
2881 1432 2977 1472 seu
3008 1416 3266 1473 materiae
3292 1419 3412 1472 eius
3442 1433 3549 1473 non
3588 1417 3733 1473 cadit
3769 1418 3874 1473 sub
3901 1419 3982 1474 di-

2389 1508 2575 1563 vinum
2614 1505 2932 1562 dominium.
2975 1504 3122 1561 ldem
3157 1513 3244 1562 est
3277 1506 3344 1561 de
3387 1504 3629 1561 secundo
3690 1515 3991 1579 praecepto

2390 1596 2660 1669 Decalogi,
2685 1605 2804 1653 tum
2831 1596 2958 1668 quia
2987 1595 3208 1651 involvit
3234 1596 3654 1666 prohibitionem
3696 1594 3990 1667 mendacii,

2389 1685 2539 1759 quod
2578 1685 2726 1743 nulla
2761 1686 2970 1741 ratione
3009 1684 3286 1742 honestari
3315 1691 3524 1757 potest,
3557 1686 3606 1741 si
3638 1685 3991 1742 mendacium

2390 1783 2602 1847 manet3
2645 1782 2762 1832 tum
2807 1776 3040 1831 maxime
3071 1814 3088 1845 ,
3130 1776 3257 1848 quia
3297 1774 3550 1847 probibet
3593 1776 3772 1833 l'acere
3811 1779 3986 1833 Deum

2391 1872 2676 1922 auctorem
2705 1864 3000 1931 mendacii,
3031 1863 3180 1937 quod
3218 1863 3380 1920 etiam
3417 1864 3645 1921 includit
3681 1868 3986 1922 irreveren-

2391 1956 2522 2011 tiam
2562 1956 2656 2011 Dei
2694 1953 2828 2009 adeo
2873 1962 3266 2025 repugnantem
3301 1953 3512 2010 divinae
3538 1954 3890 2027 auctoritati,
3923 1961 3987 2011 ut

2389 2060 2497 2100 non
2529 2043 2699 2115 possit
2723 2043 2776 2099 in
2806 2043 2909 2099 hoc
2939 2041 3131 2099 cedere
3160 2044 3262 2099 iuri
3291 2060 3393 2100 suo
3423 2044 3506 2117 (ut
3531 2044 3608 2100 sic
3637 2042 3858 2112 dicam).
3885 2046 3981 2101 At·

2393 2134 2570 2207 quein
2594 2133 2696 2189 hoc
2719 2149 2884 2189 sensu
2910 2148 3100 2191 verum
3120 2140 3226 2205 est,
3250 2134 3398 2207 quod
3420 2131 3738 2191 intendebat
3755 2135 3986 2205 ScotuS,

2393 2223 2527 2281 haec
2556 2224 2672 2281 aliis
2699 2239 2819 2279 esse
2847 2221 3291 2279 immutabiliora.

2479 2318 2563 2372 16.
2597 2316 2670 2370 De
2708 2315 2866 2370 tertio
2906 2318 3112 2383 autem,
3141 2328 3272 2369 cum
3311 2314 3383 2369 sit
3422 2310 3830 2381 affirmativum,
3859 2325 3986 2367 cer-

2393 2410 2511 2461 tum
2552 2410 2659 2473 est,
2706 2417 2863 2475 posse
2906 2418 2939 2458 a
2976 2404 3085 2458 Deo
3127 2402 3261 2471 fieri,
3305 2407 3370 2458 ut
3409 2417 3568 2473 saepe
3612 2417 3720 2457 non
3763 2399 3990 2473 obliget,

2396 2492 2616 2568 quando
2645 2493 2776 2549 alias
2807 2492 3117 2550 secundum
3157 2507 3507 2549 communem
3547 2508 3776 2549 cursum
3803 2507 3994 2547 rerum

2399 2583 2682 2657 obligaret.
2713 2586 2794 2640 An
2826 2598 2952 2639 vero
2980 2582 3151 2654 possit
3192 2581 3393 2639 homini
3421 2582 3693 2639 licentiam
3731 2581 3896 2651 dare,
3929 2586 3998 2637 ut

2399 2689 2497 2745 per
2525 2680 2704 2729 totum
2733 2672 2874 2730 vitae
2901 2678 3117 2744 tempus
3145 2680 3235 2744 et,
3267 2672 3410 2745 quod
3439 2671 3719 2728 difficilius
3745 2678 3862 2735 est,
3895 2687 3996 2744 per

2401 2769 2572 2819 totam
2589 2764 2966 2819 aeternitatem
2982 2760 3195 2817 nullum
3211 2761 3416 2818 bonum
3430 2768 3639 2817 motum
3651 2761 3991 2833 circaipsum

2399 2858 2688 2917 exerceat,
2734 2866 2911 2927 neque
2948 2848 3164 2907 cultum
3203 2851 3438 2924 aliquem
3477 2850 3781 2922 proximum
3819 2855 3877 2907 et
3914 2848 3997 2905 di-

2401 2950 2618 3000 rectum
2628 2941 2898 3013 exhibeat,
2914 2957 3024 2997 non
3040 2941 3315 2997 immerito
3335 2939 3601 2997 dubitavit
3613 2940 3993 2997 Scotus.Non-

2405 3031 2538 3089 nulli
2568 3046 2697 3088 vero
2725 3047 2791 3087 ex
2823 3031 3094 3086 thomistis
3124 3036 3372 3102 censent,
3407 3030 3511 3085 hoc
3537 3045 3644 3085 non
3675 3044 3834 3102 posse
3860 3029 3997 3099 fieri,

2403 3137 2504 3179 nec
2533 3137 2632 3193 per
2660 3120 2937 3192 propriam
2975 3119 3430 3191 dispensationem
3455 3158 3470 3189 ,
3501 3136 3681 3193 neque
3707 3120 3868 3175 etiam
3899 3133 4001 3190 per

2404 3210 2763 3266 mutationem
2793 3210 3070 3265 materiae.
3101 3210 3154 3265 Si
3181 3216 3365 3265 tamen
3393 3208 3806 3266 consideremus
3835 3208 3994 3266 abso-

2407 3298 2577 3356 lutam
2607 3314 2672 3354 ac
2703 3297 2907 3355 nudam
2936 3300 3251 3370 potentiam,
3285 3314 3392 3355 non
3419 3306 3647 3371 apparet
3683 3300 3738 3356 in
3765 3299 3870 3355 hoc
3901 3300 4002 3355 im-

2405 3389 2628 3461 plicatio
2653 3387 3122 3460 contradictionis,
3145 3390 3276 3461 quia
3304 3388 3424 3446 inde
3455 3406 3562 3445 non
3591 3391 3864 3461 sequitur,
3889 3406 4000 3446 non

2405 3493 2566 3551 posse
2609 3476 2771 3533 talem
2814 3477 3088 3535 hominem
3130 3479 3303 3535 bonos
3354 3484 3514 3535 actus
3565 3479 3798 3537 morales
3847 3482 4002 3537 circa

2407 3568 2620 3625 obiecta
2657 3575 2844 3624 creata
2884 3583 3142 3624 exercere
3170 3610 3184 3639 ,
3229 3570 3360 3641 quia
3397 3583 3592 3625 eorum
3635 3569 3848 3626 bonitas
3889 3586 4003 3627 non

2407 3658 2609 3729 pendet
2633 3671 2700 3713 ex
2726 3658 2944 3729 praevio
2973 3666 3106 3714 actu
3131 3657 3344 3716 formali
3367 3659 3518 3716 circa
3542 3659 3794 3715 ultimum
3815 3658 4003 3734 finem,

2407 3754 2466 3803 et
2493 3753 2686 3803 natura
2715 3761 2816 3802 sua
2838 3746 3066 3803 tendunt
3090 3748 3146 3803 in
3174 3749 3378 3819 ipsum,
3403 3754 3459 3803 et
3484 3749 3560 3804 ita
3583 3746 3808 3805 mediate
3836 3755 3893 3806 et
3914 3765 4003 3805 re-

2413 3843 2581 3907 mote,
2613 3836 2701 3893 vel
2727 3836 2886 3909 quasi
2915 3838 3270 3895 materialiter
3300 3845 3532 3910 possunt
3572 3836 3678 3894 dici
3715 3840 4008 3895 continere

2411 3927 2623 3983 cultum
2675 3926 2786 3982 Dei.
2831 3928 3072 3983 At.vero
3110 3926 3508 3984 considerando
3541 3926 3774 3985 divinam
3814 3937 4006 3998 poten-

2411 4018 2571 4088 tiam,
2603 4023 2664 4072 ut
2699 4016 3048 4073 coniunctam
3087 4018 3320 4073 infinitae
3355 4017 3648 4089 sapientiae
3684 4024 3742 4073 et
3776 4017 4007 4074 bonitati

2416 4107 2538 4169 Dei,
2571 4112 2736 4178 atque
2772 4104 2906 4161 adeo
2947 4104 3222 4177 loquendo
3261 4105 3535 4163 moraliter
3575 4108 3666 4177 (ut
3691 4107 3770 4163 sic
3802 4106 4005 4179 dicam)

2413 4194 2726 4253 credibilius
2761 4199 2877 4262 est,
2911 4210 3014 4250 non
3043 4210 3206 4265 posse
3234 4198 3405 4252 Deum
3441 4197 3493 4250 in
3527 4196 3632 4253 boc
3664 4196 3860 4253 cedere
3890 4197 3999 4253 iuri

2414 4301 2540 4356 suo,
2570 4286 2700 4357 quia
2725 4290 2871 4340 esset
2893 4282 3060 4340 veluti
3089 4283 3440 4359 prodigalitas
3477 4284 3743 4359 quaedam
3785 4286 4008 4342 irratio-

2418 4374 2632 4445 nabilis,
2663 4376 2890 4430 maxime
2921 4380 3178 4445 respectu
3209 4381 3496 4431 creaturae
3523 4374 3800 4431 rationalis
3828 4381 3884 4432 et
3909 4389 4009 4447 pro

2418 4472 2532 4521 tota
2559 4465 2894 4521 aeternitate.
2931 4464 2989 4519 ln
3018 4463 3137 4519 aliis
3163 4470 3342 4541 autem
3373 4466 3680 4537 praeceptis
3716 4481 3826 4522 non
3863 4465 4013 4521 inve-

2416 4555 2505 4611 nio
2541 4553 2854 4611 huiusmodi
2892 4553 3382 4611 immutabilitatem
3419 4571 3486 4611 ex
3527 4562 3682 4627 parte
3719 4557 4008 4628 materiae3

2417 4643 2534 4699 solo
2561 4649 2790 4715 excepto
2820 4640 3130 4711 mendacio,
3158 4650 3223 4698 ut
3249 4646 3353 4698 iam
3380 4641 3521 4714 dixi,
3552 4644 3603 4699 in
3634 4659 3745 4716 quo
3773 4644 4011 4701 sortasse

2417 4739 2503 4789 est
2529 4732 2776 4805 specialis
2804 4732 2963 4804 ratio,
2995 4730 3078 4787 vel
3107 4733 3234 4804 quia
3255 4732 3418 4788 etiam
3440 4742 3694 4803 respectu
3717 4735 3890 4805 ipsius
3915 4735 4014 4791 Dei

2419 4822 2622 4881 malum
2649 4830 2755 4895 est,
2787 4821 2871 4878 vel
2898 4823 3028 4895 quia
3047 4822 3113 4879 de
3138 4838 3194 4877 se
3217 4838 3322 4877 non
3346 4822 3615 4879 limitatur
3637 4822 3707 4879 ad
3729 4825 4014 4880 materiam

2421 4919 2690 4983 creatam3
2723 4928 2825 4967 nec
2857 4909 3052 4982 pendet
3076 4926 3143 4966 ex
3169 4909 3403 4967 dominio
3434 4912 3526 4967 Dei
3563 4914 3617 4967 in
3643 4910 3812 4981 illam,
3845 4913 3929 4969 vel
3955 4914 4014 4969 in

2422 5018 2733 5075 personam,
2765 5000 2860 5057 sed
2883 5003 2932 5057 in
2956 5015 3306 5074 quacumque
3329 5002 3551 5057 materia
3571 5010 3629 5058 et
3649 5000 3716 5058 de
3739 5018 4017 5076 quacum-

2425 5109 2532 5166 que
2561 5106 2794 5165 persona
2819 5090 2927 5147 dici
2959 5096 3168 5163 potest,
3199 5090 3284 5147 vel
3321 5089 3554 5165 denique
3593 5094 3725 5164 quia
3762 5094 3882 5150 eius
3919 5094 4019 5151 de-

2429 5184 2675 5241 formitas
2715 5198 2822 5238 non
2867 5181 3063 5253 pendet
3099 5196 3166 5238 ex
3207 5180 3312 5237 alio
3359 5176 3641 5244 dominio.
3692 5180 3780 5239 vel
3829 5182 4017 5240 divino
