4325 6267
1828 366 2037 416 CAPUT
2066 366 2186 415 v11.

362 489 499 560 buit,
532 498 597 547 ut
632 505 699 547 ex
726 489 977 546 omnibus
1008 489 1245 546 historiis
1276 496 1511 547 constat.
1538 488 1791 547 Secundo
1820 488 1962 546 idem

362 587 448 635 est
477 579 825 636 manifestum
868 578 937 637 de
960 580 1297 652 principibus
1318 586 1373 636 et
1396 581 1635 654 regibus,
1661 580 1799 653 siqui
1822 581 1961 637 l'orte

360 677 516 728 extra
557 669 822 728 ditionem
875 672 1087 727 romani
1130 670 1335 742 imperii
1378 677 1664 744 regnantes
1704 670 1770 727 ad
1805 672 1961 728 iidem

364 762 616 819 conversi
648 768 806 817 sunt:
848 767 910 817 ut
938 765 1069 816 sunt
1096 776 1241 817 nunc
1274 762 1502 833 laponii,
1526 760 1685 818 etalii
1710 763 1761 817 in
1788 762 1957 829 india,

364 856 419 907 et
456 859 682 922 possent
720 867 839 907 esse
877 850 1093 922 plures,
1138 857 1201 906 ut
1242 865 1333 907 rex
1360 850 1592 919 Chinae,
1624 860 1735 907 etc.
1769 852 1824 906 ln
1856 850 1953 907 hos

363 940 507 996 enim
538 940 749 996 nullum
778 940 862 995 ius
889 937 1199 996 dominandi
1236 938 1316 995 vel
1348 938 1645 1011 imperandi
1676 938 1839 1013 habet
1868 955 1955 994 ro-

366 1045 561 1085 manus
611 1029 942 1101 imperator,
995 1028 1173 1085 solum
1222 1029 1349 1102 quia
1395 1029 1675 1085 Ecclesiae
1716 1029 1960 1085 membra

364 1125 513 1187 sunt,
534 1119 661 1191 quia
686 1118 831 1175 nulla
854 1124 941 1175 est
972 1121 1105 1175 ratio
1130 1118 1211 1174 vel
1235 1116 1427 1174 titulus
1449 1117 1801 1175 subiectionis
1827 1126 1959 1174 tem-

364 1208 603 1278 poralisz,
641 1208 783 1264 sicut
804 1224 938 1280 ergo
960 1214 1117 1264 antea
1137 1225 1243 1264 non
1267 1214 1424 1265 erant
1446 1207 1670 1277 subditi,
1694 1209 1769 1264 ita
1792 1209 1953 1266 etiam

368 1312 545 1368 neque
573 1304 697 1368 post
722 1298 1153 1354 conversionem.

446 1387 625 1443 Tertio
663 1387 713 1443 id
755 1387 1020 1459 probatur
1046 1384 1115 1442 de
1145 1386 1363 1459 regibus
1390 1385 1697 1441 christianis
1724 1386 1867 1441 intra
1896 1386 1955 1441 fi-

368 1490 464 1531 nes
484 1476 689 1548 antiqui
717 1475 923 1547 imperii
942 1474 1328 1545 existentibus,
1352 1490 1477 1531 nam
1500 1476 1638 1530 inter
1662 1474 1779 1530 illos
1801 1474 1957 1531 multi

368 1570 503 1621 sunt
540 1564 779 1636 supremi
819 1565 871 1620 in
911 1563 1300 1636 temporalibus
1328 1582 1341 1633 3
1373 1579 1504 1636 ergo
1545 1566 1596 1619 iu
1628 1564 1747 1621 illos
1788 1572 1843 1621 et
1869 1580 1961 1621 eo-

369 1670 492 1710 rum
524 1670 687 1727 regna
718 1668 827 1711 non
866 1654 1025 1711 habet
1054 1656 1352 1725 imperator
1380 1652 1825 1723 iurisdictionem,
1860 1668 1960 1710 nec

370 1750 553 1815 potest
576 1759 672 1801 eos
702 1744 815 1800 suis
851 1743 1059 1817 legibus
1089 1742 1349 1815 obligare.
1381 1742 1783 1815 Consequentia
1810 1742 1962 1800 clara

366 1840 484 1905 est,
528 1834 657 1906 quia
700 1839 971 1905 repugnat
1004 1848 1127 1888 esse
1166 1848 1519 1905 supremum,
1550 1838 1606 1888 et
1630 1848 1751 1887 esse
1780 1831 1959 1888 subdi·

368 2016 481 2081 tet,
532 2010 767 2083 primum
822 2012 875 2065 in
931 2012 1086 2066 terris
1124 2011 1255 2081 ipsis
1294 2010 1663 2083 temporaliter
1700 2011 1961 2067 subiectis

249 2124 267 2141 ·
366 2101 639 2171 Pontifici,
672 2100 742 2156 ibi
788 2101 930 2156 enim
964 2100 1079 2173 ipse
1110 2099 1270 2157 babet
1299 2114 1609 2172 supremam
1638 2098 1961 2156 iurisdictio-

364 2206 487 2246 nem
524 2190 877 2263 temporalem
910 2190 1201 2262 directam,
1232 2197 1286 2247 et
1315 2190 1389 2247 ita
1416 2191 1563 2246 Bart.
1597 2190 1647 2245 in
1682 2189 1829 2246 dicta
1855 2190 1961 2245 Ex·

368 2287 573 2353 travag.
606 2277 707 2337 Ad
740 2278 1211 2353 reprimendum,
1246 2279 1434 2336 saltem
1464 2278 1610 2335 illam
1640 2287 1843 2352 partem
1872 2295 1960 2335 or-

363 2370 447 2427 bis
473 2369 760 2427 christiani
790 2370 1014 2441 excipit.
1058 2369 1259 2427 Deinde
1298 2369 1365 2427 de
1392 2384 1561 2442 regno
1586 2368 1783 2427 Galliae
1808 2386 1871 2425 ex
1903 2385 1956 2425 c.

365 2461 485 2516 Per
509 2458 935 2524 venerabilem,
980 2459 1074 2531 qui
1111 2458 1199 2515 lilii
1228 2460 1335 2515 sint
1363 2458 1610 2532 legitimi,
1644 2457 1734 2514 ubi
1762 2458 1962 2514 dicitur

367 2565 461 2606 rex
488 2550 691 2606 Galliae
712 2548 1051 2621 superiorem
1081 2549 1131 2604 in
1158 2548 1543 2620 temporalibus
1566 2564 1673 2603 non
1701 2562 1965 2620 recogno·-

365 2655 543 2695 scere.
574 2641 644 2696 Et
672 2639 796 2696 licet
827 2637 1015 2695 Glossa
1044 2637 1116 2694 ibi
1144 2636 1314 2709 dicat,
1338 2635 1747 2709 intelligendum
1770 2636 1822 2692 id
1842 2650 1963 2691 esse

366 2728 435 2785 de
463 2728 641 2801 sacto,
681 2742 987 2799 repugnare
1017 2725 1235 2783 videtur
1264 2726 1466 2798 textui3
1500 2741 1624 2782 nam
1655 2723 1776 2781 inde
1805 2725 1963 2781 inl'ert

367 2818 609 2875 Pontifex
634 2858 649 2887 ,
692 2820 817 2873 sine
853 2819 1001 2873 iuris
1034 2814 1282 2873 alterius
1310 2814 1588 2882 laesione,
1623 2817 1869 2886 potuisse
1899 2831 1955 2871 se

290 2960 305 2971 ,
366 2906 603 2963 subdere
631 2906 806 2977 alteri,
832 2921 997 2979 quam
1019 2906 1371 2976 imperatori,
1397 2903 1545 2977 quod
1569 2921 1673 2961 non
1698 2904 1769 2961 ita
1790 2911 1957 2977 esset,

366 2998 413 3053 si
438 3003 585 3053 esset
611 2998 735 3053 iure
764 2998 1075 3068 imperatori
1106 2995 1414 3052 subiectus.
1446 2997 1514 3053 Et
1536 2996 1609 3050 ita
1630 2993 1876 3051 Glossam
1898 2994 1956 3049 il·

369 3087 471 3143 lam
516 3086 709 3143 merito
748 3089 1056 3143 contemnit
1082 3084 1423 3157 Tiraquellus
1453 3082 1523 3141 de
1548 3088 1681 3165 ⁴iare
1700 3086 1955 3159 primoy.

368 3192 424 3249 q.
460 3179 511 3243 7,
546 3176 689 3249 opio.
728 3180 796 3247 3,
826 3192 978 3233 num.
1012 3180 1117 3247 20,
1146 3182 1203 3231 et
1231 3178 1325 3232 21.
1359 3174 1505 3231 idem
1532 3181 1617 3231 est
1644 3180 1856 3232 certum
1891 3174 1960 3231 de

368 3281 493 3339 rege
514 3266 825 3337 Hispaniae,
853 3272 913 3322 ut
940 3263 1177 3321 ostendit
1202 3266 1425 3322 Covarr.
1458 3266 1509 3320 in
1541 3265 1727 3340 regula
1747 3279 1962 3339 pecca-

367 3361 509 3423 tum,
544 3360 598 3412 2.
647 3372 701 3427 p.
747 3355 856 3424 29,
886 3370 942 3410 n.
973 3356 1031 3421 9,
1060 3370 1127 3409 ex
1158 3354 1357 3426 triplici
1384 3354 1569 3427 titulo,
1602 3354 1816 3411 scilicet
1842 3354 1959 3410 iure

367 3443 488 3501 belli
524 3452 720 3501 contra
746 3446 1049 3501 Saracenos
1077 3444 1251 3517 gesti,
1285 3444 1403 3501 iure
1432 3443 1875 3516 praescriptionis
1906 3448 1961 3499 et

366 3532 809 3600 consuetudinis,
853 3540 910 3590 et
946 3533 1018 3589 ibi
1061 3533 1226 3591 rel'ert
1263 3534 1449 3606 plures
1488 3534 1624 3591 alios
1679 3540 1955 3591 auctores.

366 3622 621 3695 Idemque
660 3624 769 3680 sere
796 3624 957 3680 habet
982 3623 1219 3680 Castald.
1256 3629 1418 3681 tract.
1444 3623 1517 3680 de
1537 3627 1747 3697 imper.
1774 3639 1829 3695 q.
1861 3627 1951 3691 53,

365 3728 423 3768 n.
458 3716 656 3786 6,13,
685 3719 740 3768 et
774 3716 869 3783 14,
900 3720 956 3769 et
982 3713 1182 3771 Cabed.
1214 3719 1348 3769 tom.
1382 3717 1431 3781 1,
1455 3712 1630 3770 decis.
1656 3717 1787 3782 211,
1820 3728 1874 3767 n.
1902 3716 1957 3781 3,

364 3801 585 3873 dicens,
614 3818 771 3875 reges
800 3803 1087 3874 Hispaniae
1129 3802 1329 3859 habere
1372 3808 1493 3859 iura
1532 3803 1760 3873 imperii.
1810 3800 1955 3858 idem

365 3890 453 3947 alii
490 3890 692 3948 docent
728 3890 795 3948 de
835 3907 965 3964 rege
1018 3891 1275 3963 Angliae,
1310 3898 1365 3948 et
1393 3892 1721 3964 significatur
1749 3891 1797 3946 in
1828 3907 1953 3962 cap.

372 3982 663 4050 Causam,
693 3986 723 4038 2
743 4020 758 4049 ,
782 3982 875 4054 qui
903 3981 989 4037 lilii
1020 3982 1128 4037 sint
1156 3980 1409 4053 legitimi,
1438 3988 1493 4036 et
1517 3982 1573 4037 in
1599 3995 1721 4052 cap.
1756 3982 1946 4046 Novit,

362 4069 429 4127 de
458 4069 623 4127 iudic.
657 4070 984 4143 Respublica
1010 4070 1171 4127 etiam
1193 4076 1384 4126 veneta
1402 4070 1592 4126 eodem
1617 4069 1735 4126 iure
1780 4071 1856 4124 uti
1879 4068 1959 4124 di-

362 4161 540 4232 citur,
584 4166 639 4215 et
686 4160 917 4217 sortasse
958 4160 1061 4217 alia
1088 4176 1284 4234 regna3
1316 4174 1449 4233 ergo
1482 4158 1822 4215 manifestum
1850 4166 1955 4230 est,

364 4265 471 4305 non
512 4249 707 4305 habere
755 4250 1138 4322 imperatorem
1181 4266 1495 4321 supremam
1524 4248 1955 4306 iurisdictionem

365 4340 721 4412 temporalem
760 4340 824 4397 ad
856 4339 1101 4397 ferendas
1128 4339 1279 4414 leges
1308 4340 1493 4396 civiles
1515 4338 1812 4412 obligantes
1837 4339 1955 4396 uni-

362 4444 576 4486 versam
614 4430 942 4487 Ecclesiam.

439 4519 675 4587 Quarto,
711 4526 796 4574 est
821 4518 959 4574 ratio
998 4533 1029 4573 a
1071 4518 1270 4591 priori,
1312 4520 1439 4590 quia
1477 4519 1769 4597 imperator
1795 4517 1956 4573 etiam

360 4624 624 4664 romanus
654 4624 759 4663 non
792 4606 954 4664 habet
979 4605 1247 4663 directam
1288 4605 1715 4663 iurisdictionem
1748 4613 1956 4678 tempo·-

360 4699 527 4754 ralem
575 4715 605 4754 a
652 4697 937 4767 Pontifice3
981 4712 1112 4767 ergo
1156 4696 1330 4753 multo
1371 4696 1549 4751 minus
1590 4702 1771 4767 potest
1809 4696 1953 4751 illam

360 4776 558 4846 habere
598 4792 651 4844 in
693 4788 998 4845 universam
1044 4786 1367 4843 Ecclesiam.
1415 4786 1811 4858 Consequentia
1866 4793 1951 4843 est

360 4879 540 4944 clara,
581 4880 706 4952 quia
745 4877 957 4935 aliunde
998 4875 1144 4933 illam
1188 4893 1292 4933 non
1338 4876 1529 4945 babet,
1560 4884 1622 4932 ut
1666 4885 1951 4933 ostensum

359 4976 465 5026 est.
510 4968 846 5025 Antecedens
884 4974 1066 5025 autem
1108 4974 1258 5039 patet
1291 4982 1358 5023 ex
1384 4966 1561 5037 dictis,
1593 4970 1721 5041 quia
1755 4969 1943 5025 Ponti-

364 5058 449 5115 l'ex
485 5074 591 5114 non
630 5058 791 5114 babet
828 5074 857 5113 a
894 5056 1108 5113 Christo
1139 5056 1565 5113 iurisdictionem
1603 5056 1951 5129 temporalem

364 5164 467 5205 nec
502 5150 555 5205 in
595 5148 903 5204 universum
934 5145 1155 5217 orbem,
1196 5158 1299 5203 nec
1327 5145 1377 5201 in
1412 5146 1721 5204 universam
1756 5148 1947 5203 Eccle-

364 5239 493 5295 siam
516 5280 531 5311 ,
577 5254 751 5310 neque
794 5237 845 5293 iu
883 5236 1119 5309 aliquam
1150 5242 1361 5307 partem
1390 5238 1510 5293 eius
1538 5253 1603 5293 ex
1636 5237 1684 5293 vi
1715 5237 1845 5294 iuris
1872 5238 1952 5294 di-

3416 353 3532 417 181

2036 491 2173 557 vini3
2207 505 2332 545 nam
2353 506 2586 563 reguum
2609 491 2928 563 temporale,
2951 492 3098 565 quod
3123 509 3268 549 nunc
3295 493 3474 568 babet,
3501 498 3618 554 iure

2036 578 2274 661 humano
2305 580 2556 651 obtinuit,
2590 587 2652 637 ut
2677 587 2924 651 constat3
2955 596 3089 655 ergo
3119 598 3226 639 non
3257 584 3433 655 potuit
3455 586 3615 643 talem

2030 668 2455 725 iurisdictionem
2477 670 2737 727 directam
2759 672 3071 743 imperatori
3095 672 3342 730 conferre
3365 690 3462 744 per
3482 691 3617 747 pon-

2033 757 2251 814 tificiam
2294 764 2651 828 potestatem,
2695 757 2788 815 sed
2830 760 3006 816 solum
3059 761 3236 832 potuit
3271 761 3405 819 illud
3447 766 3615 834 impe-

2034 847 2200 917 rium,
2216 846 2364 920 quod
2385 855 2542 903 antea
2563 856 2702 920 erat,
2715 849 2782 905 ab
2807 866 2913 905 una
2932 865 3162 921 persona
3183 852 3236 905 in
3262 850 3418 907 aliam
3441 858 3615 908 trans-

2032 938 2193 993 ferre.
2238 936 2394 994 Unde·
2427 938 2530 993 boc
2573 954 2736 993 sensu
2775 938 3115 994 verissimum
3143 946 3256 1012 est,
3286 942 3489 1013 regiam
3520 958 3614 1013 po-

2036 1034 2283 1085 testatem
2325 1029 2484 1085 etiam
2526 1029 2578 1083 in
2615 1026 2864 1083 Ecclesia
2903 1044 3008 1083 non
3047 1028 3254 1085 ducere
3291 1032 3552 1104 originem
3581 1048 3612 1088 a

2034 1117 2395 1184 sacerdotali,
2437 1124 2498 1173 ut
2535 1116 2640 1173 late
2668 1123 2725 1173 et
2751 1116 2886 1172 bene
2913 1120 3201 1175 confirmat
3225 1119 3404 1180 Wald.
3432 1120 3605 1179 lib.'2.

2030 1204 2218 1263 doctr.
2233 1205 2404 1278 fidei,
2442 1222 2567 1278 cap.
2605 1209 2693 1265 78.

2109 1300 2161 1353 8.
2209 1296 2394 1368 Neque
2437 1296 2556 1351 iura
2595 1295 2858 1354 canonica
2898 1294 2950 1349 in
2991 1296 3330 1353 contrarium
3376 1298 3616 1356 adducta

1996 1384 2233 1458 ·aliquid
2277 1384 2537 1457 probant,
2583 1400 2708 1440 nam
2749 1386 2805 1439 in
2847 1400 2971 1456 cap.
3013 1384 3264 1445 Solitas.
3313 1388 3529 1461 quando
3560 1390 3616 1445 lit

2030 1474 2364 1545 comparatio
2407 1474 2471 1530 ad
2515 1473 2695 1532 Solem
2731 1481 2785 1531 et
2811 1476 3022 1532 Lunam
3046 1520 3060 1547 ,
3093 1493 3199 1533 non
3226 1484 3314 1534 est
3339 1494 3520 1535 sermo
3547 1477 3616 1535 de

2030 1562 2370 1634 imperatore,
2405 1563 2499 1620 sed
2528 1563 2594 1621 de
2625 1566 2774 1639 regia
2802 1572 3102 1639 potestate,
3133 1569 3212 1623 sic
3241 1566 3386 1622 enim
3413 1566 3615 1623 dicitur

2030 1652 2101 1707 ibi
2124 1670 2137 1705 :
2169 1650 2264 1709 Ad
2274 1652 2732 1724 firmamentum
2757 1654 3111 1713 universalis
3141 1653 3446 1713 Ecclesiae
3453 1652 3611 1726 fecit

2029 1744 2189 1797 Deus
2229 1740 2343 1797 duo
2371 1758 2598 1816 mamea
2625 1743 2988 1811 luminaria,
3022 1744 3090 1800 td
3112 1748 3223 1811 est,
3265 1745 3418 1801 duas
3445 1748 3612 1803 insti-

2029 1832 2141 1886 tuit
2181 1830 2503 1904 diqnitates
2530 1875 2546 1893 ,
2591 1849 2745 1907 quae
2785 1839 2918 1890 sumt
2949 1833 3316 1908 pontificalis
3351 1838 3612 1892 auctori-

2028 1923 2123 1975 tas
2162 1927 2217 1976 et
2243 1919 2464 1995 reyalis
2489 1926 2772 2005 potestas.
2802 1923 2957 1989 Quod
2997 1925 3175 1995 pote'st
3207 1930 3352 1979 recte
3381 1924 3605 1999 intelligi

2029 2008 2096 2065 de
2130 2011 2294 2084 regali
2327 2018 2588 2083 potestate
2617 2013 2920 2070 secundum
2953 2028 3032 2083 se,
3059 2013 3169 2068 sive
3191 2013 3260 2069 sit
3281 2015 3333 2069 in
3361 2028 3466 2069 una
3487 2029 3616 2086 per·

2030 2115 2163 2155 sona
2193 2109 2449 2173 respectu
2479 2104 2649 2159 totius
2678 2102 2979 2175 Ecclesiae,
3009 2104 3119 2158 sive
3151 2102 3202 2158 in
3228 2102 3411 2159 multis
3435 2119 3616 2176 respe-

2030 2196 2126 2246 ctu
2154 2192 2496 2249 diversarum
2543 2194 2782 2265 partium
2821 2192 3118 2249 Ecclesiae.
3152 2192 3304 2251 Unde
3334 2194 3493 2265 paulo
3523 2210 3618 2249 an·

2033 2286 2117 2335 tea
2160 2279 2433 2353 loquendo
2473 2281 2539 2337 de
2583 2283 2906 2353 imperatore
2951 2281 3132 2339 solum
3174 2281 3400 2340 dicitur:
3430 2284 3616 2339 Prae-

2034 2366 2202 2425 cellit·
2233 2372 2300 2425 in
2342 2368 2764 2444 temporalibus
2803 2386 2924 2436 eos,
2957 2373 3060 2443 qui
3086 2369 3162 2427 ab
3190 2386 3255 2426 eo
3282 2372 3612 2445 suscipiunt

2032 2458 2410 2533 tmnporalia-
2443 2462 2702 2517 Similiter
2731 2462 2896 2516 etiam
2926 2460 2976 2515 in
3006 2474 3128 2529 cap.
3159 2462 3469 2526 Duorum,
3497 2474 3612 2516 ser-

2032 2563 2120 2603 mo
2148 2554 2234 2605 est
2261 2547 2326 2604 de
2353 2550 2501 2622 regia
2531 2555 2820 2621 potestate,
2854 2566 2961 2605 non
2989 2548 3056 2605 de
3085 2548 3430 2621 imperatore.
3457 2547 3610 2606 Unde

2032 2640 2216 2695 statim
2257 2638 2308 2694 in
2353 2639 2545 2711 plurali
2585 2638 2652 2696 de
2695 2640 2914 2714 regibus
2954 2638 3186 2709 dicitur,
3215 2654 3334 2696 esse
3363 2636 3611 2696 subditos

2031 2726 2409 2784 sacerdotibus
2429 2768 2444 2799 ,
2475 2729 2568 2802 qui
2611 2745 2710 2801 pro
2738 2729 2840 2787 illis
2869 2736 2999 2785 sunt
3025 2730 3288 2785 rationem
3324 2727 3608 2786 reddituri.

2031 2820 2272 2890 Denique
2313 2834 2435 2890 cap.
2467 2820 2542 2874 In
2569 2818 2786 2893 apibus
2813 2820 2992 2875 solum
3021 2818 3244 2891 probat,
3277 2818 3328 2873 in
3366 2834 3613 2891 unoquo·

2033 2924 2140 2979 que
2175 2924 2341 2980 regno
2371 2907 2570 2965 debere
2596 2924 2714 2965 esse
2746 2925 2915 2967 unum
2943 2909 3238 2981 principem
3267 2924 3608 2981 supremum,

2032 2996 2141 3052 sive
2174 2997 2260 3053 ille
2289 3000 2359 3053 sit
2387 3000 2704 3069 imperator,
2738 2998 2852 3054 sive
2879 3014 2994 3054 rex.
3026 2996 3107 3053 Ad
3137 2996 3285 3069 leges
3313 2997 3498 3053 civiles
3526 3011 3608 3052 re-

2030 3085 2292 3157 spondeo,
2323 3088 2376 3141 in
2404 3085 2553 3142 dicta
2583 3086 2618 3141 Ι.
2643 3092 2699 3144 2.
2726 3087 2793 3144 de
2823 3094 2991 3143 veter.
3026 3086 3129 3142 iur.
3161 3085 3344 3142 enucl.
3381 3086 3610 3156 impera·

2028 3182 2203 3231 torem
2235 3175 2382 3247 loqui
2407 3174 2474 3231 de
2502 3175 2708 3233 mundo
2737 3183 2794 3234 et
2821 3176 3064 3248 partibus
3091 3175 3210 3231 eius
3232 3189 3328 3247 per
3349 3173 3612 3250 synecdo-

2029 3264 2204 3336 chen3
2241 3280 2364 3320 nam
2391 3280 2456 3322 ex
2480 3264 2598 3321 aliis
2621 3265 2826 3339 legibus
2847 3264 3093 3321 eiusdem
3113 3265 3456 3337 imperatoris
3479 3281 3611 3321 con·

2029 3359 2135 3410 stat
2155 3397 2170 3424 ,
2208 3370 2318 3411 non
2360 3354 2616 3412 habuisse
2647 3355 2749 3412 sub
2778 3348 3045 3428 potestate
3075 3370 3174 3410 sua
3203 3370 3392 3410 omnes
3420 3353 3613 3411 Eccle-

2030 3445 2141 3499 siae
2169 3444 2495 3516 provincias‚
2528 3461 2669 3519 quae
2701 3445 2805 3501 iam
2832 3451 2991 3501 erant
3015 3446 3067 3500 io
3097 3442 3328 3514 mundo,
3358 3450 3414 3499 et
3441 3443 3609 3514 parti-

2030 3534 2131 3588 bus
2160 3534 2299 3607 eius,
2333 3541 2394 3591 ut
2420 3550 2585 3607 supra
2613 3532 2908 3606 allegatum
2934 3541 3034 3589 est.
3067 3534 3140 3590 Ut
3157 3538 3342 3589 autem
3364 3532 3610 3603 imperia·

2028 3620 2093 3677 lis
2121 3622 2339 3678 fortuna
2367 3630 2500 3679 tunc
2530 3622 2807 3679 diceretur
2835 3638 3002 3693 super
3031 3621 3161 3677 alias
3185 3622 3442 3692 eminere,
3467 3624 3604 3678 satis

2030 3726 2307 3785 superque
2344 3727 2495 3784 erat,
2524 3711 2670 3784 quod
2700 3711 3079 3784 amplissimam
3107 3718 3165 3767 et
3191 3725 3502 3781 supremam
3527 3712 3610 3767 iu·

2029 3799 2406 3858 risdictionem
2448 3802 2742 3859 exercebat
2782 3804 2832 3857 in
2874 3802 3135 3867 maiorem
3179 3809 3385 3871 partem
3425 3799 3615 3857 mundi

2030 3890 2282 3947 omnibus
2309 3892 2606 3963 cognitam.
2638 3893 2710 3948 Et
2737 3890 2806 3947 ob
2825 3888 3069 3946 eamdem
3093 3891 3387 3962 potentiam
3409 3896 3464 3945 et
3483 3906 3609 3963 pro·

2030 3981 2322 4038 tectionem
2367 3982 2652 4054 specialem
2692 3980 2992 4053 Ecclesiae,
3025 3995 3166 4053 quae
3192 3979 3262 4037 ad
3285 3978 3442 4036 illum
3468 3996 3610 4037 sem-

2028 4086 2125 4141 per
2151 4072 2449 4144 pertinuit,
2490 4072 2694 4129 dicitur
2721 4071 2878 4127 etiam
2918 4070 3264 4143 requiescere
3293 4068 3440 4126 orbis
3466 4069 3610 4125 chri-

2028 4161 2189 4217 stiani
2229 4162 2580 4235 regularitas,
2625 4160 2674 4217 id
2714 4167 2800 4217 est
2827 4174 2964 4232 pax,
2996 4158 3269 4226 defensio,
3301 4173 3366 4214 ac
3395 4156 3608 4215 debitus

2029 4250 2188 4307 ordo.

2106 4345 2161 4398 9.
2194 4338 2273 4397 Ad
2319 4342 2538 4398 tertium
2575 4343 2629 4397 in
2669 4356 2882 4398 summa
2921 4345 3151 4412 negatur
3181 4338 3388 4409 minor,
3419 4343 3609 4411 quale·

2028 4448 2132 4488 nus
2159 4430 2441 4513 dicit,-per
2464 4430 2867 4488 translationem
2891 4428 3096 4501 imperii
3119 4428 3450 4484 auctoritate
3474 4442 3608 4497 pon·

2028 4522 2188 4578 tiiicia
2217 4521 2415 4578 iactam
2436 4561 2450 4589 ,
2484 4521 2866 4592 imperatorem
2895 4533 3017 4575 esse
3043 4518 3408 4577 constitutum
3437 4530 3607 4587 supra

2026 4626 2216 4667 omnes
2255 4625 2409 4683 reges
2450 4609 2808 4679 christianos,
2855 4606 3068 4680 propria
3105 4604 3491 4675 superioritate
3525 4604 3608 4659 iu-

2028 4699 2388 4771 risdictionis,
2433 4698 2770 4769 praesertim·
2806 4695 3110 4752 ordinariae
3147 4700 3204 4749 et
3251 4690 3602 4765 legislativae‚

2026 4790 2119 4845 sed
2149 4789 2216 4845 ad
2245 4802 2524 4846 summum
2545 4786 2847 4842 obtinuisse
2871 4782 3156 4857 specialem
3181 4780 3413 4854 gradum
3436 4779 3606 4836 bono·

2026 4879 2099 4935 ris
2140 4886 2200 4934 et
2235 4876 2506 4951 dignitatis
2538 4891 2604 4931 ex
2636 4873 2853 4947 speciali
2881 4872 3266 4930 coniunctione
3292 4870 3360 4927 ad
3387 4875 3606 4941 aposto·

2024 4968 2184 5024 licam
2223 4967 2449 5037 Sedem,
2485 4964 2712 5037 eiusque
2755 4964 3188 5020 concessionem.
3223 4962 3412 5032 ltaque
3437 4960 3606 5031 impe·

2024 5064 2172 5114 rator
2197 5053 2530 5127 Occidentis,
2561 5060 2847 5125 postquam
2876 5052 3020 5107 sacta
3046 5054 3133 5107 est
3152 5048 3429 5106 translatio
3450 5053 3509 5103 et
3525 5046 3604 5103 di-

2026 5146 2158 5203 visio
2185 5143 2412 5217 imperii,
2437 5159 2542 5200 non
2565 5142 2748 5213 coepit
2767 5140 2964 5197 babere
2986 5140 3246 5197 maiorem
3265 5135 3600 5192 iurisdictio-

2025 5253 2147 5293 nem
2187 5233 2535 5307 temporalem
2572 5247 2637 5288 ac
2665 5230 2952 5304 directam,
2982 5244 3148 5302 quam
3177 5226 3407 5283 habeant
3433 5224 3599 5297 impe-
