4325 6267
1766 354 1975 402 cAPu‘r
2006 354 2157 402 xm.
3355 337 3508 397 ’345

326 488 521 538 votum
548 481 651 539 e'rit
676 482 745 539 de
776 481 979 537 meliori
1009 480 1149 537 bono
1178 486 1233 537 et
1268 479 1525 552 possibili.
1558 479 1703 549 Ergo
1749 482 1925 549 potest

328 574 495 627 etiam
526 572 665 628 idem
697 585 894 628 vovere
915 570 1020 625 snb
1047 568 1379 638 conditione,
1409 572 1451 624 si
1473 569 1746 641 praelatus
1768 582 1923 638 prae-

328 662 558 734 ceperit,
582 664 709 734 quia
732 660 843 719 hoc
867 676 967 717 nec
994 659 1273 717 difficilius
1294 666 1399 730 est,
1424 676 1525 716 nec
1556 662 1736 715 minus
1758 656 1925 713 hone·

332 758 479 807 stum
500 795 513 820 ,
546 767 711 825 quam
738 751 1007 823 primum:
1042 750 1144 806 hoc
1188 756 1370 806 autem
1399 749 1704 806 virtualiter
1732 748 1791 807 tit
1831 762 1923 800 vo-

331 840 509 899 vendo
552 840 908 897 obedientiam
934 841 985 895 in
1017 840 1206 895 ordine
1233 839 1301 896 ad
1330 840 1489 895 talem
1517 843 1732 903 actum3
1763 851 1921 908 ergo,

328 932 619 1002 supposito
645 931 737 986 tali
761 935 909 999 voto,
935 936 1116 1001 potest
1140 929 1388 1001 superior
1416 929 1729 1001 praecipere
1759 925 1923 981 talem

326 1028 539 1076 actum.

424 1115 509 1169 12.
542 1111 816 1177 Quocirca
840 1107 1111 1180 loquendo
1133 1107 1200 1164 de
1228 1108 1494 1179 possibili.
1518 1106 1621 1164 hoc
1651 1112 1923 1179 posterius

330 1216 534 1257 censeo
570 1216 786 1255 rerum.
820 1200 1007 1269 Neque
1034 1204 1120 1254 est
1160 1197 1331 1254 simile
1360 1196 1432 1253 de
1464 1204 1727 1268 potestate
1767 1198 1922 1271 legis,

324 1291 455 1363 quia
485 1290 569 1346 lex
608 1288 870 1346 fundatur
898 1289 951 1343 in
990 1286 1392 1357 iurisdictione,
1424 1304 1566 1361 quae
1596 1287 1771 1343 solum
1800 1288 1928 1345 data

328 1388 437 1446 est,
470 1386 739 1453 quantum
768 1377 987 1451 expedit
1010 1376 1079 1434 ad
1108 1376 1315 1435 bonum
1346 1394 1639 1434 commune
1659 1420 1673 1447 ‚
1706 1386 1767 1435 ut
1790 1379 1925 1435 dixi-

328 1486 485 1541 mus3
518 1468 621 1526 hoc
650 1475 833 1526 autem
873 1475 1227 1540 praeceptum
1267 1467 1529 1525 fundatur
1559 1468 1609 1523 in
1652 1470 1925 1527 voluntate

328 1562 575 1616 voventis
593 1602 607 1623 ,
638 1565 696 1615 et
730 1564 893 1630 pacto
920 1572 1018 1615 seu
1062 1557 1415 1629 promissione
1440 1558 1561 1612 eius
1584 1598 1599 1629 ,
1630 1572 1771 1630 quae
1798 1558 1925 1631 quia

330 1652 440 1705 Deo
462 1648 837 1720 principaliter
861 1648 1025 1717 tit,de
1054 1656 1185 1703 actu
1209 1648 1373 1703 etiam
1400 1662 1547 1703 mere
1574 1651 1787 1704 interno
1810 1649 1928 1703 lieri

330 1746 531 1809 potest.
556 1740 689 1794 item
712 1738 840 1812 quia
870 1736 1097 1794 materia
1116 1737 1229 1793 voti
1257 1735 1427 1792 latius
1456 1741 1630 1807 patet,
1660 1750 1825 1809 quarn
1850 1736 1926 1792 le-

328 1830 413 1900 gis
436 1850 451 1902 ς
484 1844 607 1885 nam
640 1833 827 1884 votum
856 1828 1083 1884 maxime
1109 1831 1197 1882 eat
1219 1823 1288 1882 de
1324 1826 1561 1881 consiliis
1583 1868 1599 1895 ,
1627 1826 1695 1882 de
1722 1827 1925 1898 quibus

330 1934 437 1975 non
467 1898 777 1975 &crismati
808 1932 938 1974 vero
961 1917 1027 1973 de
1059 1915 1205 1973 sacto
1236 1915 1461 1987 praelati
1485 1915 1807 1989 religionum
1832 1915 1925 1973 ba·

328 2009 495 2065 beant
516 2007 655 2065 banc
679 2014 1027 2079 potestatem,
1042 2006 1252 2063 ethaeo
1276 2008 1349 2061 sit
1368 2007 1592 2062 intentio
1613 2006 1924 2063 voventium

330 2097 727 2169 obedientiam,
758 2096 954 2170 pendet
988 2112 1055 2154 ex
1096 2095 1284 2170 regula
1320 2095 1759 2183 uniuscuiusque
1799 2097 1925 2153 reli-

328 2188 527 2260 gionis.
552 2188 693 2256 Quia
722 2190 873 2245 iuxta
910 2186 1215 2243 doctrinam
1245 2185 1302 2242 d.
1333 2186 1567 2243 Thomae
1592 2193 1647 2242 et
1677 2202 1929 2244 commu·

333 2294 477 2347 nem,
514 2293 619 2335 non
658 2293 846 2335 ornnes
886 2276 1125 2350 religiosi
1166 2284 1365 2333 vovent
1386 2276 1633 2333 eamdem
1673 2277 1928 2335 obedien-

332 2368 487 2439 tiam,
512 2366 607 2424 sed
628 2367 824 2441 singuli
845 2367 1155 2424 secundum
1176 2382 1333 2423 suam
1354 2366 1624 2439 regulam3
1649 2374 1706 2423 et
1729 2367 1849 2424 ideo
1878 2370 1923 2425 si

333 2456 519 2529 regula
547 2458 830 2531 praecipit,
860 2456 945 2515 vel
975 2456 1219 2514 consulit
1243 2462 1403 2513 actus
1433 2456 1717 2529 mentales,
1742 2457 1825 2513 vel
1854 2459 1924 2514 si·

330 2546 571 2617 gnificat,
597 2546 867 2618 praelatos
898 2560 1059 2618 posse
1088 2545 1207 2603 illos
1235 2546 1538 2619 iniungere,
1566 2552 1699 2602 tunc
1728 2547 1922 2604 eodem

332 2636 491 2693 modo
512 2636 983 2709 interpretandum
1003 2644 1090 2694 est
1112 2635 1447 2695 obedientiae
1471 2643 1682 2709 votum,
1710 2644 1789 2707 ut,
1814 2639 1924 2694 sci·

331 2726 479 2797 licet,
505 2728 713 2798 possint
735 2727 957 2797 praelati
986 2726 1121 2783 tales
1142 2733 1302 2783 actus
1327 2726 1626 2797 imponere3
1655 2734 1802 2783 recte
1825 2744 1921 2784 au-

331 2823 441 2871 tem
482 2817 681 2873 facient
706 2858 721 2886 ,
765 2832 1045 2889 nunquam
1083 2832 1183 2873 eos
1226 2814 1552 2887 imponendo
1593 2816 1695 2871 sub
1744 2818 1923 2889 rigore

332 2908 645 2978 praecepti,
678 2914 902 2979 propter
937 2906 1247 2979 periculum
1278 2904 1591 2973 vitandum3
1624 2907 1754 2961 satis
1780 2908 1921 2962 enim

330 3004 418 3053 est
444 3000 769 3054 exteriorem
799 2999 1137 3054 vacationem
1166 2998 1501 3069 praecipere.

884 3188 1165 3258 CAPUT
1200 3188 1373 3255 xm.

262 3445 273 3453 .
340 3404 557 3459 Utrum
584 3397 683 3453 lex·
720 3400 1018 3454 canonica
1036 3402 1227 3472 possit
1262 3402 1727 3455 concomitanter
1750 3416 1929 3473 prae·-

410 3493 621 3563 cipere,
650 3494 758 3543 ant
774 3483 1081 3561 prohibei-e
1105 3493 1278 3543 actus
1306 3492 1563 3543 {internos
1590 3488 1769 3545 simul
1790 3506 1925 3545 cum

415 3581 693 3635 eaeternis.

2064 489 2228 541 terno,
2255 488 2304 535 in
2331 494 2434 543 quo
2458 482 2594 531 nulla
2623 487 2832 548 apparet
2859 480 3070 529 malitia.
3103 480 3252 530 -16,
3286 479 3582 543 Explicatur

2061 551 2376 605 elemenlina
2402 552 2581 613 prima.
3173 580 3182 587 -

2080 730 2127 782 l.
2160 728 2386 784 Duobus
2421 728 2594 785 modis
2621 734 2802 802 potest
2828 727 3053 783 interior
3082 732 3241 779 actus
3279 722 3473 779 cadere
3503 724 3582 777 in-

1990 812 2203 875 directe
2233 817 2336 875 sub
2364 826 2720 889 praeceptum
2750 816 2817 873 de
2843 814 3095 871 exteriori
3123 820 3276 883 actu,
3311 820 3372 868 ut
3399 812 3584 868 notavi

1992 904 2081 959 lib.
2110 907 2201 977 ΙΙΙ,
2224 923 2347 979 cap.
2375 908 2486 963 Xll.
2513 908 2564 963 in
2594 908 2715 961 tine:
2746 921 2890 961 unus
2909 911 2994 960 est
3021 910 3236 960 tantum
3266 916 3362 972 per
3390 916 3585 973 quam-

1991 992 2115 1051 dam
2151 998 2624 1068 consecutionem,
2655 1002 2926 1069 quatenus
2963 1009 3060 1064 per
3099 991 3228 1065 legis
3262 991 3582 1063 prohibitio·

1994 1100 2115 1141 nem
2141 1086 2380 1142 exterior
2415 1092 2574 1141 actus
2604 1086 2661 1141 lit
2697 1083 2874 1141 malus
2904 1090 3014 1139 tam
3062 1085 3110 1137 in
3156 1084 3368 1139 ratione
3397 1094 3578 1152 actus,

1994 1189 2159 1245 quam
2187 1176 2240 1229 in
2281 1176 2488 1232 ratione
2517 1174 2717 1250 obiecti
2755 1173 3012 1243 moralis,
3040 1180 3096 1227 et
3124 1172 3240 1228 ideo
3267 1188 3330 1229 ex
3362 1174 3411 1228 vi
3439 1172 3580 1227 illius

1996 1262 2125 1336 legis
2163 1270 2565 1338 cousequenter
2591 1266 2650 1321 tit
2688 1262 2892 1321 malum
2918 1265 3193 1318 internum
3237 1264 3580 1334 propositum

1996 1353 2222 1411 faciendi
2266 1353 2424 1411 talem
2463 1362 2648 1411 actum
2690 1352 3049 1426 prohibitum,
3095 1353 3174 1409 vel
3205 1368 3310 1407 non
3354 1352 3584 1409 faciendi

1996 1442 2155 1499 talem
2179 1449 2366 1500 actum
2391 1450 2744 1516 praeceptum
2761 1458 2860 1516 pro
2888 1442 2980 1499 tali
3007 1448 3270 1511 tempore.
3289 1442 3360 1498 Et
3387 1442 3452 1497 de
3477 1442 3580 1498 hoc

1994 1532 2157 1609 modo
2183 1549 2291 1589 non
2321 1541 2571 1590 movetur
2598 1533 2844 1606 quaestio
2863 1575 2877 1602 ,
2903 1531 3032 1605 quia
3061 1532 3206 1587 dicto
3239 1530 3359 1587 loco
3395 1537 3579 1587 osten-

1992 1622 2193 1693 dimus,
2222 1639 2286 1679 ex
2331 1624 2480 1679 omni
2519 1623 2631 1694 lege
2672 1621 2911 1678 bumana
2951 1621 3090 1679 iusta
3129 1624 3394 1695 consequi
3439 1621 3576 1678 hanc

1994 1710 2396 1783 obligationem.
2427 1711 2580 1770 Unde
2622 1726 2844 1768 necesse
2883 1717 2998 1781 est,
3041 1718 3100 1767 ut
3142 1712 3329 1769 maiori
3373 1712 3584 1768 ratione

1994 1801 2132 1859 ha'nc
2172 1802 2278 1857 vim
2324 1802 2518 1857 habeat
2555 1799 2638 1857 lex
2682 1802 2968 1857 canonica.
2993 1800 3123 1868 Quis
3161 1802 3304 1857 enim
3343 1798 3576 1871 dubitet,

1990 1905 2113 1947 esse
2136 1896 2428 1961 peccatum
2451 1889 2678 1947 mortale
2705 1904 3008 1962 proponere
3030 1905 3135 1945 non
3158 1888 3344 1945 audire
3368 1892 3582 1947 Missam

1994 1982 2045 2035 in
2073 1978 2157 2035 die
2183 1978 2344 2047 sesto,
2367 1994 2494 2035 cum
2524 1980 2597 2036 sit
2618 1978 2688 2037 de
2717 1979 2932 2036 obiecto
2961 1994 3152 2051 pravo,
3175 1988 3230 2037 et
3256 1988 3417 2037 actus
3445 1982 3581 2037 inte-

1994 2071 2105 2124 rior
2131 2076 2313 2126 sumat
2340 2068 2607 2140 malitiam,
2626 2084 2782 2125 suam
2811 2068 2878 2124 ab
2907 2069 3162 2125 obiecto?
3191 2068 3338 2126 Unde
3367 2072 3420 2125 in
3451 2087 3576 2142 cap.

1992 2156 2180 2227 Nulli,
2208 2156 2334 2215 dist.
2357 2162 2446 2217 19.
2470 2157 2700 2215 dicitur:
2730 2156 3022 2230 Nullifas
3048 2166 3152 2226 est,
3183 2159 3272 2215 vel
3299 2158 3460 2220 velle.
3492 2158 3584 2216 vel

1985 2264 2160 2324 posse
2209 2246 2550 2321 tramqrecli
2603 2245 2968 2323 apostolicae
3015 2246 3186 2306 Sedis
3233 2254 3579 2323 praecepta.

1991 2340 2315 2411 Quanquam
2342 2337 2478 2395 illud
2507 2336 2644 2395 velle
2677 2354 2784 2395 non
2814 2338 2988 2409 possit
3009 2338 3077 2395 ab
3105 2339 3346 2395 Ecclesia
3377 2342 3580 2411 puniri,

1992 2432 2121 2503 quia
2146 2427 2215 2485 ad
2247 2428 2350 2485 hoc
2383 2435 2664 2500 oporteret
2689 2428 2895 2485 directe
2921 2434 2978 2485 et
3015 2443 3112 2499 per
3139 2444 3196 2485 se
3222 2427 3290 2485 de
3319 2428 3410 2485 illo
3437 2429 3582 2487 serre

1992 2517 2278 2589 iudicium,
2302 2524 2359 2573 et
2383 2517 2498 2574 ideo
2525 2533 2665 2590 quae
2687 2515 2755 2573 de
2781 2518 3063 2590 punitione
3083 2519 3135 2573 in
3164 2518 3254 2574 illo
3282 2521 3460 2590 capite
3488 2519 3584 2576 ad-

1991 2607 2238 2679 duntur,
2279 2608 2591 2665 necessario
2633 2613 2765 2664 sunt
2801 2606 2870 2665 de
2911 2608 3186 2665 voluntate
3227 2610 3280 2666 in
3321 2609 3578 2666 effectum

1992 2696 2294 2768 prodeunte
2317 2695 2836 2769 intelligenda.Alter
2863 2696 3060 2755 modus
3083 2698 3375 2755 indirectae
3397 2699 3582 2769 probi·-

1993 2785 2227 2856 bitionis,
2253 2784 2334 2841 vel
2363 2787 2636 2859 praecepti
2658 2792 2822 2844 actus
2849 2787 3120 2845 interioris
3151 2803 3248 2859 per
3275 2789 3446 2862 legem
3477 2788 3581 2845 hu-

1994 2890 2208 2931 manam
2235 2882 2318 2931 est
2343 2891 2440 2947 per
2468 2876 2764 2949 quamdam
2789 2879 3268 2936 concomitantiam
3289 2894 3418 2936 cum
3446 2887 3580 2941 actu

1994 2966 2287 3037 exteriori,
2331 2966 2404 3022 ita
2431 2972 2494 3022 ut
2521 2966 2930 3039 praecipiendo,
2963 2967 3046 3024 vel
3075 2966 3408 3039 probibendo
3433 2976 3584 3027 exte·

1994 3056 2190 3113 riorem
2224 3055 2753 3128 compraecipiatur,
2795 3057 2878 3113 vel
2920 3058 3398 3129 comprobibeatur
3426 3066 3585 3117 actus

1996 3148 2263 3217 internus,
2295 3146 2368 3203 ita
2395 3154 2456 3204 ut
2496 3149 2568 3203 sit
2602 3148 2760 3220 quasi
2787 3162 2914 3219 pars
2944 3155 3103 3206 actus
3131 3150 3326 3221 integri
3349 3156 3404 3206 et
3430 3164 3584 3207 com-

1996 3236 2184 3305 positi,
2213 3235 2307 3308 qui
2335 3242 2422 3291 est
2450 3238 2670 3307 propria
2699 3236 2922 3293 materia
2946 3237 3092 3295 illius
3123 3238 3277 3310 legis,
3301 3244 3356 3294 et
3381 3239 3448 3295 de
3477 3239 3580 3295 boc

1996 3324 2157 3381 modo
2187 3324 2555 3396 prohibitionis
2582 3324 2902 3399 intelligitur
2930 3330 3208 3399 proposita
3236 3329 3501 3401 quaestio.

2071 3414 2300 3486 Oportet
2326 3421 2512 3471 autem
2541 3416 2670 3471 satis
2707 3414 3042 3489 distinguere
3073 3417 3211 3473 hanc
3243 3418 3588 3473 coniunctio-

1998 3520 2118 3560 nem
2141 3509 2304 3560 actus
2333 3504 2525 3561 interni
2547 3519 2677 3562 cum
2700 3511 2926 3561 externo
2946 3506 3049 3562 sub
3075 3506 3264 3563 eadem
3285 3506 3422 3579 lege,
3443 3522 3586 3580 quae

1996 3610 2092 3666 per
2120 3609 2180 3651 se
2217 3601 2467 3650 versatur
2493 3596 2645 3651 circa
2673 3601 2858 3652 actum
2879 3638 2896 3669 ,
2927 3604 2992 3653 ut
3025 3604 3287 3653 externus
3322 3604 3438 3667 est3
3470 3597 3588 3663 lieri

1918 3677 1929 3689 ⁸
1994 3687 2137 3741 enim
2163 3690 2343 3755 potest
2365 3684 2581 3744 duobus
2605 3684 2796 3742 modis.
2813 3687 2966 3742 Prior
2990 3696 3094 3757 est,
3119 3685 3339 3759 quando
3359 3687 3588 3743 coniun-

890 3759 1373 3821 summarium

342 3964 387 4011 l.
414 3960 609 4025 Duplici
638 3959 783 4009 modo
808 3966 955 4008 actus
984 3959 1214 4009 internus
1232 3958 1371 4009 cadit
1397 3959 1648 4009 indirecte
1668 3962 1766 4011 sub
1786 3974 1929 4024 prae-

406 4038 611 4095 ceptum
646 4030 711 4079 de
746 4036 865 4079 actu
902 4035 1133 4078 externo.
1154 4055 1223 4063 —
1246 4027 1299 4078 2.
1328 4028 1491 4079 Prima
1519 4032 1769 4081 sententia
1799 4022 1930 4081 affir-

408 4114 577 4161 mam,
616 4100 736 4149 licet
773 4099 1068 4150 coniunctio
1092 4098 1161 4147 sit
1190 4110 1279 4161 per
1304 4098 1539 4147 accidens
1564 4107 1617 4148 et
1646 4106 1843 4149 tantum
1867 4114 1929 4149 ex

408 4170 692 4220 intentione
729 4169 990 4232 operantis
1025 4168 1243 4218 abusum
1280 4166 1559 4217 Ecclesiae.
1582 4196 1649 4205 —-
1671 4169 1723 4219 3.
1751 4170 1934 4233 Opinio

412 4252 619 4302 negans.
642 4265 711 4273 —
732 4238 988 4289 Navarrns
1012 4246 1064 4286 et
1089 4238 1249 4301 aliqui
1274 4239 1611 4288 recentiores.
1630 4266 1695 4275 ——
1712 4240 1766 4288 4.
1792 4240 1931 4291 Mens

408 4310 637 4359 auctoris
660 4314 713 4357 et
733 4307 1014 4359 distinctim
1036 4334 1105 4343 —
1126 4308 1175 4355 5.
1190 4306 1383 4357 Sufficit
1410 4310 1686 4359 necessitas
1710 4309 1931 4360 alicuius

406 4390 519 4430 csse
545 4377 769 4429 moralis,-
784 4383 842 4426 ut
868 4384 1015 4427 actus
1040 4378 1277 4426 internus
1298 4376 1537 4426 iubeatur
1557 4378 1624 4427 ob
1642 4385 1930 4440 externum,

414 4450 490 4498 uti
512 4454 651 4512 patet
672 4446 967 4497 inductione
987 4448 1039 4496 in
1058 4446 1391 4496 sacramentis
1409 4444 1929 4499 Ecclesiae.-6.Sol-

412 4521 551 4568 vritur
576 4517 975 4567 obiectiuncula.
998 4542 1067 4553 —-—
1090 4516 1140 4565 7.
1168 4517 1325 4565 Actus
1349 4516 1539 4565 interni
1567 4516 1629 4565 ad
1656 4516 1931 4570 humanum

409 4588 699 4637 convictum
726 4587 804 4635 vel
832 4585 895 4636 ad
920 4584 1185 4648 religionis
1208 4585 1403 4636 cultum
1424 4592 1543 4635 sunt
1566 4588 1933 4637 necessarii.—

411 4658 461 4707 8.
510 4656 703 4721 Duplex
743 4656 1092 4707 corollarium.
1119 4681 1190 4691 —
1213 4654 1265 4705 9.
1306 4656 1539 4705 Tertium
1582 4656 1929 4707 corollarium:

410 4727 708 4779 voluntarie
742 4725 1025 4777 distractus
1068 4738 1165 4775 non
1204 4724 1382 4788 implet
1407 4732 1735 4789 pracceptum
1760 4726 1934 4776 Eccle-

412 4798 535 4849 siae.
548 4823 619 4835 —
640 4796 725 4847 10.
748 4796 997 4858 Quartum
1016 4794 1363 4846 corollarium:
1387 4794 1561 4846 Potest
1585 4796 1743 4844 etiam
1761 4796 1935 4845 incur·

410 4880 526 4918 rere
561 4878 826 4917 censuras.
854 4892 923 4903 --
953 4866 1038 4915 Η.
1076 4864 1307 4915 Secunda
1342 4864 1623 4917 conclusio.
1647 4892 1715 4901 -
1739 4864 1936 4929 Duplici

410 4937 557 4989 modo
576 4943 745 5002 potest
766 4936 961 5000 requiri
980 4942 1126 4985 actus
1145 4936 1363 4985 interior
1372 4934 1437 4985 ad
1456 4933 1775 4987 honestatem
1792 4944 1940 4987 actus

416 5007 705 5059 exterioris,
720 5032 785 5043 -
806 5004 888 5057 ¹2.
915 5004 1249 5059 concluditur
1265 5005 1329 5055 de
1355 5005 1718 5071 probabilitate
1737 5012 1941 5056 contra-

412 5078 508 5128 ria.
532 5104 595 5113 —
620 5076 704 5127 13.
732 5077 905 5127 Tertia
942 5075 1219 5126 conclusio.
1243 5100 1307 5110 —
1334 5076 1418 5125 14.
1455 5074 1647 5137 Quarta
1684 5075 1945 5126 conclusio

409 5148 475 5197 de
508 5154 627 5197 actu
662 5152 877 5196 externo
914 5144 1236 5209 dependente
1278 5146 1345 5195 ab
1386 5146 1609 5195 interno.
1642 5170 1709 5182 --
1740 5144 1821 5196 15.
1845 5146 1945 5197 Ex-

414 5218 651 5281 ponitur,
689 5224 843 5279 caput
886 5215 1123 5266 ultimum
1142 5214 1205 5264 de
1230 5214 1439 5268 simonia
1469 5215 1604 5279 ioqui
1624 5215 1688 5265 de
1713 5223 1833 5267 actu
1858 5229 1943 5267 ex-

498 5316 690 5365 Sumurz.
712 5316 771 5359 De
786 5312 981 5369 Leuibus
998 5336 1047 5346 -
1064 5316 1171 5358 Pars
1190 5315 1227 5359 1.

1998 3775 2106 3831 ctio
2133 3780 2220 3830 est
2247 3773 2368 3830 talis
2387 3815 2402 3844 ,
2435 3780 2498 3830 ut
2523 3773 2768 3846 internus
2796 3784 2956 3831 actus
2987 3792 3082 3847 per
3117 3778 3440 3834 exteriorem
3471 3792 3586 3834 ma·

1998 3864 2306 3931 nil'estetur,
2333 3871 2589 3936 tanquam
2619 3879 2786 3919 causa
2812 3880 2907 3935 per
2934 3864 3214 3938 ellectum,
3241 3873 3303 3922 ut
3333 3866 3586 3923 voluntas

2000 3954 2251 4012 audiendi
2275 3954 2488 4011 Missam
2519 3956 2808 4011 coniuncta
2830 3962 2912 4010 est
2941 3972 3071 4013 curn
3100 3962 3230 4012 actu
3257 3954 3508 4013 audiendi
3531 3956 3592 4011 li-

2000 4048 2151 4103 bero:
2183 4044 2320 4101 alter
2348 4051 2454 4115 est,
2479 4042 2699 4117 quando
2730 4051 2892 4101 actus
2921 4046 3144 4103 interior
3172 4046 3588 4119 coniungendus

2001 4135 2265 4193 exteriori
2287 4133 2556 4206 perillum
2577 4150 2682 4189 non
2708 4136 3105 4204 manifestatur,
3133 4145 3194 4193 ut
3213 4141 3297 4192 est
3317 4138 3367 4191 in
3397 4135 3590 4191 eodem

1998 4226 2246 4297 exemplo
2286 4223 2511 4280 attentio
2551 4223 2852 4280 assistentis
2878 4225 2945 4281 ad
2985 4226 3201 4282 Missam
3241 4224 3588 4293 audiendam,

2002 4316 2083 4372 vel
2114 4314 2336 4371 intentio
2369 4310 2623 4369 audiendi
2667 4312 2808 4369 illam
2842 4322 3065 4386 propter
3107 4316 3200 4372 Dei
3235 4314 3469 4385 cultum,
3499 4313 3586 4369 vel

2003 4412 2226 4479 propter
2275 4410 2492 4474 turpem
2541 4402 2720 4461 linem.
2768 4404 2842 4459 De
2870 4405 3034 4475 priori
3071 4420 3207 4477 ergo
3243 4403 3406 4461 modo
3448 4402 3596 4483 nulla

2001 4504 2087 4552 est
2126 4494 2396 4567 quaestio,
2427 4494 2554 4565 quia
2583 4493 2634 4547 in
2662 4491 2809 4549 dicto
2835 4496 2996 4550 etiam
3027 4494 3149 4549 loco
3177 4500 3458 4551 ostensum
3486 4500 3594 4563 est,

2004 4584 2177 4657 legem
2219 4584 2510 4639 humanam
2532 4626 2545 4651 ,
2579 4588 2638 4639 ut
2665 4583 2766 4651 sic,
2796 4599 2954 4656 posse
2984 4584 3295 4655 praecipere
3335 4583 3595 4641 indirecte

2008 4672 2320 4729 huiusmodi
2350 4679 2535 4728 actum
2565 4673 2862 4744 internum,
2888 4674 2984 4746 qui
3011 4673 3080 4729 ad
3106 4681 3390 4731 externum
3420 4672 3600 4746 requi-

2007 4762 2147 4819 ritur
2179 4767 2438 4834 tanquam
2465 4762 2773 4817 necessaria
2800 4777 2968 4819 causa
2995 4762 3146 4833 eius,
3176 4764 3303 4835 quia
3331 4762 3415 4820 lex
3445 4777 3598 4835 prae-

2010 4852 2145 4924 cipit
2173 4857 2362 4908 actum
2402 4858 2688 4907 externum
2717 4849 3038 4919 humanum,
3062 4858 3119 4908 et
3145 4852 3312 4909 libere
3341 4868 3605 4910 exercen-

2012 4940 2177 4997 dum:
2209 4938 2544 5013 impossibile
2573 4946 2752 4997 autem
2779 4950 2866 4998 est
2887 4942 2990 4997 hoc
3019 4941 3180 5000 modo
3211 4941 3362 5000 illum
3391 4945 3603 5014 praeci·

2012 5046 2162 5103 pere,
2179 5032 2312 5104 quin
2336 5029 2496 5087 simul
2525 5032 2972 5103 compraecipiat,
2990 5037 3052 5086 ut
3075 5031 3152 5086 sic
3176 5043 3290 5087 rem
3312 5030 3601 5104 explicem,

2012 5119 2176 5176 talem
2204 5124 2412 5178 actum.
2429 5117 2733 5177 Reducitur
2759 5134 2890 5192 ergo
2902 5120 3147 5192 quaestio
3184 5118 3252 5175 ad
3282 5127 3442 5176 actus
3469 5124 3604 5178 inte-

2016 5211 2190 5267 riores
2220 5208 2508 5282 posteriori
2538 5206 2700 5268 modo
2723 5211 3048 5267 coniunctos
3078 5224 3206 5265 cum
3238 5210 3495 5267 externis.

3093 5316 3146 5356 u
