4325 6267
804 317 928 384 206
971 319 974 322 ’

721 459 886 522 litiam
907 467 962 521 et
979 461 1418 537 prohibitionem,
1432 467 1490 521 et
1507 464 1712 537 appetit
1730 469 1919 523 actum
1939 461 2092 521 illum
2116 477 2319 521 secun·

720 553 854 613 dum
883 571 940 612 se
970 561 1299 628 spectatum,
1323 555 1417 629 qui
1442 562 1506 613 ut
1526 555 1606 612 sic
1628 553 1806 612 malus
1828 570 1936 611 non
1955 561 2061 612 est.
2077 555 2148 612 Et
2169 553 2315 612 idem

723 644 1014 702 dicendum
1047 659 1177 702 cum
1205 645 1559 719 proportione
1597 653 1684 703 est
1708 643 1776 702 de
1804 643 2033 719 simplici
2074 643 2317 717 compla-

721 735 898 791 centia
927 751 1028 792 seu
1059 735 1421 793 delectatione
1447 735 1499 791 in
1527 743 1658 794 actu
1685 737 1776 794 illo
1805 736 2044 810 cogitato
2070 757 2085 810 ς
2119 751 2243 792 nam
2271 735 2315 792 si

724 823 847 881 talis
878 823 1168 883 delectatio
1211 825 1558 897 praescindat
1585 842 1616 884 a
1645 825 2036 899 prohibitione,
2081 833 2144 884 ut
2172 824 2317 883 ordi-

719 915 871 972 narie
898 915 1014 972 fieri
1042 914 1185 972 solet
1207 915 1258 973 in
1287 916 1524 988 actibus,
1549 917 1644 990 qui
1667 915 1848 974 solum
1877 922 2008 974 sunt
2027 914 2316 989 mali,quia

716 1004 1000 1079 prohibiti,
1032 1021 1096 1062 eo
1126 1007 1246 1078 ipso
1274 1022 1381 1064 nou
1408 1013 1495 1064 est
1521 1006 1586 1064 de
1615 1006 1830 1066 obiecto
1851 1007 2017 1082 malo,
2039 1013 2095 1064 et
2123 1021 2317 1064 conse-

719 1100 954 1168 quenter
981 1110 1091 1152 non
1120 1095 1442 1168 prohibetur
1466 1113 1531 1156 ex
1561 1097 1610 1153 vi
1637 1097 1758 1155 talis
1780 1096 1935 1170 legis,
1959 1099 2086 1174 quia
2111 1113 2213 1154 nec
2234 1095 2315 1154 di-

719 1191 900 1260 recte,
931 1199 1031 1242 nec
1059 1184 1348 1260 indirecte,
1383 1195 1445 1245 ut
1470 1205 1537 1246 ex
1564 1187 1724 1246 dictis
1763 1193 2000 1246 constat.
2041 1188 2097 1244 Si
2132 1193 2315 1246 autem

720 1279 846 1350 quis
881 1275 1253 1335 delectaretur
1282 1278 1348 1335 de
1376 1277 1468 1335 illo
1497 1284 1625 1336 actu
1655 1277 1978 1336 involvendo
2008 1285 2314 1352 transgres-

720 1367 928 1423 sionem
963 1367 1265 1440 praecepti,
1295 1373 1515 1440 utputa,
1546 1368 1675 1442 quia
1707 1367 2014 1426 delectatur
2042 1369 2311 1442 cogitans,

719 1473 778 1530 se
807 1456 859 1513 id
892 1456 1074 1514 facere
1105 1473 1214 1514 non
1235 1456 1483 1515 obstante
1505 1459 1858 1531 prohibitione
1881 1458 2032 1532 legis3
2057 1461 2136 1516 sic
2161 1475 2313 1516 com·

719 1547 987 1630 placentia
1013 1554 1163 1605 esset
1189 1548 1351 1621 mala,
1382 1549 1488 1607 imo
1525 1556 1673 1607 esset
1700 1548 1923 1625 quidam
1963 1554 2313 1622 contemptus

719 1637 872 1711 legis,
904 1639 988 1696 vel
1017 1638 1279 1712 formalis,
1311 1638 1397 1697 vel
1424 1639 1618 1698 saltem
1646 1640 1916 1715 virtuaIiS,
1945 1645 2002 1697 et
2025 1639 2148 1697 ideo
2177 1639 2308 1698 indi·

718 1736 870 1787 recte
895 1728 1215 1802 prohibetur
1237 1747 1333 1804 per
1362 1731 1557 1806 legem.

795 1821 876 1876 Ex
905 1819 1108 1892 quibus
1136 1819 1360 1894 intelligi
1385 1826 1586 1892 potest,
1612 1818 1833 1877 duobus
1855 1820 2032 1878 modis
2053 1835 2213 1892 posse
2236 1819 2311 1877 le·

718 1923 841 1982 gem
872 1908 1166 1967 humanam
1207 1909 1513 1983 prohibere,
1562 1909 1649 1967 vel
1691 1911 2007 1983 praecipere
2045 1909 2311 1967 indirecte

718 2001 1000 2057 internum
1033 2007 1220 2058 actum
1245 2043 1259 2072 ,
1289 2000 1504 2058 scilicet
1531 2001 1616 2058 vel
1643 2016 1710 2058 ex
1741 2008 1894 2073 parte
1928 2007 2117 2073 actus,
2161 2003 2312 2059 com-¹

718 2091 1103 2164 prehendendo
1133 2091 1286 2148 illum
1309 2099 1567 2166 tanquam
1599 2107 1824 2149 causam
1865 2091 2146 2150 formalem
2166 2132 2183 2164 ,
2210 2108 2309 2149 seu

718 2191 927 2257 partem
953 2189 1111 2240 actus
1137 2182 1359 2240 humani
1375 2183 1649 2257 completi,
1669 2184 1764 2256 qui
1779 2183 2215 2256 estcompositus
2242 2198 2311 2240 ex

715 2274 959 2331 interiori
989 2280 1045 2329 et
1077 2273 1335 2331 exteriori
1367 2280 1530 2341 actu3
1557 2272 1640 2340 vel
1661 2289 1728 2332 ex
1756 2278 1906 2345 parte
1929 2272 2120 2330 obiecti
2150 2280 2311 2330 actus

713 2364 1008 2436 interioris,
1045 2362 1324 2422 reddendo
1353 2363 1486 2420 illud
1514 2380 1748 2437 pravum
1775 2370 1830 2422 et
1855 2366 2191 2421 contrarium
2221 2378 2308 2423 re·

713 2461 835 2513 ctae
865 2455 1078 2516 rationi..
1108 2455 1372 2528 Priorque
1415 2453 1612 2511 modus
1641 2455 1932 2527 praecipue
1971 2454 2218 2512 cernitur
2258 2455 2309 2532 in

715 2547 928 2605 actibus
973 2546 1292 2604 efficacibus
1321 2549 1376 2602 et
1415 2544 1712 2617 absolutis,
1747 2547 1843 2619 qui
1885 2544 2205 2602 ordinantur
2243 2542 2312 2601 ad

713 2638 1091 2696 executionem
1128 2636 1310 2707 operis
1338 2637 1621 2708 praecepti
1647 2641 1745 2692 aut
1765 2633 2043 2708 prohibiti,
2067 2640 2309 2709 suntque

715 2745 882 2786 causa
903 2729 1040 2784 eius:
1073 2727 1351 2799 posterior
1385 2741 1518 2783 vero
1545 2724 1742 2783 modus
1769 2725 2046 2796 invenitur,
2079 2725 2134 2780 in
2177 2727 2311 2782 acti-

713 2819 819 2875 bus
849 2816 1226 2874 inefficacibus
1265 2821 1320 2872 et
1358 2815 1716 2888 simplicibus,
1759 2817 1854 2889 qui
1889 2815 2014 2871 licet
2051 2829 2158 2870 non
2201 2816 2313 2872 sint

715 2924 940 2980 causae,
969 2923 1126 2964 suam
1154 2913 1334 2964 tamen
1357 2907 1620 2964 rationem
1643 2912 1870 2964 sumunt
1892 2907 1959 2964 ab
1981 2906 2230 2977 obiectis,
2254 2911 2313 2964 et

712 2999 915 3055 ratione
944 2997 1156 3054 illorum
1184 2996 1310 3054 boni
1337 2998 1421 3055 vel
1451 2997 1574 3054 mali
1602 2999 1756 3054 fiunt.
1791 2999 2034 3071 Denique
2063 2999 2116 3054 in
2145 2995 2311 3069 priori

715 3087 875 3146 modo
903 3093 1060 3145 actus
1093 3088 1317 3145 interior
1343 3087 1526 3162 aliquo
1563 3086 1726 3144 modo
1763 3094 1851 3145 est
1887 3086 2112 3144 materia
2151 3087 2307 3160 legis,

715 3187 931 3254 estque,
957 3185 1020 3236 ut
1043 3179 1118 3235 sic
1146 3177 1346 3253 dicam,
1367 3184 1822 3250 compraeceptus
1845 3192 1940 3250 per
1970 3177 2165 3252 legem,
2184 3176 2312 3252 quia

715 3287 814 3344 per
844 3285 903 3327 se
936 3269 1276 3342 praecipitur
1307 3273 1470 3325 actus
1510 3267 1784 3325 humanus
1824 3266 2114 3340 sensibilis3
2157 3282 2310 3323 com·

716 3361 1049 3434 praecipitur
1077 3365 1258 3416 autem
1289 3373 1440 3432 pars,
1470 3364 1527 3415 et
1552 3359 1706 3432 quasi
1733 3358 1911 3416 forma
1937 3359 2074 3431 eius,
2097 3358 2309 3416 etiamsi

715 3450 1038 3508 insensibilis
1070 3456 1125 3507 et
1153 3449 1446 3523 spiritualis
1475 3449 1568 3522 sit,
1597 3439 1741 3506 sicut
1779 3465 1876 3521 per
1917 3465 1976 3506 se
2015 3457 2309 3522 generatur

715 3541 900 3614 homo,
937 3546 992 3597 et
1031 3542 1209 3597 anima
1249 3548 1656 3613 congeneratur
1697 3557 1799 3597 suo
1842 3539 2006 3597 modo
2038 3547 2310 3614 quatenus

716 3632 890 3687 forma
918 3629 1148 3687 hominis
1174 3637 1281 3700 est,
1314 3630 1506 3687 saltem
1533 3629 1715 3703 quoad
1755 3630 2010 3687 unionem
2037 3645 2167 3688 cum
2196 3647 2311 3687 ma-

717 3722 869 3778 teria.
901 3722 970 3778 Et
996 3719 1115 3778 ideo
1139 3719 1446 3778 secundum
1467 3719 1614 3777 hunc
1635 3720 1860 3778 modum
1883 3736 1990 3777 non
2013 3719 2191 3778 solum
2212 3736 2310 3794 po-

715 3816 828 3869 test
852 3811 1091 3883 praecipi
1121 3814 1281 3867 actus
1303 3811 1548 3883 interior,
1578 3811 1675 3884 qui
1695 3816 1782 3866 est
1802 3809 2055 3868 voluntas
2078 3827 2309 3883 operan-

717 3903 790 3976 di,
820 3902 915 3960 sed
943 3903 1104 3958 etiam
1136 3901 1314 3957 omnis
1343 3901 1432 3957 ille
1458 3906 1617 3957 actus
1648 3901 1862 3973 mentis,
1887 3901 2000 3958 sine
2022 3908 2307 3976 quoactus

715 3995 952 4051 exterior
974 3999 1300 4067 praeceptus
1322 4007 1444 4050 esse
1465 4007 1570 4049 non
1599 3997 1795 4064 potest,
1813 3997 1894 4066 ut,
1910 3995 1954 4049 si
1975 3991 2130 4050 miles
2150 4008 2306 4065 prae·

717 4085 920 4156 cipitur
958 4082 1234 4140 custodire
1281 4098 1489 4156 arcem,
1533 4091 1936 4156 consequenter
1977 4083 2308 4156 praecipitur

717 4175 963 4250 vigilare,
991 4181 1050 4232 et
1078 4173 1377 4244 attendere,
1408 4179 1465 4230 et
1493 4172 1536 4229 si
1566 4176 1816 4246 superior
1843 4174 2106 4248 praecipit
2126 4175 2309 4234 stude·

717 4282 796 4337 re,
812 4265 1160 4323 attentionem
1173 4270 1231 4321 et
1255 4263 1676 4337 applicationem
1703 4264 1863 4322 animi
1892 4267 2304 4339 compraecipit,

715 4364 775 4414 et
799 4357 880 4412 sic
907 4354 976 4412 de
991 4353 1142 4426 -aliis,
1175 4359 1236 4410 ut
1270 4360 1424 4411 notat
1449 4353 1680 4430 sylvest.
1710 4353 1876 4411 verbo
1917 4355 2099 4426 hora„
2121 4370 2179 4428 q.
2220 4361 2305 4426 lt,

717 4453 776 4504 et
801 4446 1047 4503 dicemus
1076 4441 1219 4500 infra
1246 4443 1428 4514 latius,
1465 4444 1748 4501 tractando
1776 4443 1842 4501 de
1871 4444 1988 4519 lege
2016 4445 2302 4501 canonica.

716 4542 786 4593 At
813 4549 942 4592 vero
970 4533 1022 4590 in
1049 4532 1332 4606 posteriori
1361 4532 1519 4590 modo
1540 4541 1699 4591 actus
1723 4535 1942 4592 interior
1964 4551 2070 4591 non
2090 4539 2176 4591 est
2196 4550 2307 4592 ma·

717 4626 851 4684 teria
871 4624 1006 4698 legis
1039 4623 1325 4696 humanae,
1357 4622 1453 4680 sed
1482 4632 1732 4683 versatur
1757 4625 1905 4682 circa
1925 4627 2205 4682 materiam
2234 4625 2309 4683 le-

716 4716 797 4790 gis
823 4715 1124 4786 humanae,
1155 4720 1212 4770 et
1248 4730 1314 4771 ex
1357 4713 1655 4771 mutatione
1677 4715 1896 4788 morali,
1934 4730 2072 4789 quae
2111 4731 2209 4790 per
2236 4714 2312 4773 le-

718 4823 844 4882 gem
875 4805 935 4862 fit
972 4805 1120 4862 circa
1157 4803 1300 4861 illam
1330 4804 1640 4878 materiam,
1671 4805 1905 4863 resultat
1929 4805 2129 4864 malitia
2152 4806 2205 4862 in
2232 4807 2311 4863 in-

718 4897 904 4956 teriori
927 4903 1059 4954 actu
1081 4895 1338 4968 propositi
1361 4902 1458 4953 aut
1470 4894 1720 4954 desiderii
1741 4895 1807 4954 de
1829 4897 1920 4955 tali
1936 4897 2159 4956 materia
2180 4913 2309 4971 pro·

717 4985 887 5045 hibita
913 4986 980 5043 ad
1007 4984 1406 5059 eum·modum,
1430 5001 1542 5059 quo
1571 5002 1745 5043 unum
1772 4981 2058 5046 relativum
2083 4986 2312 5046 resultat

717 5093 780 5134 ex
808 5077 1112 5135 mutatione
1142 5074 1366 5133 alterius
1392 5077 1652 5148 extremi,
1681 5082 1736 5134 et
1761 5077 1877 5137 ideo
1916 5079 2038 5137 talis
2079 5077 2308 5137 mutatio

721 5185 830 5226 non
851 5167 1065 5225 excedit
1085 5172 1408 5241 potestatem
1429 5165 1746 5226 humanam.
1777 5169 1964 5226 Solum
1985 5175 2199 5248 poterat
2216 5169 2307 5228 hic

718 5273 1003 5334 superesse
1031 5255 1346 5330 difficultas,
1377 5271 1446 5315 an
1471 5259 1645 5332 possit
1683 5258 1786 5318 alio
1825 5257 1987 5319 modo
2027 5260 2304 5335 prohiberi

2172 332 2375 386 mmm
2400 333 2509 384 111.

2384 475 2481 535 per
2506 460 2684 538 legem
2710 447 3025 534 humanam,
3057 458 3140 519 vel
3163 458 3401 533 praecipi
3422 461 3581 516 actus
3600 457 3823 518 interior
3841 473 3981 518 cum

2385 552 2657 626 exteriori,
2686 569 2817 612 cum
2842 570 2954 627 quo
2982 559 3177 610 neutro
3204 568 3272 610 ex
3298 549 3458 608 dictis
3486 549 3660 607 modis
3690 564 3980 609 connexus

2386 642 2474 700 sit.
2512 642 2617 701 Sed
2647 643 2781 701 haec
2810 643 3104 702 difficultas
3133 641 3384 724 specialis
3423 656 3543 697 esse
3571 639 3792 700 videtur
3818 641 3871 698 in
3901 639 3980 698 le-

2386 731 2547 805 gibus
2573 735 2873 810 canonicis,
2902 740 2957 792 et
2982 731 3105 792 ideo
3142 732 3196 789 in
3230 729 3324 790 lib.
3356 731 3445 789 tv.
3486 729 3820 790 commodius
3862 737 3975 790 tra-

2384 823 2645 882 ctabitur.

2930 1001 3206 1073 CAPUT
3246 999 3426 1070 XIV.
3470 1061 3478 1070 .

2614 1205 2825 1266 mrum
2852 1205 3021 1260 actus
3044 1203 3401 1275 praeteritus
3421 1202 3613 1275 possit
3638 1215 3759 1260 esse

2735 1308 2812 1351 επ
2838 1294 3102 1351 materia
3126 1289 3267 1366 legis
3292 1291 3617 1350 humanae.

2954 1472 3407 1536 summarium

2382 1661 2431 1713 1.
2458 1662 2608 1715 Ratio
2630 1660 3111 1714 dubitandi.-Lex
3134 1661 3235 1712 alia
3259 1666 3339 1712 est
3360 1659 3691 1725 declarativa,
3718 1661 3820 1712 alia
3853 1675 3975 1714 con·

2446 1732 2847 1784 stitutiva.—-2.
2869 1733 2973 1784 Lex
2990 1731 3321 1792 declarativa,
3343 1737 3590 1796 quantum
3606 1739 3687 1783 est
3706 1731 3759 1782 in
3783 1745 3859 1794 se,
3872 1747 3975 1784 non

2448 1810 2647 1855 tantum
2672 1803 2867 1865 futura,
2894 1803 2981 1854 sed
3006 1803 3163 1852 etiam
3186 1803 3465 1866 praeterita
3488 1800 3973 1866 comprehendit.-

2448 1874 2501 1925 3.
2530 1875 2633 1925 Lex
2656 1873 2969 1924 declarativa
2992 1887 3092 1924 non
3116 1881 3196 1923 est
3221 1873 3399 1935 regula
3422 1873 3660 1935 actionis,
3680 1872 3769 1923 sed
3788 1885 3975 1937 suppo-

2446 1945 2523 1996 nit
2549 1945 2707 2007 illam,
2735 1950 2788 1994 et
2812 1943 3347 2008 interpretatum—4.
3376 1941 3569 1994 Satisfit
3594 1943 3977 1994 obiectioni.—

2448 2015 2553 2065 Lex
2571 2013 2843 2079 aliquando
2859 2021 2940 2065 est
2959 2014 3147 2078 partim
3168 2011 3503 2074 declarativa,
3516 2013 3704 2077 partim
3722 2013 3973 2064 constitu-

2449 2085 2833 2136 tiva.-—Motus
2856 2085 3094 2149 proprius
3118 2084 3262 2146 xysti
3285 2083 3344 2134 V.
3359 2083 3490 2134 -5.
3518 2083 3725 2147 Triplex
3746 2089 3826 2134 est
3850 2082 3973 2133 effe-

2447 2162 2565 2207 ctus
2590 2156 2737 2219 legis:
2768 2156 3012 2218 obligatio
3034 2155 3088 2204 in
3111 2153 3444 2216 conscientia,
3470 2166 3649 2218 poena,
3669 2159 3724 2204 et
3744 2153 3975 2205 irritatio

2446 2226 2799 2289 aetus—Qui
2822 2230 3097 2276 excusatur
3122 2236 3152 2274 a
3176 2225 3345 2287 culpa,
3374 2225 3427 2275 in
3450 2225 3585 2274 omni
3610 2223 3783 2286 rigore
3816 2237 3973 2274 excu-

2445 2303 2590 2348 satur
2615 2307 2642 2345 a
2669 2309 2829 2360 poena
2852 2296 3007 2346 etiam
3035 2295 3143 2358 ipso
3167 2295 3281 2345 iure
3307 2294 3430 2357 lata,
3456 2295 3499 2344 si
3523 2295 3728 2359 proprie
3762 2293 3832 2345 sit
3854 2307 3976 2360 poe-

2448 2378 2533 2429 na3
2553 2379 2702 2431 secus
2726 2367 2769 2417 si
2788 2366 2858 2417 sit
2876 2365 3041 2416 solum
3063 2363 3351 2415 indecentia
3369 2377 3461 2415 seu
3478 2365 3854 2429 irregularitas,
3876 2365 3975 2415 nisi

2446 2438 2571 2488 haec
2594 2438 2750 2488 etiam
2772 2437 2839 2487 sit
2865 2447 2987 2486 vere
3008 2435 3241 2499 imposita
3268 2435 3321 2484 in
3345 2432 3795 2498 poenam—Quid
3819 2433 3886 2485 de
3904 2435 3977 2485 ir-

2449 2508 2712 2559 ritatione.
2726 2533 2795 2544 —
2808 2507 2859 2558 6.
2887 2506 2991 2556 Lex
3014 2505 3345 2556 constitutiva
3366 2504 3495 2555 iuris
3513 2516 3577 2554 ex
3593 2517 3684 2556 sua
3706 2511 3893 2555 natura
3910 2505 3977 2556 de

2382 2601 2394 2612 ‘
2447 2577 2639 2629 futuris
2668 2583 2867 2628 tantum
2890 2576 3141 2627 datur.—
3155 2577 3507 2640 Praeceptum,
3530 2581 3587 2626 ut
3610 2575 3731 2637 tale,
3752 2574 3865 2625 dari
3885 2587 3977 2625 ne-

2446 2650 2560 2714 quit
2586 2649 2684 2699 nisi
2709 2648 2773 2698 de
2798 2647 2992 2698 futuro.
3004 2673 3075 2684 —-
3088 2646 3138 2696 7.
3158 2645 3289 2708 Quid
3305 2645 3371 2696 de
3386 2645 3572 2697 effectu
3590 2657 3781 2712 poenae
3797 2645 3975 2696 dicen-

2446 2719 2845 2771 dum—Motus
2871 2718 3107 2783 proprius
3130 2717 3209 2768 Pii
3241 2729 3381 2781 papoe
3412 2716 3616 2768 v.--8.
3643 2717 3776 2768 Raro
3805 2721 3974 2779 potest

2448 2790 2530 2840 lex
2552 2789 2617 2839 de
2642 2802 2772 2840 novo
2796 2789 3007 2839 irritans
3030 2786 3093 2837 ad
3118 2795 3264 2838 actus
3288 2788 3385 2838 iam
3417 2785 3579 2838 factos
3612 2785 3840 2841 extendi,
3875 2799 3975 2836 non

2448 2867 2619 2912 tamen
2644 2865 2894 2924 repugnat
2922 2859 3141 2909 omniuo.
3156 2857 3288 2909 -9,
3316 2857 3421 2908 Lex
3444 2856 3655 2922 loquens
3678 2856 3743 2908 de
3773 2862 3974 2921 praete-

2446 2931 2551 2981 rito
2574 2931 2887 2995 regulariter
2912 2933 3077 2979 totum
3101 2935 3300 2992 tempus
3324 2926 3724 2992 comprehendit.

2462 3092 2511 3147 1.
2538 3089 2597 3145 ln
2619 3089 2819 3162 triplici
2838 3093 2985 3146 statu
3002 3093 3237 3161 possunt
3250 3083 3581 3144 considerari
3602 3090 3758 3144 actus
3780 3084 3973 3144 huma-

2378 3179 2467 3252 ni,
2499 3179 2694 3250 futuri,
2724 3185 3065 3250 praesentes,
3096 3184 3154 3235 et
3178 3178 3283 3234 iam
3312 3176 3461 3234 sacti.
3492 3179 3567 3234 De
3594 3177 3793 3234 suturis
3819 3177 3973 3234 nulla

2378 3276 2466 3326 est
2488 3268 2754 3342 quaestio,
2772 3269 2904 3342 quia
2923 3273 3131 3325 certum
3154 3272 3331 3338 est,et
3349 3283 3451 3339 pro
3470 3265 3573 3324 illis
3596 3267 3824 3325 maxime
3845 3267 3971 3341 poni

2378 3358 2522 3432 leges
2552 3358 2849 3428 humanas,
2880 3373 3003 3430 cap.
3038 3363 3068 3416 2
3090 3398 3105 3430 ,
3128 3363 3184 3414 et
3212 3371 3337 3429 cap.
3369 3356 3471 3414 ult.
3503 3357 3571 3415 de
3592 3357 3810 3414 constit.
3841 3358 3971 3414 etin

2378 3448 2417 3505 1.
2458 3447 2627 3522 leqes,
2660 3453 2716 3506 et
2742 3451 3206 3514 constitutiones,
3248 3447 3309 3503 C.
3342 3446 3411 3504 de
3438 3446 3648 3521 legibus
3676 3447 3831 3504 Ratio
3860 3453 3968 3516 est,

2378 3539 2510 3612 quia
2537 3538 2620 3596 lex
2650 3539 2866 3610 ponitur
2893 3545 2956 3594 ut
2981 3538 3172 3612 regula
3196 3537 3546 3610 operationis,
3570 3536 3758 3610 regula
3783 3543 3972 3594 autem

2378 3629 2608 3702 supponi
2638 3627 2799 3685 debet
2824 3627 2892 3686 ad
2920 3643 3087 3701 opus,
3118 3634 3204 3685 est
3237 3631 3383 3686 enim
3425 3643 3529 3685 suo
3574 3626 3737 3684 modo
3766 3626 3967 3700 princi-

2376 3719 2525 3792 pium
2548 3718 2797 3787 actioniS,
2818 3723 2875 3776 et
2892 3717 3012 3775 ideo
3034 3720 3262 3775 maxime
3281 3716 3447 3776 datur
3470 3723 3693 3791 propter
3714 3717 3964 3774 futuram

2375 3811 2663 3868 actionem.
2696 3811 2770 3866 De
2797 3808 3167 3882 praesentibus
3194 3808 3499 3867 actionibus
3526 3807 3657 3866 nihil
3682 3806 3970 3880 distingui-

2376 3917 2524 3974 mus,
2554 3900 2650 3958 sed
2679 3915 2808 3957 cum
2836 3899 3141 3972 praeteritis
3162 3915 3256 3956 eas
3286 3915 3639 3958 numeramus
3659 3943 3673 3970 ,
3706 3898 3836 3974 quia
3861 3899 3967 3956 iam

2378 3998 2765 4065 supponuntur
2790 3989 2967 4047 sactae
2994 3989 3199 4065 absque
3228 3990 3377 4064 lege,
3409 3991 3622 4049 etiamsi
3660 3989 3963 4063 contingat,

2376 4082 2533 4140 simul
2567 4090 2810 4155 tempore
2848 4080 3105 4152 existere,
3138 4080 3221 4137 vel
3262 4089 3412 4139 certe
3452 4081 3498 4137 si
3538 4095 3809 4154 ponamus
3851 4079 3966 4138 fieri

2376 4181 2442 4234 ex
2470 4176 2521 4232 vi
2562 4173 2717 4250 legis,
2747 4173 2799 4229 in
2841 4171 3031 4231 eodem
3072 4177 3372 4243 momento,
3404 4172 3457 4228 in
3494 4187 3607 4246 quo
3647 4170 3809 4232 datur
3848 4171 3963 4244 lex,

2374 4267 2480 4325 iam
2510 4269 2898 4338 comparantur
2925 4264 2993 4322 ad
3018 4262 3193 4336 legem
3221 4279 3319 4336 per
3361 4262 3587 4320 modum
3623 4261 3816 4320 futuri.
3852 4261 3963 4320 Sed

2375 4357 2465 4413 hic
2503 4354 2759 4429 operandi
2793 4355 2989 4413 modus
3023 4353 3077 4411 in
3113 4354 3315 4428 angelis
3342 4356 3559 4428 potius,
3588 4369 3756 4428 quam
3784 4354 3838 4410 in
3868 4353 3967 4413 ho·

2376 4445 2609 4504 minibus
2632 4446 2843 4518 concipi
2865 4451 3065 4518 potest.
3091 4446 3259 4518 Igitur
3278 4444 3346 4502 de
3365 4447 3673 4519 praeteritis
3694 4453 3778 4504 est
3794 4461 3965 4521 quae-

2378 4536 2499 4594 stio.
2531 4537 2603 4594 Et
2630 4533 2768 4593 ratio
2791 4534 3066 4592 dubitandi
3089 4535 3261 4593 oritur
3281 4550 3349 4592 ex
3371 4537 3615 4609 proxime
3636 4535 3969 4611 dictis,quia

2376 4628 2601 4684 materia
2628 4624 2857 4682 alicuius
2886 4625 3101 4698 regulae
3128 4641 3239 4681 non
3267 4631 3354 4682 est
3378 4625 3607 4684 effectus
3628 4626 3735 4683 iam
3756 4625 3963 4699 sactus;

2376 4732 2503 4774 nam
2532 4716 2601 4774 ad
2637 4714 2793 4773 illum
2835 4714 2962 4772 nihil
3004 4715 3253 4772 conferre
3293 4722 3499 4789 potest;
3530 4716 3614 4774 lex
3654 4723 3841 4774 autem
3880 4724 3968 4775 est

2374 4805 2565 4880 regula
2604 4811 2795 4878 actus3
2824 4820 2957 4878 ergo
2993 4821 3103 4863 non
3139 4813 3319 4878 potest
3354 4806 3554 4864 habere
3589 4822 3686 4879 pro
3726 4807 3962 4864 materia

2374 4902 2565 4979 actum
2593 4895 2961 4969 praeteritum.
2988 4897 3049 4952 In
3076 4897 3411 4954 contrarium
3438 4911 3568 4954 vero
3593 4903 3704 4970 est,
3726 4897 3860 4970 quia
3878 4895 3968 4954 di-

2377 4992 2472 5044 cta
2500 4987 2621 5044 iura
2640 4983 2858 5057 docent,
2888 5000 3049 5057 posse
3071 4985 3246 5060 legem
3268 4985 3559 5044 humanam
3577 4983 3868 5060 disponere
3893 4985 3963 5044 de

2377 5078 2702 5152 praeteritiS,
2734 5079 2782 5133 si
2807 5076 3079 5150 legislator
3104 5076 3249 5134 velit.
3280 5075 3669 5152 Distinguenda
3701 5067 3805 5136 est'
3824 5093 3959 5152 ergo

2377 5170 2577 5242 duplex
2604 5169 2717 5224 lex:
2748 5167 3015 5241 quaedam
3055 5165 3259 5224 dicitur
3295 5167 3655 5240 declarativa,
3688 5167 3789 5226 alia
3825 5184 3963 5228 con÷

2374 5260 2616 5332 stitutiva
2639 5259 2794 5332 iuris,
2824 5274 3061 5333 quarum
3086 5259 3271 5334 legum
3293 5257 3591 5318 differentia
3613 5274 3685 5318 ex
3700 5259 3839 5334 ipsis
3863 5275 3959 5318 vo·
