4325 6267
1799 368 2008 417 CAPUT
2036 370 2136 417 lx.

307 494 498 566 perior
529 493 784 549 iniuriam
819 492 892 550 illi
935 492 1130 563 iaciat,
1165 494 1325 550 talem
1354 499 1544 550 actum
1575 492 1910 564 praecipien-

311 581 410 639 do.
437 582 614 649 Quam
641 580 1039 639 distinctionem
1069 580 1291 638 tradidit
1317 581 1374 638 d.
1404 582 1504 638 Th.
1545 591 1592 639 ι.
1629 586 1687 649 2,
1720 598 1776 654 q.
1810 584 1906 652 96,

307 676 418 727 art.
453 674 509 729 4.
541 672 688 727 Haec
722 686 854 744 ergo
890 671 1120 725 assertio
1148 670 1469 742 intelligitur
1496 670 1562 726 de
1593 670 1757 741 priori
1786 685 1909 741 par-

309 765 389 829 te,
421 775 522 815 seu
551 759 715 817 modo
743 759 878 831 legis
906 758 1111 829 iustae,
1144 775 1269 815 nam
1296 758 1362 815 ad
1385 756 1823 831 distinguendam
1847 757 1911 814 il-

307 846 422 904 lam
445 847 513 903 ab
535 847 707 904 altera
730 853 884 919 parte
902 847 1158 913 diximus,
1185 845 1358 919 legem
1380 846 1576 904 debere
1599 848 1739 903 iusta
1757 862 1912 918 prae-

309 937 522 1007 cipere.
573 938 857 993 Praeterea
893 936 1104 995 iustitia
1141 936 1419 993 interdum
1446 937 1714 1009 significat
1742 936 1910 1007 parti·

310 1025 562 1081 cularem
605 1025 901 1087 virtutem.
942 1023 1218 1081 interdum
1257 1040 1387 1081 vero
1427 1040 1616 1081 omnes
1646 1027 1906 1096 virtutes3

311 1115 408 1170 hic
449 1130 577 1171 vero
615 1115 915 1186 generatim
957 1112 1340 1185 accipiendum
1365 1120 1482 1184 est,
1513 1130 1644 1169 cum
1673 1112 1909 1170 dicimus

311 1204 490 1277 legem
520 1201 718 1259 debere
753 1217 872 1258 esse
901 1203 1104 1259 iustam
1125 1243 1140 1273 ,
1171 1201 1300 1274 quia
1328 1200 1414 1272 id,
1445 1200 1595 1275 quod
1624 1202 1908 1274 praecipit,

313 1292 424 1348 tale
450 1306 574 1347 esse
605 1290 786 1359 debet,
821 1298 884 1347 ut
909 1290 1050 1347 iuste
1078 1297 1134 1347 et
1160 1290 1387 1347 honeste
1417 1305 1514 1347 seu
1540 1290 1780 1346 studiose
1801 1291 1912 1346 fieri

311 1382 514 1452 possit.
534 1380 920 1436 Verumtamen
950 1379 1086 1435 haec
1111 1379 1226 1451 ipsa
1253 1378 1491 1435 conditio
1511 1378 1802 1450 dupliciter
1822 1394 1913 1435 ex-

311 1469 511 1540 plicari
543 1472 755 1539 potest,
789 1466 998 1523 scilieet
1023 1467 1109 1522 vel
1140 1466 1405 1539 negative,
1437 1473 1501 1523 ut
1529 1467 1737 1524 scilicet
1763 1466 1911 1540 quod

313 1556 684 1627 praecipitur,
717 1570 818 1611 nec
846 1556 1134 1618 iniustum,
1167 1570 1271 1611 nec
1302 1561 1460 1626 turpe
1490 1556 1586 1626 sit,
1621 1554 1703 1611 vel
1731 1557 1914 1627 positi·

315 1659 404 1715 ve,
437 1652 500 1701 ut
527 1644 600 1700 sit
628 1644 835 1699 iustum
861 1648 918 1698 et
942 1641 1251 1699 honestum.

393 1730 642 1789 Conditio
689 1748 820 1803 ergo
868 1732 1002 1789 haec
1052 1732 1343 1804 praecipue
1387 1733 1705 1806 intelligitur
1751 1733 1914 1805 priori

315 1820 514 1891 modo,
547 1826 608 1877 et
633 1821 714 1875 sic
734 1826 822 1876 est
847 1819 1100 1889 evidens3
1125 1821 1229 1878 alia
1255 1836 1388 1879 vero
1409 1823 1617 1881 ratione
1641 1822 1916 1879 invenitur

317 1910 370 1964 in
416 1909 632 1982 legibus
671 1906 894 1979 divinis,
923 1916 981 1965 et
1019 1908 1178 1966 aliter
1217 1912 1272 1965 in
1317 1910 1590 1966 humanis.
1622 1912 1682 1968 ln
1721 1911 1915 1967 divinis

317 2000 464 2054 enim
489 1998 627 2054 ratio
647 2004 736 2053 est
756 1996 1032 2053 rectitudo
1053 2013 1150 2068 per
1170 2000 1468 2055 essentiam
1489 1998 1702 2055 divinae
1725 1998 1916 2055 volun·

319 2091 469 2146 tatis.
503 2090 600 2145 Est
625 2088 768 2145 enim
794 2090 936 2144 Deus
964 2103 1180 2143 summe
1207 2087 1386 2144 bonus
1408 2130 1423 2159 ,
1447 2095 1502 2144 et
1529 2087 1650 2145 ideo
1681 2104 1788 2145 non
1819 2103 1918 2160 po-

323 2184 431 2235 test
449 2176 652 2250 aliquid
675 2192 906 2249 pravum
929 2176 1264 2247 praecipere.
1293 2178 1423 2233 ltem
1447 2178 1578 2250 quia
1599 2194 1706 2233 non
1738 2183 1918 2249 potest

319 2271 464 2325 Deus
491 2268 594 2323 sihi
623 2282 744 2323 esse
770 2266 1124 2337 contrarius3
1155 2279 1286 2337 ergo
1314 2280 1417 2321 nec
1448 2267 1727 2322 contraria
1755 2265 1916 2323 simul

319 2358 674 2429 praecipere,
715 2360 968 2412 manente
1009 2355 1436 2425 contrarietate,
1481 2354 1563 2411 vel
1603 2354 1736 2428 erg'o
1777 2371 1916 2427 opus

321 2452 684 2517 praeceptum
711 2444 818 2501 tale
845 2450 959 2513 est,
984 2449 1048 2499 ut
1075 2443 1226 2499 nullo
1250 2442 1414 2500 modo
1437 2446 1610 2516 possit
1629 2444 1696 2501 ab
1717 2444 1808 2500 illo
1833 2460 1917 2501 se-

323 2536 502 2605 parari
557 2533 848 2606 iniquitas,
893 2540 957 2589 ut
997 2538 1086 2588 est
1132 2533 1379 2604 mentiri,
1413 2533 1492 2589 vel
1543 2532 1670 2589 odio
1719 2532 1917 2590 habere

322 2627 532 2695 Deum,
579 2623 662 2680 vel
701 2623 748 2678 ei
787 2620 1124 2693 sufficienter
1163 2618 1406 2694 loquenti
1437 2637 1547 2678 non
1575 2620 1830 2693 credere,
1862 2628 1920 2678 et

323 2712 552 2785 similia,
582 2712 668 2768 vel
696 2717 783 2769 est
810 2710 914 2767 tale
933 2748 950 2779 ,
994 2715 1060 2766 ut
1083 2710 1152 2765 ab
1178 2726 1245 2765 eo
1274 2713 1448 2782 possit
1473 2710 1682 2769 malitia
1701 2726 1919 2783 separa-

324 2802 400 2871 ri,
433 2808 650 2858 mutata
689 2801 914 2859 materia
936 2842 950 2868 ,
981 2799 1067 2855 vel
1103 2799 1364 2868 operandi
1393 2799 1556 2856 modo
1576 2840 1591 2870 ,
1625 2807 1688 2857 ut
1711 2806 1798 2857 est
1823 2800 1919 2856 ho·

327 2890 492 2947 minis
511 2892 718 2947 occisio
733 2930 749 2962 ,
771 2889 856 2945 vel
879 2888 1010 2961 quid
1033 2889 1224 2945 simile.
1239 2888 1466 2956 Quando
1487 2906 1628 2961 opus
1648 2896 1734 2946 est
1754 2889 1920 2962 priori

325 2978 496 3035 modo
523 2978 813 3035 intrinsece
843 2977 1081 3050 malum,
1103 2993 1171 3034 eo
1191 2979 1312 3049 ipso
1343 2977 1662 3048 prohibetur
1686 2979 1802 3051 lege
1827 2993 1920 3035 na-

327 3068 530 3141 turali,
559 3074 617 3125 et
642 3075 1047 3139 consequenter
1077 3083 1108 3124 a
1144 3070 1288 3137 Deo,
1323 3042 1399 3123 ut⁰
1418 3072 1503 3123 est
1542 3073 1740 3123 auctor
1775 3068 1917 3139 eius3

324 3174 464 3231 ergo
499 3155 832 3228 impossibile
869 3163 984 3227 est,
1025 3162 1088 3213 ut
1130 3156 1212 3213 lex
1238 3155 1423 3212 divina
1461 3155 1692 3227 positiva
1719 3155 1920 3227 aliquid

324 3252 526 3305 contra
551 3246 692 3303 hanc
721 3245 1028 3303 naturalem
1055 3244 1320 3302 iustitiam
1341 3246 1660 3315 contineat,
1683 3244 1810 3301 licet
1829 3260 1923 3299 su-

327 3352 434 3408 pra
471 3333 623 3393 illam
659 3334 834 3391 multa
870 3337 1046 3406 possit
1079 3334 1423 3407 praecipere,
1452 3350 1595 3407 quae
1623 3338 1676 3391 in
1705 3350 1808 3391 suo
1837 3349 1924 3389 or-

329 3424 460 3481 dine
491 3432 625 3480 sunt
659 3421 1059 3480 honestissima.
1093 3424 1149 3479 Si
1180 3429 1362 3479 autem
1394 3438 1535 3494 opus
1561 3424 1632 3478 sit
1660 3424 1924 3495 posterio-

329 3514 411 3569 ris
437 3511 693 3583 rationis,
725 3527 792 3567 eo
823 3512 976 3582 ipso,
1007 3510 1158 3584 quod
1187 3526 1219 3567 a
1249 3514 1358 3567 Deo
1387 3510 1754 3583 praecipiatur
1773 3554 1787 3582 ,
1819 3512 1926 3567 erit

329 3601 658 3670 honestum,
690 3607 756 3657 ut
782 3600 834 3655 in
862 3600 1006 3657 l'acto
1037 3597 1284 3657 Abrahae
1311 3598 1490 3656 videre
1519 3599 1670 3670 lieet3
1696 3607 1755 3656 et
1783 3599 1924 3656 idem

323 3696 416 3746 cst
441 3692 496 3745 in
527 3690 820 3759 similibus,
845 3688 912 3745 de
939 3689 1142 3761 quibus
1163 3687 1415 3745 dicemus
1443 3688 1607 3761 inira,
1637 3687 1923 3745 tractando

327 3778 400 3835 de
429 3778 832 3850 dispensatione
868 3777 999 3849 legis
1035 3777 1318 3834 naturaliS.
1351 3778 1446 3833 Hic
1482 3781 1628 3834 enim
1655 3780 1927 3849 posterior

331 3866 533 3924 modus
570 3866 934 3938 praecipiendi
964 3866 1156 3939 (quod
1183 3866 1484 3923 notandum
1512 3865 1631 3935 est)
1661 3882 1766 3923 non
1797 3883 1929 3923 con·

330 3956 496 4029 tingit
516 3957 572 4013 in
599 3955 946 4028 generalibus
969 3954 1179 4029 legibus
1202 3954 1392 4011 divinis
1407 3995 1423 4025 ,
1443 3955 1537 4011 sed
1559 3954 1626 4011 ad
1647 3972 1926 4012 summum

327 4047 384 4100 in
415 4043 690 4116 aliquibus
717 4050 776 4101 et
803 4044 941 4099 raris
968 4042 1348 4114 personalibus
1370 4044 1676 4114 praeceptis
1694 4085 1710 4113 ,
1731 4050 1786 4101 et
1805 4043 1929 4100 ideo

327 4133 402 4191 de
427 4134 639 4206 legibus
661 4133 850 4191 divinis
871 4132 1336 4189 evidentissimum
1357 4139 1463 4206 est,
1483 4134 1766 4191 continere
1788 4149 1931 4191 sem·

329 4239 430 4294 per
458 4223 565 4279 hoc
597 4222 834 4279 iustitiae
859 4237 1056 4296 genus.

409 4314 488 4369 De
529 4310 741 4383 legibus
782 4316 967 4366 autem
1012 4310 1294 4381 humanis,
1325 4309 1428 4365 hoc
1458 4307 1721 4366 fundatur
1747 4310 1798 4365 in
1827 4308 1930 4367 alio

329 4400 624 4472 principio.
653 4400 788 4455 Nam
817 4398 1092 4470 legislator
1121 4397 1393 4454 humanus
1421 4413 1528 4454 non
1557 4398 1718 4455 habet
1739 4397 1932 4455 volun-

333 4498 506 4547 tatem
547 4488 882 4561 perfectam,
925 4488 1074 4545 sicut
1115 4489 1289 4557 Deus,
1319 4493 1376 4543 et
1398 4486 1520 4543 ideo
1551 4494 1822 4559 quantum
1850 4492 1934 4544 est

329 4598 398 4636 ex
427 4596 488 4636 se
505 4620 521 4649 ,
551 4583 609 4635 et
627 4576 810 4651 quoad
834 4578 1042 4633 sactum
1065 4583 1246 4648 potest
1272 4576 1548 4634 interdum
1569 4576 1752 4649 iniqua
1777 4593 1932 4650 prae-

329 4672 551 4739 cipere,
592 4675 658 4724 ut
694 4671 940 4737 constat,
981 4681 1086 4720 non
1116 4673 1296 4721 tamen
1326 4664 1486 4739 habet
1512 4671 1834 4736 potestatem
1863 4664 1931 4722 ad

329 4755 686 4829 obligandum
731 4770 828 4826 per
867 4756 1082 4827 iniquas
1122 4754 1302 4828 leges3
1343 4762 1402 4810 et
1439 4755 1560 4810 ideo
1601 4755 1726 4813 licet
1748 4756 1934 4829 iniqua

329 4844 662 4917 praecipiat,
709 4841 816 4899 tale
857 4850 1214 4914 praeceptum
1257 4858 1364 4899 non
1407 4849 1492 4899 est
1518 4842 1638 4913 lex,
1669 4843 1796 4914 quia
1825 4845 1931 4900 vim

330 4943 429 4992 aut
471 4934 718 4990 valorem
759 4930 828 4987 ad
865 4929 1218 5003 obligandum
1245 4948 1352 4988 non
1382 4932 1576 4988 habet:
1609 4932 1806 5004 loquor
1835 4949 1933 4989 au-

334 5030 442 5081 tem
471 5022 540 5079 de
570 5036 736 5092 opere
765 5022 986 5092 iniquo,
1015 5019 1162 5091 quod
1193 5020 1266 5075 sit
1291 5026 1484 5076 contra
1515 5021 1688 5093 legem
1711 5029 1928 5079 natura-

331 5114 437 5169 lem
465 5116 566 5168 aut
591 5109 852 5166 divinam.
877 5109 1012 5165 Nam
1041 5109 1084 5164 si
1104 5109 1171 5165 sit
1193 5108 1397 5165 malum
1415 5150 1431 5180 ,
1457 5109 1635 5165 solum
1659 5111 1784 5183 quia
1806 5127 1932 5183 pro-

333 5201 566 5259 hibitum
599 5200 718 5272 lege
748 5198 986 5257 humana
1007 5240 1022 5267 ,
1049 5206 1106 5255 et
1133 5197 1222 5255 illa
1251 5198 1424 5271 possit
1451 5199 1652 5257 aul'erri
1680 5199 1933 5271 pensub-

3422 356 3503 417 37

1981 496 2299 563 sequentem
2329 490 2535 563 legem3
2570 491 2672 547 iam
2699 490 2787 549 illa
2816 492 3083 565 posterior
3116 493 3199 549 lex
3226 509 3333 550 non
3372 494 3479 550 erit
3504 495 3571 551 de

1981 594 2146 650 opere
2178 578 2353 650 malo,
2384 580 2543 651 quia,
2575 587 2829 637 revocata
2857 582 3033 652 priori·
3049 581 3202 653 lege,
3224 582 3437 638 tollitur
3459 598 3575 638 ma-

1981 667 2088 723 litia
2133 668 2334 738 operis.
2368 670 2437 723 Et
2476 669 2550 724 ita
2590 676 2675 725 est
2714 669 2866 725 clara
2907 671 3043 727 ratio
3071 671 3421 742 assertionis,
3454 679 3573 727 tum

1979 755 2110 827 quia
2139 755 2229 811 illa
2260 762 2503 827 potestas
2530 762 2618 812 est
2642 772 2672 811 a
2696 759 2802 812 Deo
2822 776 2836 829 3
2864 773 3003 830 quae
3026 765 3211 815 autem
3234 773 3265 814 a
3286 761 3395 815 Deo
3417 766 3571 827 sunt,

1981 844 2231 900 ordinata
2264 852 2427 915 sunt3
2467 861 2598 918 ergo
2639 852 2723 902 est
2758 845 2883 902 data
2908 848 2959 901 in
2991 846 3197 904 bonum
3228 849 3361 905 etin
3390 848 3575 905 aedili-

1981 933 2253 989 cationem
2272 974 2288 1005 ,
2320 951 2425 991 non
2456 935 2507 989 in
2538 934 2741 991 malum
2766 950 2864 990 seu
2884 937 2937 989 in
2960 934 3409 993 destructionem.
3434 938 3572 993 Tum

1979 1022 2140 1076 etiam
2163 1060 2179 1091 ,
2210 1023 2341 1094 quia
2370 1022 2554 1079 nullus
2583 1024 2803 1079 inferior
2826 1030 3003 1094 potest
3023 1024 3263 1097 obligare
3285 1031 3475 1082 contra
3499 1026 3575 1081 le-

1981 1124 2103 1182 gem
2143 1116 2201 1165 et
2240 1110 2573 1167 voluntatem
2616 1112 2945 1183 superioris,
2986 1112 3083 1169 sed
3118 1113 3202 1169 lex
3234 1114 3572 1185 praecipiens

1982 1213 2213 1269 pravum
2253 1206 2443 1256 actum
2480 1207 2567 1255 est
2603 1206 2798 1256 contra
2825 1199 2998 1273 legem
3032 1200 3117 1256 Dei
3146 1200 3480 1272 prohibentis
3510 1203 3574 1257 il-

1981 1285 2128 1357 lum,
2157 1301 2291 1358 ergo
2320 1302 2428 1343 non
2458 1294 2639 1358 potest
2666 1288 2935 1361 obligare,
2959 1290 3088 1361 quia
3114 1289 3439 1361 impossibile
3466 1297 3573 1362 est,

1984 1376 2233 1433 homines
2256 1376 2417 1433 simul
2443 1376 2670 1449 obligari
2688 1377 2753 1433 ad
2778 1377 3072 1451 agendum,
3094 1384 3151 1433 et
3172 1394 3277 1434 non
3301 1378 3574 1452 agendum

1982 1465 2216 1539 aliquid:
2262 1468 2307 1521 si
2336 1474 2522 1523 autem
2553 1482 2692 1537 opus
2723 1483 2953 1538 pravum
2982 1474 3067 1523 est
3091 1466 3427 1539 prohibitum
3457 1468 3575 1539 lege

1982 1553 2193 1625 divina,
2224 1571 2329 1611 non
2374 1561 2555 1626 potest
2595 1555 2677 1611 lex
2720 1556 2983 1612 inferioris
3015 1556 3207 1613 tollere
3238 1555 3385 1612 illam
3414 1572 3577 1627 supe-

1984 1643 2138 1699 rioris
2170 1642 2554 1717 obligationem
2572 1664 2597 1721 3‘
2614 1660 2748 1717 ergo
2770 1660 2872 1700 nec
2902 1652 3083 1717 potest
3109 1645 3368 1702 inducere
3393 1662 3573 1717 suam;

1984 1720 2116 1805 erg'o
2157 1734 2275 1790 eius
2318 1733 2399 1789 lex
2439 1731 2507 1788 de
2548 1734 2639 1789 tali
2678 1749 2841 1804 opere
2874 1750 2981 1789 non
3019 1739 3348 1805 potestesse
3376 1733 3571 1790 valida.

1985 1822 2056 1876 Et
2094 1820 2162 1877 de
2204 1820 2303 1877 hac
2347 1822 2549 1878 iustitia
2588 1821 2719 1894 legis
2749 1821 3081 1895 loquebatur
3109 1824 3251 1893 Aug.
3286 1820 3379 1877 lib.
3425 1827 3472 1880 t.
3504 1820 3579 1879 de

1984 1907 2167 1966 libero
2201 1909 2377 1967 arbit.
2411 1925 2536 1982 cap.
2574 1918 2629 1981 5,
2659 1926 2791 1967 cum
2817 1909 2971 1967 dixit:
3012 1912 3166 1968 Mihi
3192 1909 3292 1967 lete
3316 1926 3438 1967 esse
3462 1928 3580 1967 non

1982 1996 2247 2067 videtur,
2284 2014 2437 2071 quae
2461 2002 2628 2056 iusta
2647 1997 2996 2072 vtonstcerit.
3028 2000 3100 2056 Et
3119 1997 3187 2056 de
3212 1998 3402 2056 eadem
3423 1999 3579 2055 intel-

1987 2087 2074 2159 ligi
2117 2094 2329 2159 potest,
2374 2087 2522 2162 quod
2564 2087 2703 2145 dicit
2742 2087 2877 2145 libro
2908 2088 2980 2145 de
3016 2104 3161 2145 vera
3188 2087 3360 2163 reliq.
3394 2104 3447 2145 c.
3482 2094 3573 2147 31:

1993 2174 2285 2233 Conditor
2322 2175 2519 2249 legum
2560 2174 3013 2251 temporalium,
3047 2180 3099 2233 si
3138 2180 3231 2233 vir
3259 2176 3442 2233 bonus
3468 2182 3571 2243 est,

1987 2268 2224 2339 sapiens
2262 2264 2447 2338 legem
2486 2264 2737 2323 consulit
2774 2271 3113 2335 aeternam,
3149 2272 3215 2323 ut
3254 2266 3580 2325 secumdum

1985 2356 2114 2411 eius
2150 2344 2668 2413 incommutabiles
2703 2354 2972 2428 regulas,
3006 2354 3154 2429 quid
3185 2359 3264 2412 sit
3296 2372 3407 2429 pro
3434 2362 3580 2412 tem·

1980 2458 2126 2516 pore
2163 2441 2503 2509 vitandum,
2549 2441 3007 2517 iubentiumque,
3052 2443 3374 2502 discernat.
3420 2443 3577 2501 Unde

1987 2532 2133 2588 sicut
2161 2534 2243 2591 lex
2274 2538 2495 2589 aeterna
2519 2508 2700 2588 solum
2722 2534 2866 2589 iusta
2895 2534 3189 2605 praecipit,
3208 2534 3335 2606 quia
3355 2541 3443 2591 est
3463 2535 3578 2604 ipsa

1985 2624 2190 2680 iustitia
2216 2637 2310 2694 per
2339 2621 2663 2690 essentiam,
2696 2621 2772 2677 ita
2800 2636 2926 2677 vera
2954 2621 3039 2678 lex
3068 2622 3307 2678 humana
3336 2638 3457 2679 esse
3485 2622 3580 2678 de·

1987 2712 2079 2768 bet
2107 2712 2451 2783 participatio
2478 2712 2596 2766 eius
2618 2751 2634 2779 ,
2657 2716 2713 2766 et
2738 2710 2855 2767 ideo
2885 2727 2991 2767 non
3024 2718 3207 2783 potest
3228 2712 3402 2768 valide
3425 2727 3581 2783 prae-

1986 2800 2168 2872 cipere
2207 2801 2305 2857 nisi
2342 2800 2485 2855 iusta
2513 2806 2569 2854 et
2595 2799 2851 2871 honesta,
2883 2800 3034 2855 iuxta
3062 2799 3194 2856 illud
3222 2800 3482 2857 Proverb.
3521 2806 3574 2859 8:

1986 2892 2108 2947 Per
2133 2905 2227 2947 me
2251 2904 2415 2962 reyes
2442 2892 2722 2960 regnant,
2756 2892 2813 2943 et
2837 2886 3036 2961 legum
3064 2887 3394 2947 conditores
3420 2892 3583 2946 iusta

1987 2978 2334 3036 decernunt.

2070 3072 2120 3124 3.
2153 3069 2335 3138 Atque
2371 3065 2495 3121 hinc
2536 3064 2769 3122 ulterius
2810 3066 3195 3131 concluditur,
3227 3066 3364 3123 hanc
3394 3064 3583 3123 condi-

1991 3157 2193 3213 tionem
2214 3196 2228 3224 ,
2268 3156 2429 3211 etiam
2470 3156 2701 3226 positive
2732 3154 3095 3229 intellectam,
3126 3172 3248 3213 esse
3276 3156 3343 3213 de
3373 3158 3580 3212 ratione

1990 3244 2149 3315 legis3
2181 3246 2433 3315 quamvis
2461 3259 2566 3299 non
2600 3259 2710 3299 uno
2736 3250 2792 3300 et
2816 3245 3011 3301 eodem
3040 3245 3202 3303 modo
3233 3244 3459 3317 singulis
3488 3260 3585 3316 ap·

1989 3331 2239 3403 plicanda
2274 3331 2364 3387 sit.
2403 3332 2727 3387 Declaratur
2764 3334 2915 3404 prior
2952 3348 3079 3404 pars
3117 3348 3185 3391 ex
3214 3333 3573 3405 praecedenti3

1991 3436 2116 3477 nam
2147 3422 2192 3476 si
2222 3426 2382 3477 actus
2406 3427 2737 3492 praeceptus
2766 3437 2871 3477 non
2894 3430 2979 3478 est
3002 3421 3180 3477 malus
3202 3421 3269 3478 de
3299 3437 3388 3493 se,
3412 3429 3468 3479 et
3488 3436 3585 3494 per

1993 3509 2331 3581 superiorem
2358 3510 2695 3581 praecipitur
2713 3552 2727 3579 ,
2752 3523 2819 3566 eo
2841 3509 2957 3581 ipso
2982 3516 3163 3581 potest
3183 3510 3408 3568 honeste
3432 3526 3588 3569 exer-

1992 3598 2135 3669 ceri,
2165 3597 2295 3669 quia
2330 3612 2396 3653 ex
2434 3597 2485 3652 vi
2522 3598 2795 3668 praecepti
2832 3598 3028 3671 recipit
3066 3598 3305 3672 aliquam
3334 3598 3583 3655 honesta-

1994 3691 2104 3743 tem
2126 3726 2141 3754 ,
2172 3686 2386 3742 etiamsi
2422 3684 2489 3740 de
2528 3700 2585 3740 se
2620 3685 2763 3741 illam
2802 3701 2909 3742 non
2938 3702 3153 3759 semper
3181 3686 3398 3744 habeat.
3432 3688 3590 3744 Sicut

1991 3775 2138 3831 enim
2168 3780 2329 3830 actus
2358 3772 2427 3830 de
2465 3790 2523 3829 se
2554 3790 2661 3830 non
2698 3774 2875 3831 malus
2904 3776 2962 3831 lit
2999 3777 3174 3832 malus
3204 3792 3300 3849 per
3326 3777 3585 3834 iniustam

1992 3862 2408 3935 prohibitionem
2439 3863 2767 3935 superioris,
2794 3864 2865 3919 ita
2892 3872 3055 3921 actus
3083 3863 3151 3921 de
3181 3880 3239 3921 se
3270 3881 3377 3921 non
3406 3866 3589 3936 bonus

1995 3968 2175 4025 neque
2204 3953 2380 4009 malus
2419 3968 2513 4024 per
2550 3953 2725 4025 legem
2752 3953 3170 4025 praecipientem
3200 3956 3344 4011 iuste
3375 3956 3465 4011 liet
3489 3955 3588 4011 bo-

1997 4041 2132 4113 nus‘3
2178 4047 2234 4097 et
2273 4042 2348 4097 ita
2387 4056 2602 4113 semper
2645 4042 2725 4097 lex
2766 4048 2851 4099 est
2876 4040 2942 4097 de
2972 4042 3112 4098 bono
3144 4048 3308 4112 actu,
3342 4044 3471 4115 quia
3503 4040 3587 4097 vel

1996 4130 2203 4186 bonurn
2234 4131 2497 4202 supponit
2518 4168 2533 4199 ,
2564 4129 2644 4185 vel
2678 4130 2827 4186 l'acit.
2859 4130 2928 4186 Et
2954 4130 3027 4186 ita
3062 4137 3283 4188 constat
3312 4132 3582 4202 posterior

1997 4236 2144 4293 pars.
2180 4220 2314 4275 Nam
2342 4226 2504 4276 actus
2532 4219 2811 4291 praecepti
2839 4234 2935 4291 per
2959 4219 3133 4292 legem
3162 4219 3435 4276 interdum
3459 4237 3589 4292 sup-

1997 4315 2281 4384 ponuntur
2318 4307 2445 4365 boni
2486 4314 2541 4364 et
2581 4308 2790 4364 honesti
2815 4305 2882 4365 de
2910 4324 2999 4377 se,
3028 4315 3082 4363 et
3110 4323 3206 4380 per
3235 4308 3407 4382 legem
3446 4309 3591 4365 acci-

1999 4400 2155 4473 piunt
2184 4402 2393 4454 tantum
2422 4396 2802 4453 necessitatem
2826 4403 2881 4452 et
2900 4396 3321 4469 obligationem,
3348 4399 3474 4471 quia
3498 4414 3595 4453 an-

2001 4497 2086 4546 tea
2109 4493 2266 4545 erant
2286 4486 2597 4553 voluntarii,
2622 4490 2887 4541 eteorum
2910 4486 3127 4542 omissio
3150 4502 3257 4542 non
3283 4493 3401 4544 erat
3424 4474 3586 4559 mala3

2000 4587 2124 4650 post
2163 4576 2327 4632 latam
2366 4583 2551 4632 autem
2592 4574 2763 4645 legem
2806 4574 3024 4630 omissio
3064 4574 3122 4631 fit
3148 4574 3317 4647 mala,
3345 4584 3402 4632 et
3429 4584 3592 4633 actus

1999 4668 2056 4723 fit
2084 4666 2427 4721 necessarius
2455 4662 2521 4719 ad
2549 4663 2889 4720 honestatem
2912 4706 2925 4733 ,
2960 4671 3022 4721 ut
3048 4670 3200 4736 patet
3224 4664 3292 4722 de
3330 4674 3461 4722 actu
3492 4683 3592 4723 au-

1997 4754 2181 4813 diendi
2213 4755 2472 4825 missam,
2504 4752 2808 4820 ieiunandi,
2843 4753 2927 4809 vel
2956 4753 3245 4811 similibus.
3280 4754 3588 4827 Aliquando

2003 4860 2132 4902 vero
2162 4843 2247 4899 lex
2278 4843 2443 4899 datur
2470 4840 2537 4898 de
2567 4856 2729 4913 opere
2758 4840 2824 4898 de
2856 4857 2913 4897 se
2940 4842 3311 4913 indifferente,
3337 4852 3403 4901 ut
3428 4844 3496 4901 de
3516 4844 3590 4902 l'e-

1999 4933 2183 4991 rendis
2212 4931 2292 4988 vel
2325 4947 2431 4985 non
2460 4929 2698 4987 seren’dis
2727 4930 2887 4986 armis
2920 4931 3008 4987 tali
3038 4938 3282 5004 tempore
3317 4941 3415 4990 aut
3442 4934 3590 5006 loco,

1999 5031 2056 5081 et
2082 5021 2345 5078 similibus
2370 5038 2387 5091 3
2424 5027 2482 5076 et
2517 5027 2649 5076 tunc
2680 5026 2841 5077 actus
2868 5020 2927 5077 tit
2957 5019 3137 5077 bonus
3162 5028 3219 5077 et
3252 5037 3319 5078 ex
3346 5022 3593 5081 efficacia

1999 5118 2057 5169 et
2077 5127 2144 5167 ex
2175 5110 2275 5166 tine
2305 5109 2473 5181 legis,
2505 5123 2647 5181 quae
2676 5108 2931 5165 honestas
2968 5108 3236 5166 ordinarie
3266 5113 3501 5182 pertinet
3524 5112 3594 5170 ad

2002 5201 2239 5273 aliquam
2282 5197 2575 5271 specialem
2618 5198 2878 5255 virtutem
2912 5198 3065 5256 iuxta
3094 5198 3450 5270 capacitatem
3475 5214 3595 5258 ma-
