4325 6267
903 334 986 397 72

818 476 889 534 ab
930 475 1016 533 illa
1057 476 1366 535 damnatur.
1408 475 1708 543 Probabilis
1747 474 1974 549 quidem
2011 481 2098 533 est
2124 476 2413 549 expositi03

816 565 894 621 illi
935 572 1113 623 tamen
1149 583 1257 623 non
1284 568 1515 624 libenter
1544 568 1850 640 assentior,
1880 569 2010 640 quia
2039 567 2307 623 sententia
2334 566 2421 623 illa

818 657 874 710 in
894 654 982 712 illo
1003 672 1170 713 sensu
1192 656 1324 713 nihil
1347 658 1554 716 referre
1576 658 1795 715 videtur
1819 655 1891 713 ad
1910 658 2266 715 intentionem
2282 658 2423 714 Pau-

819 743 877 816 li,
897 760 998 802 nec
1020 744 1089 801 ad
1112 740 1363 818 causam,
1389 763 1556 819 quam
1579 748 1634 803 in
1657 746 1744 803 illo
1766 746 1888 804 loco
1913 747 2207 817 tractabat3
2226 762 2422 819 quam-

815 836 902 890 vis
944 836 1090 891 enim
1131 833 1218 891 lex
1244 832 1420 893 'vetus
1449 853 1557 893 non
1588 836 1878 893 damnaret
1903 851 2052 908 eum,
2083 836 2179 909 qui
2207 835 2276 891 ab
2302 836 2421 907 Spi-

819 924 933 981 ritu
959 930 1155 981 sancto
1192 924 1448 995 ducitur,
1489 932 1676 997 posset
1702 924 1857 981 illum
1888 922 2147 997 obligare,
2178 925 2329 981 sicut
2354 923 2421 981 de

819 1015 1002 1089 Moyse
1028 1019 1083 1070 et
1110 1014 1178 1071 de
1207 1014 1486 1086 prophetis
1517 1014 2006 1088 argumentabatur
2026 1014 2413 1089 Hieronymus.

817 1104 952 1161 ltem
994 1104 1124 1176 quia
1169 1102 1474 1176 simplicius
1499 1111 1555 1160 et
1583 1106 1842 1176 proprius
1871 1109 2107 1175 possunt
2133 1102 2227 1159 illa
2253 1102 2421 1159 verba

819 1192 1080 1263 explicari
1123 1192 1238 1249 sine
1276 1194 1389 1250 ullo
1425 1192 1805 1266 incommodo,
1835 1199 1898 1249 ut
1929 1192 2130 1251 dicam.
2163 1194 2301 1250 Item
2329 1192 2419 1249 illo

815 1282 1006 1351 modo,
1025 1283 1120 1356 qui
1138 1281 1363 1340 ducitur
1387 1284 1455 1339 ab
1477 1283 1682 1355 Spiritu
1706 1290 1922 1356 sancto,
1937 1300 2044 1339 non
2065 1289 2154 1339 est
2176 1283 2279 1340 sub
2301 1282 2420 1355 lege

818 1372 1077 1442 naturali,
1103 1387 1209 1427 nec
1241 1372 1344 1429 sub
1371 1373 1488 1446 lege
1509 1374 1843 1447 evangelica,
1871 1372 2020 1446 quod
2042 1372 2270 1447 Paulus,
2294 1388 2419 1431 ere-

819 1463 914 1535 do,
945 1478 1052 1518 non
1083 1460 1326 1519 dixisset.

905 1555 992 1610 12.
1024 1552 1209 1607 Tertio
1239 1551 1403 1625 igitur
1431 1560 1664 1623 possunt
1685 1554 1772 1610 illa
1795 1553 1962 1612 verba
1983 1553 2307 1626 simpliciter
2326 1568 2420 1611 ac-

821 1642 968 1714 cipi,
1011 1648 1077 1697 ut
1109 1656 1228 1695 non
1253 1656 1377 1697 esse
1405 1640 1512 1697 sub
1540 1641 1662 1715 que
1691 1644 1764 1699 sit
1789 1658 1909 1699 non
1934 1642 2106 1699 subdi
2129 1641 2246 1715 le9i
2272 1645 2419 1699 scri-

815 1736 962 1807 ptae
981 1773 994 1795 ,
1043 1735 1106 1785 ut
1145 1730 1350 1801 scripta
1377 1737 1497 1803 est,
1527 1745 1592 1786 ex
1621 1733 1980 1801 necessitate,
2013 1747 2111 1787 seu
2141 1747 2249 1787 uon
2280 1732 2419 1787 indi-

822 1834 948 1893 gere
977 1817 1096 1889 illa3
1126 1818 1220 1890 qui
1250 1834 1445 1875 sensus
1475 1820 1696 1878 videtur
1727 1820 1899 1877 facilis
1940 1826 1998 1877 et
2035 1820 2418 1880 accommoda-

821 1916 913 1967 tus
955 1908 1128 1966 textui
1154 1915 1210 1964 et
1237 1908 1518 1966 intentioni
1548 1910 1723 1967 Pauli.
1759 1911 1879 1981 lpse
1907 1911 2050 1967 enim
2081 1908 2417 1981 persuadere

819 2000 1068 2071 volebat,
1105 2013 1256 2055 nunc
1282 2014 1390 2055 non
1419 2014 1541 2056 esse
1571 2000 1817 2057 fidelibus
1847 2002 2216 2058 necessariam
2246 2000 2417 2072 legem

820 2088 1054 2165 Moysis,
1083 2102 1258 2161 neque
1285 2087 1353 2143 ab
1379 2089 1458 2143 eis
1487 2104 1608 2145 esse
1636 2088 1979 2161 servandam,
2013 2096 2076 2145 ut
2101 2094 2322 2146 constat
2349 2104 2413 2147 ex

821 2181 924 2236 tine
966 2178 1134 2235 totius
1173 2177 1463 2249 epistolae,
1494 2183 1549 2233 et
1585 2194 1652 2234 ex
1681 2177 1943 2235 discursu
1972 2177 2415 2249 praecedentium

821 2269 1100 2340 capitum,
1135 2274 1193 2324 et
1227 2267 1546 2339 praesertim
1586 2282 1653 2323 ex
1691 2268 1868 2325 verbis
1899 2267 2002 2324 illis
2034 2284 2090 2326 e.
2121 2272 2189 2327 ⁴:
2224 2271 2417 2325 Dicite

819 2358 996 2425 mihi,
1047 2358 1150 2429 qui
1189 2355 1294 2411 sub
1337 2354 1458 2428 leqe
1496 2354 1673 2413 vultis
1711 2372 1864 2423 esse,
1913 2355 2098 2430 leqem
2127 2372 2247 2413 non
2274 2355 2419 2430 leqi-

821 2454 954 2518 stis,
993 2453 1104 2504 etc.
1135 2445 1238 2504 Ubi
1267 2460 1390 2501 esse
1421 2448 1526 2501 sub
1561 2446 1678 2521 lege
1709 2462 1815 2503 non
1845 2447 2130 2520 significat,
2161 2449 2265 2505 sub
2292 2464 2419 2520 poe-

823 2556 896 2596 na
921 2536 1006 2594 vel
1032 2534 1382 2591 damnatione
1411 2534 1820 2606 contineri,sed
1842 2535 2024 2593 solum
2042 2551 2162 2593 esse
2190 2536 2297 2593 sub
2322 2537 2417 2594 ol)-

819 2628 1076 2701 ligatione
1111 2624 1226 2681 eius
1268 2628 1323 2679 et
1345 2622 1448 2679 sub
1472 2623 1815 2681 observantia
1853 2623 1995 2681 illius
2017 2631 2299 2699 tamquam
2320 2642 2413 2683 ne·

823 2718 1098 2774 cessariae
1126 2712 1194 2770 ad
1218 2711 1478 2783 salutem,
1502 2718 1565 2767 ut
1585 2712 1799 2771 videtur
1821 2730 1917 2784 per
1940 2730 1998 2770 se
2018 2721 2234 2772 notum.
2259 2716 2417 2772 Hunc

821 2821 960 2878 ergo
987 2818 1221 2875 scopum
1252 2815 1589 2874 prosequens
1612 2801 1814 2859 Paulus
1838 2803 2025 2875 incipit
2047 2819 2169 2875 cap.
2200 2808 2253 2861 5:
2279 2806 2419 2863 Sta-

822 2902 906 2964 te,
956 2898 1012 2951 et
1047 2890 1227 2948 nolite
1263 2893 1486 2947 iterum
1520 2894 1659 2963 iuqo
1687 2895 1986 2948 servitutis
2014 2896 2337 2955 contineri:
2364 2900 2421 2951 et

819 2990 948 3057 post
972 2982 1164 3039 multa:
1197 2982 1333 3047 Vos,
1363 2980 1565 3051 inquit,
1594 2983 1659 3035 in
1684 2979 2014 3037 libert-atem
2035 2985 2233 3039 vocati
2254 2986 2411 3051 estis,

803 3072 1073 3147 fratres,
1105 3074 1338 3129 tantum
1365 3084 1437 3125 ne
1466 3068 1804 3126 libertatem
1827 3072 1888 3126 in
1918 3074 2293 3128 occasionem
2321 3071 2417 3129 de-

818 3166 896 3220 tis
922 3164 1145 3219 carnis.
1176 3159 1383 3227 Quibus
1413 3158 1590 3214 verbis
1620 3157 1804 3230 docet,
1835 3159 1912 3215 ita
1937 3174 2058 3216 esse
2083 3160 2415 3217 christianos

818 3252 1014 3310 liberos
1037 3250 1106 3307 ab
1135 3248 1460 3321 obligatione
1491 3247 1625 3319 legis
1653 3248 1846 3324 Moysi,
1878 3254 1945 3304 ut
1969 3253 2151 3305 tamen
2176 3265 2284 3305 non
2309 3250 2420 3306 sint

815 3341 971 3398 liberi
1014 3356 1045 3396 a
1088 3339 1202 3412 lege
1241 3338 1422 3395 divina
1458 3335 1694 3393 naturali
1733 3335 1959 3394 honeste
1987 3337 2223 3408 vivendi,
2252 3343 2308 3394 et
2334 3354 2420 3395 se-

817 3428 1065 3487 cundum
1108 3428 1407 3497 rationem,
1449 3439 1557 3480 non
1597 3425 1904 3481 secundum
1943 3427 2123 3483 carnis
2151 3427 2418 3499 concupi-

817 3518 1102 3576 scentiam.
1144 3518 1215 3571 Et
1253 3514 1355 3571 hae
1393 3514 1685 3571 occasione
1712 3514 1980 3586 declarat,
2013 3532 2287 3573 summam
2318 3516 2419 3574 hu·

817 3611 904 3666 ius
944 3608 1080 3679 legis
1120 3604 1382 3662 naturalis
1410 3606 1464 3659 in
1493 3602 1612 3676 lege
1641 3606 1887 3661 caritatis
1915 3605 2145 3677 positam
2174 3620 2297 3662 esse
2316 3646 2333 3677 ,
2360 3612 2420 3663 et

817 3694 1327 3767 concupiscentiam
1348 3694 1534 3748 carnis
1555 3690 1829 3749 adiutorio
1853 3692 2020 3750 divini
2041 3694 2279 3767 Spiritus
2295 3709 2415 3751 esse

816 3784 1178 3857 vincendam,
1223 3789 1279 3840 et
1315 3781 1510 3839 deinde
1549 3782 1861 3855 subiungit:
1911 3782 2086 3858 Quod
2111 3786 2167 3841 si
2192 3786 2421 3860 Spiritu

817 3874 1128 3942 ducimini,
1167 3889 1288 3933 non
1315 3874 1452 3929 estis
1479 3870 1585 3929 sub
1613 3869 1753 3945 leqe.
1784 3874 1863 3929 Ac
1896 3872 1940 3927 si
1968 3872 2200 3941 diceret,
2226 3888 2420 3946 quam·

817 3966 901 4021 vis
946 3962 1320 4021 necessarium
1370 3961 1466 4031 sit,
1517 3961 1722 4033 Spiritu
1759 3959 1977 4017 vincere
2013 3964 2419 4033 concupiscen-

816 4054 981 4125 tiam,
1025 4068 1136 4108 non
1179 4051 1303 4108 ideo
1341 4049 1472 4106 estis
1500 4049 1605 4106 sub
1632 4049 1774 4123 lege,
1807 4050 1994 4122 utique
2021 4053 2229 4123 scripta
2256 4053 2312 4108 in
2340 4058 2420 4108 ta·

817 4142 986 4216 bulis,
1015 4142 1144 4216 quia
1173 4140 1258 4198 lex
1287 4140 1496 4211 scripta
1522 4142 1576 4196 in
1605 4139 1774 4197 corde
1802 4140 1954 4197 vobis
1983 4140 2213 4215 sufficit,
2244 4150 2301 4200 et
2327 4143 2421 4199 illa

817 4231 1098 4305 regimini,
1147 4231 1252 4286 imo
1291 4236 1348 4285 et
1383 4228 1693 4302 obligamini
1720 4244 1830 4286 non
1870 4231 2089 4301 speciali
2119 4231 2255 4305 legis
2286 4231 2419 4289 obli·

818 4323 1063 4395 gatione,
1108 4324 1204 4376 aut
1241 4318 1557 4391 monitione,
1587 4324 1644 4375 et
1669 4318 1787 4375 ideo
1817 4319 2126 4395 subiungit:
2157 4320 2421 4396 Manife-

817 4416 917 4469 sta
949 4415 1154 4468 autem
1191 4412 1332 4466 sunt
1367 4424 1549 4483 opera
1587 4410 1816 4477 carnis,
1849 4414 1960 4465 etc.
2005 4412 2086 4468 Ac
2114 4411 2158 4467 si
2186 4410 2414 4483 diceret,

817 4502 924 4557 iam
963 4515 1072 4556 non
1115 4496 1366 4571 indigetis
1395 4496 1513 4569 lege
1540 4504 1881 4555 monstrante
1911 4500 2309 4571 turpitudinem
2336 4506 2417 4558 ta-

818 4590 953 4650 lium
985 4604 1238 4662 operum,
1262 4596 1322 4646 et
1349 4603 1458 4644 non
1480 4587 1773 4644 adiuvante
1795 4587 1863 4644 ad
1887 4588 2156 4645 vincenda
2176 4590 2283 4646 illa.
2300 4590 2417 4663 Spi-

819 4681 965 4739 ritus
1003 4685 1186 4737 autem
1233 4676 1365 4749 legis
1403 4676 1608 4748 gratiae
1637 4676 1784 4735 clare
1813 4684 2085 4735 monstrat
2111 4677 2223 4749 illa,
2254 4686 2309 4737 et
2337 4681 2418 4737 iu·

817 4775 913 4826 vat
951 4766 1018 4825 ad
1047 4766 1138 4823 illa
1165 4765 1419 4838 vitanda:
1453 4781 1577 4821 nam
1611 4767 1702 4832 (ut
1729 4765 1997 4841 adiungit)
2010 4764 2261 4840 fructus
2287 4770 2416 4843 Spi-

817 4864 971 4919 ritus
1000 4862 1085 4915 est
1109 4858 1372 4917 caritas.
1406 4860 1515 4913 etc.
1547 4861 1603 4913 et
1629 4854 1749 4927 alii,
1781 4872 1930 4929 quos,
1950 4864 2241 4929 numerat3
2272 4864 2329 4915 et
2354 4863 2419 4915 ut

820 4946 1138 5008 ostenderet
1177 4944 1568 5017 perfectionem
1597 4944 1814 5003 illorum
1843 4945 2154 5019 fructuum,
2186 4947 2415 5005 conclu-

817 5038 929 5096 dit:
961 5034 1259 5094 Adversus
1300 5034 1640 5093 huiusmodi
1677 5052 1801 5093 non
1828 5039 1914 5093 est
1941 5035 2066 5099 lex:
2094 5052 2158 5094 ac
2190 5040 2235 5095 si
2264 5036 2415 5097 dice-

818 5135 933 5200 ret,
975 5126 1111 5182 haec
1139 5123 1268 5181 talia
1295 5130 1443 5198 sunt,
1477 5131 1540 5183 ut
1566 5124 1684 5197 lege
1713 5141 1819 5182 non
1850 5126 2246 5199 prohibeantur
2266 5168 2281 5199 ,
2312 5144 2413 5187 nec

817 5216 1095 5297 prohiberi
1125 5214 1356 5291 possint,
1387 5217 1516 5291 quia
1542 5230 1650 5273 non
1677 5220 2004 5291 potestesse
2031 5216 2308 5277 discordia
2335 5220 2413 5279 in-

2326 352 2530 402 LIBER
2570 352 2620 401 1.

2490 483 2579 533 ter
2606 476 2866 549 Spiritum
2892 482 2948 533 et
2974 476 3171 549 legem,
3202 481 3267 534 ut
3293 478 3364 535 ibi
3390 476 3613 550 exponit
3639 477 3699 534 d.
3726 477 3985 549 Thomas:
4010 478 4095 535 vel

2493 567 2537 621 si
2578 582 2883 639 pronomen
2925 567 3057 624 illud
3105 566 3445 625 huiusmodi
3484 568 3760 625 reseratur
3799 567 3869 625 ad
3912 583 4101 639 perso-

2490 672 2640 729 nam,
2671 658 2910 730 optimus
2939 674 3135 715 sensus
3162 658 3285 729 erit,
3310 657 3577 715 adversus
3598 672 3717 726 eos,
3740 658 3963 731 quibos
3985 657 4101 714 sru-

2492 755 2621 803 ctus
2654 747 2884 819 faciunt,
2915 747 3043 803 nihil
3074 747 3238 804 babet
3263 748 3467 820 scripta
3496 747 3605 819 lex,
3637 762 3739 804 nec
3768 752 3959 818 potest
3978 738 4102 802 illos

2490 835 2777 907 damnare3
2821 852 2931 894 non
2966 836 3147 894 solum
3176 838 3306 910 quia
3332 838 3561 905 faciunt,
3594 852 3739 911 quae
3768 836 3859 892 illa
3890 836 4105 906 praeci-

2493 926 2589 997 pit,
2618 940 2813 983 verum
2842 926 3005 983 etiam
3036 928 3080 981 si
3106 925 3233 995 alia,
3258 941 3398 999 quae
3421 927 3713 998 praecipit,
3738 941 3851 982 non
3872 925 4101 995 saciant,

2492 1014 2575 1071 vel
2607 1016 2823 1072 etiamsi
2852 1014 2987 1072 baec
3017 1015 3135 1086 ipsa
3163 1031 3270 1071 non
3300 1013 3502 1071 saciant
3526 1030 3593 1071 ex
3623 1012 3949 1071 inductione
3975 1011 4104 1069 talis

2490 1103 2628 1177 legis
2652 1146 2667 1177 ,
2698 1104 2793 1161 sed
2822 1119 2888 1161 ex
2916 1102 3112 1176 spiritu
3138 1102 3280 1175 fidei,
3310 1118 3420 1176 qua
3444 1103 3659 1161 Christo
3688 1102 4019 1173 adhaerent,
4048 1108 4107 1158 et

2489 1197 2718 1266 propter
2757 1209 2925 1267 quem
2966 1208 3193 1249 carnem
3232 1206 3393 1250 suam
3434 1191 3836 1249 crucifixerunt
3862 1206 3999 1247 cum
4027 1192 4107 1247 vi-

2490 1284 2577 1339 tiis
2604 1290 2662 1341 et
2687 1283 3171 1355 concupiscentiis.

2568 1376 2750 1446 Atque
2774 1372 2923 1429 hunc
2953 1388 3180 1429 sensum
3212 1376 3399 1443 aperte
3425 1369 3635 1429 indicat
3659 1370 3956 1447 chrysost.
3986 1370 4095 1445 ibi3

2489 1479 2616 1520 nam
2656 1469 2784 1536 post
2822 1461 2917 1519 illa
2956 1462 3155 1520 verba:
3208 1460 3384 1537 Quod
3424 1464 3478 1518 si
3517 1463 3755 1535 Spiritu
3780 1459 4097 1525 ducimini,

2490 1569 2609 1609 non
2638 1555 2777 1609 estis
2806 1551 2909 1609 suh
2940 1550 3095 1624 leym·
3124 1551 3457 1623 interrogat:
3492 1554 3815 1625 Quaenam
3840 1554 3931 1607 est
3951 1550 4104 1606 haec

2490 1645 2907 1715 consequentia
2919 1643 2952 1698 ?
2970 1640 3310 1714 Respondet:
3336 1644 3629 1699 Maxima
3648 1636 3895 1711 quidem
3916 1644 3973 1696 et
3986 1641 4105 1694 eci-

2488 1730 2657 1788 dens.
2688 1734 2927 1789 Etenim
2966 1734 3068 1804 φη·
3104 1732 3393 1804 Spiritum
3416 1734 3483 1787 ut
3510 1735 3737 1803 oportet
3760 1728 3962 1794 habet,
3990 1743 4105 1802 per

2487 1822 2648 1877 huvtc
2686 1823 2985 1894 extinquit
3024 1835 3257 1877 omnem
3303 1823 3880 1894 concupiscentiam:
3918 1834 4105 1893 porro

2487 1912 2591 1981 qui
2612 1908 2899 1967 liberatus
2918 1914 3005 1967 est
3025 1909 3104 1967 ab
3124 1910 3237 1977 liis,
3262 1924 3381 1966 non
3401 1914 3527 1982 eqet
3546 1908 3692 1982 lepis
3718 1907 4100 1973 auxiliaetc.

2486 1999 2557 2054 Et
2584 1997 2754 2055 inira:
2793 2002 3163 2073 Quanquam
3187 1997 3285 2055 lex
3310 2005 3445 2055 erat
3464 1997 3590 2054 loco
3610 2000 3897 2071 Spiritus,
3924 2000 4103 2053 iuxta

2488 2103 2632 2145 suas
2657 2090 2829 2154 vires,
2855 2090 3216 2162 priusquam
3234 2090 3491 2161 Spiritus
3511 2085 3835 2153 adveniret,
3864 2102 3989 2142 non
4008 2091 4101 2142 ta-

2486 2194 2621 2236 men
2642 2178 2713 2237 ob
2734 2176 2801 2234 id
2820 2182 3045 2252 oportet
3065 2194 3310 2235 manere
3331 2179 3399 2234 in
3412 2175 3789 2252 paedaqoqo;
3806 2181 3957 2233 tunc
3976 2178 4101 2249 qui-

2487 2266 2623 2325 dem
2658 2270 2869 2325 merito
2904 2267 3011 2323 sub
3038 2266 3161 2341 leqe
3187 2282 3449 2335 eramus,
3483 2270 3551 2322 ut
3576 2270 3735 2323 metu
3762 2268 4100 2339 castiyare-

2488 2372 2624 2413 ntus
2672 2359 3213 2431 concupiscentias,
3262 2354 3526 2413 nondum
3564 2353 3803 2429 prodito
3840 2357 4099 2429 Spiritu.-

2487 2462 2651 2503 nunc
2676 2461 2811 2502 vero
2838 2450 3227 2521 posteaquam
3246 2448 3403 2503 venit
3428 2448 3660 2517 qratia,
3690 2460 3847 2517 quae
3866 2460 3991 2501 non
4010 2460 4099 2500 so-

2489 2534 2616 2592 lum
2642 2535 2802 2592 iubet
2830 2535 2906 2592 ab
2932 2533 3055 2591 illis
3083 2534 3393 2596 abstinere.
3428 2533 3532 2591 sed
3556 2537 3743 2591 etiam
3762 2532 3849 2591 ad
3870 2532 4099 2591 altiora

2479 2626 2767 2700 provehit,
2792 2622 2951 2681 etad
2970 2622 3243 2681 altiorem
3262 2626 3419 2680 vitae
3435 2620 3752 2689 rationem,
3782 2621 3933 2695 quid
3948 2638 4097 2697 opus

2489 2718 2575 2772 est
2613 2713 2781 2786 leqe?
2820 2714 2893 2771 Et
2930 2714 2985 2771 in
3024 2712 3380 2787 sequentibus
3420 2726 3636 2786 semper
3676 2712 3826 2769 hunc
3868 2727 4096 2769 sensum

2490 2803 2866 2877 prosequitur,
2894 2809 2950 2860 et
2971 2802 3136 2859 verba
3155 2802 3268 2858 illa:
3292 2800 3591 2860 Adversus
3611 2800 3959 2860 huiusmodi
3976 2818 4095 2858 non

2487 2898 2574 2949 est
2599 2890 2715 2959 leae,
2744 2892 2817 2949 ita
2837 2892 3090 2964 exponit:
3118 2890 3288 2967 Quid
3306 2894 3463 2948 enim
3482 2894 3825 2965 praecipiat
3844 2890 3961 2957 illi,
3990 2895 4095 2963 qui

2489 2984 2695 3038 omnia
2714 2984 2780 3037 in
2802 2998 2863 3038 se
2882 2982 3120 3042 habeat.
3142 2982 3323 3037 etiam
3340 2978 3665 3054 perfectam
3680 2980 4095 3055 philosophiae

2487 3073 2851 3143 maqistram
2882 3070 3242 3128 caritatem?
3268 3070 3338 3127 Et
3363 3069 3507 3127 idem
3528 3070 3639 3127 sere
3661 3068 3831 3127 habet
3849 3070 4096 3128 Theodo-

2490 3166 2643 3217 retus
2686 3165 2740 3217 et
2780 3159 2986 3216 clarius
3025 3158 3487 3235 Theophylactus.
3529 3158 3899 3235 Hieronymus
3925 3161 4091 3217 etiam

2488 3250 2540 3306 in
2565 3249 2905 3306 brevioribus
2932 3249 3337 3305 commentariis
3368 3250 3445 3305 ita
3471 3248 3723 3321 exponit:
3754 3252 3821 3306 Si
3846 3265 3949 3305 vos
3974 3253 4091 3323 spi·

2485 3336 2807 3395 ritualibus
2834 3354 2949 3412 per
2986 3341 3192 3394 omnia
3225 3337 3459 3395 actibus
3496 3340 3818 3411 occupetis,
3862 3355 3985 3395 non
4010 3343 4093 3394 est

2484 3426 2645 3485 vobis
2685 3424 2783 3483 lex
2818 3429 3192 3488 necessaria.
3234 3442 3391 3498 quae
3420 3424 3775 3483 carnalibus
3803 3425 3961 3485 data
3984 3432 4085 3485 est.

2486 3518 2557 3574 Et
2586 3517 2726 3573 inira
2752 3516 2902 3573 circa
2930 3516 3020 3573 illa
3047 3517 3244 3573 verba:
3277 3514 3573 3573 Adversus
3598 3515 3947 3573 huiusmodi
3972 3534 4089 3573 non

2486 3612 2573 3665 est
2596 3605 2715 3675 lex,
2752 3606 2930 3663 addit:
2960 3610 3095 3663 Non
3123 3610 3281 3663 enim
3300 3608 3425 3664 ista
3439 3606 3765 3681 prohibuit,
3794 3606 3901 3663 sed
3918 3614 3975 3665 et
3994 3612 4091 3681 qui

2485 3712 2703 3753 novum
2728 3693 2950 3769 implet,
2984 3712 3103 3753 non
3128 3699 3213 3751 est
3238 3693 3345 3751 sub
3372 3699 3552 3753 veteri
3588 3698 3987 3754 Testamenta.
4010 3698 4089 3753 Si-

2488 3785 2690 3842 militer
2716 3784 2906 3842 locum
2934 3784 3171 3856 explicat
3196 3792 3387 3842 noster
3412 3784 3694 3842 Salmerou
3722 3786 3771 3841 in
3802 3785 4088 3857 epistolam

2489 3873 2555 3930 ad
2593 3874 2765 3931 Galat.
2810 3872 2953 3945 disp.
2987 3878 3080 3932 31.
3120 3874 3233 3930 Nec
3274 3880 3467 3931 contra
3506 3873 3651 3931 hanc
3691 3876 4085 3947 expositionem

2488 3964 2845 4022 obiectionem
2872 3962 3027 4020 video
3056 3963 3284 4019 alicuius
3314 3965 3601 4021 momenti.

2573 4056 2659 4111 13.
2692 4054 2827 4110 Nam
2855 4068 2920 4110 ex
2950 4052 3033 4108 his
3062 4051 3215 4108 facile
3244 4051 3527 4124 expeditur
3550 4052 3785 4109 obiectio
3809 4052 3877 4109 ab
3898 4053 4089 4111 Hiero-

2489 4158 2653 4218 nymo
2680 4141 2847 4199 sacta.
2880 4142 3019 4197 Nam
3054 4140 3239 4197 Sancti
3276 4140 3471 4197 veteris
3502 4144 3834 4209 testamenti}
3862 4144 3961 4215 qui
3986 4142 4087 4199 du-

2486 4231 2756 4288 cebantur
2798 4230 2989 4303 spiritu
3024 4229 3260 4302 gratiae,
3302 4245 3412 4286 non
3442 4228 3709 4286 habebant
3734 4230 3881 4286 illam
3914 4232 4085 4303 perse·

2488 4320 2727 4378 ctionem
2754 4336 2820 4377 ex
2849 4320 2899 4376 vi
2928 4324 3105 4377 status
3133 4318 3274 4376 illius
3307 4322 3568 4392 temporis
3597 4336 3695 4377 seu
3724 4318 3879 4393 legis,
3906 4322 4003 4378 sed
4031 4324 4083 4378 in

2486 4409 2587 4465 fide
2616 4410 2811 4467 Christi
2840 4400 3077 4481 venturi,
3102 4417 3157 4465 et
3178 4407 3302 4466 ideo
3326 4409 3615 4485 manebant
3634 4409 3741 4466 sub
3762 4408 3879 4483 lege
3902 4411 4083 4484 quoad

2487 4499 2898 4573 obligationem:
2930 4495 3134 4555 Paulus
3162 4504 3347 4554 autem
3375 4497 3622 4570 loquitur
3648 4496 3717 4554 de
3744 4497 3853 4569 his,
3876 4502 3975 4571 qui
3996 4516 4079 4557 ra·

2485 4590 2629 4645 tione
2667 4594 2847 4646 status
2884 4595 2943 4646 et
2968 4588 3271 4659 praesentis
3304 4588 3509 4659 gratiae
3550 4590 3746 4659 spiritu
3770 4586 4077 4663 ducuntur3

2486 4694 2613 4735 nam
2640 4678 2695 4733 hi
2726 4695 2831 4735 non
2864 4684 2995 4735 sunt
3023 4677 3127 4733 sub
3157 4675 3273 4749 lege
3301 4677 3531 4748 scripta,
3561 4679 3719 4735 etiam
3745 4680 3933 4751 quoad
3954 4680 4084 4737 obli-

2484 4768 2771 4841 gationem.
2817 4768 2973 4824 quta
3015 4767 3173 4824 aliam
3212 4782 3346 4824 vero
3388 4767 3784 4839 expositionem
3816 4769 4083 4828 dicuntur

2482 4857 2557 4913 illi
2599 4855 2786 4913 Sancti
2828 4856 3082 4929 antiquae
3124 4855 3259 4929 legis
3300 4871 3410 4912 non
3451 4855 3621 4912 fuisse
3648 4856 3939 4931 sublege,
3970 4866 4082 4916 tan-

2483 4961 2651 5022 quam
2680 4947 2861 5003 coacti
2890 4946 2956 5002 ab
2984 4944 3095 5015 illa,
3119 4960 3221 5001 nec
3244 4952 3507 5019 tanquam
3527 4946 3605 5003 rei
3628 4946 3759 5004 sacti
3786 4963 3885 5019 per
3908 4947 4075 5022 illam3

2484 5037 2614 5095 satis
2642 5042 2828 5093 autem
2854 5033 3064 5104 dubito,
3094 5048 3164 5091 an
3191 5033 3315 5091 illos
3342 5035 3581 5093 voluerit
3610 5037 4081 5108 comprehendere

2482 5127 2686 5185 Paulus
2722 5126 2828 5184 sub
2865 5124 2958 5182 illa
2992 5124 3279 5182 sententia.
3312 5124 3567 5183 Christus
3594 5132 3783 5185 autem
3811 5130 4079 5189 Dominus

2482 5217 2644 5294 longe
2681 5216 2786 5275 alio
2822 5214 2985 5274 modo
3011 5214 3213 5274 dicitur
3240 5214 3425 5275 sactus
3450 5216 3621 5275 tuisse
3648 5215 3754 5275 sub
3780 5215 3935 5295 lege3
3970 5238 4076 5281 non
