4325 6267
1800 386 2009 436 cunr
2035 389 2112 436 11.
3442 378 3485 437 5
3587 367 3595 383 '

307 529 416 571 non
447 518 626 572 tamen
661 510 728 569 ad
759 511 906 568 bunc
935 511 1119 568 locum
1143 513 1516 584 pertinentem.
1542 511 1744 570 Dicunt
1763 526 1896 586 ergo

311 602 478 676 aliqui
500 645 518 675 ,
554 601 728 676 legem
754 599 1044 673 dupliciter
1069 603 1276 674 accipi:
1303 618 1411 659 uno
1433 600 1598 660 modo
1613 615 1715 672 pro
1745 615 1901 672 prae·

307 699 474 766 cepto
534 692 843 766 obligante,
881 697 941 748 et
977 692 1060 748 sic
1101 691 1359 765 distingui
1401 708 1434 749 a
1471 692 1748 765 consiliis3
1791 691 1899 749 alio

309 780 510 854 modo,
541 796 644 854 pro
671 796 1026 855 quocumque
1054 779 1341 839 dictamine
1371 782 1596 840 rationis
1635 780 1702 838 de
1733 781 1897 838 bone·

307 877 448 927 state
471 876 632 928 actus
663 911 678 942 ,
701 871 858 928 etsie
879 869 1073 927 dicunt
1095 870 1270 944 legem
1293 869 1749 943 comprehendere
1769 887 1902 926 con-

307 959 446 1017 silia.
477 962 614 1017 Nam
651 960 813 1017 divus
841 960 1074 1038 Thomas
1109 969 1158 1019 1.
1191 965 1224 1018 2
1247 1003 1261 1032 ,
1291 977 1346 1034 q.
1386 965 1482 1032 193
1513 967 1622 1018 art.
1653 964 1709 1019 4.
1741 957 1897 1033 dicit,

308 1065 525 1106 omnem
563 1054 746 1106 actum
774 1050 978 1106 bonum
1006 1049 1242 1122 pendere
1265 1050 1318 1106 in
1347 1067 1446 1108 sua
1467 1049 1703 1108 bonitate
1731 1049 1901 1124 alege

305 1147 550 1198 aeternat
587 1146 752 1196 actus
771 1145 954 1196 autem
975 1139 1330 1198 consiliorum
1357 1140 1483 1196 boni
1511 1145 1662 1212 sunt,
1685 1147 1742 1196 et
1761 1141 1902 1211 opti·

307 1231 418 1302 mi3
461 1244 597 1302 ergo
648 1227 1192 1301 comprehenduntur
1218 1230 1321 1287 sub
1351 1228 1468 1303 lege
1495 1237 1739 1286 aeterna.
1769 1231 1900 1286 Pro·

309 1321 424 1391 prie
451 1324 630 1376 tamen
673 1317 942 1392 loquendo
971 1317 1038 1376 de
1075 1318 1192 1393 lege
1211 1359 1228 1390 ,
1259 1326 1322 1378 ut
1355 1318 1441 1376 bic
1469 1319 1780 1391 loquimur,
1815 1318 1902 1375 illa

309 1425 420 1466 non
448 1414 560 1478 est,
593 1408 692 1464 nisi
727 1422 868 1481 quae
893 1406 1130 1481 aliquam
1153 1407 1535 1484 obligationem
1564 1407 1804 1480 inducit,
1835 1414 1901 1465 ut

307 1497 451 1555 infra
477 1497 638 1556 latius
675 1497 874 1555 dicam.

392 1591 450 1646 ⁴.
481 1589 582 1646 Est
607 1595 788 1646 autem
819 1588 1312 1660 considerandum,
1345 1589 1638 1664 aliquando
1674 1590 1794 1649 dari
1823 1590 1898 1647 le-

311 1693 436 1750 gem
471 1676 541 1734 de
581 1679 846 1736 exercitio
878 1686 1072 1751 actus,
1105 1686 1160 1738 et
1195 1685 1331 1736 tunc
1359 1679 1598 1752 obligare
1628 1677 1695 1736 ad
1721 1678 1895 1747 illum,

315 1774 378 1825 ut
409 1774 529 1834 est,
560 1766 709 1825 verbi
735 1769 940 1842 gratia,
971 1768 1058 1826 lex
1084 1769 1316 1827 faciendi
1343 1769 1743 1845 eleemosynam
1762 1810 1778 1843 ,
1805 1768 1901 1826 ali-

309 1855 536 1930 quando
561 1871 694 1913 vero
719 1854 836 1913 dari
867 1857 1042 1931 legem
1069 1858 1250 1916 solum
1279 1857 1346 1915 de
1368 1859 1776 1932 specificatione
1799 1875 1898 1916 seu

313 1945 478 2003 modo
518 1951 710 2018 actus3
743 1961 885 2020 quae
912 1947 1040 2004 licet
1067 1964 1174 2005 non
1203 1947 1406 2022 obliget
1432 1947 1498 2005 ad
1527 1955 1714 2006 actum
1743 1963 1897 2005 exer·

307 2035 576 2102 cendum,
610 2035 816 2110 obligat
853 2043 1032 2093 tamen
1051 2079 1066 2110 ,
1099 2043 1190 2108 ut,
1222 2039 1268 2094 si
1293 2043 1454 2094 actus
1481 2038 1572 2095 fiat
1591 2079 1608 2108 ,
1639 2037 1758 2094 talis
1785 2053 1901 2094 mo-

307 2126 420 2183 dus
457 2131 738 2198 servetur,
779 2126 956 2199 qualis
991 2134 1104 2200 est,
1143 2143 1198 2182 v.
1237 2142 1295 2200 g.
1340 2126 1425 2183 lex
1453 2133 1658 2184 attente
1686 2127 1897 2198 orandi,

309 2231 453 2289 quae
493 2215 622 2272 licet
656 2231 764 2272 non
801 2213 1003 2288 obliget
1031 2214 1098 2272 ad
1126 2214 1390 2272 orandum
1412 2257 1426 2285 ,
1456 2215 1690 2290 obligat,
1723 2221 1820 2286 ut,
1853 2217 1898 2272 si

311 2305 490 2362 oratio
517 2305 641 2376 liat,
664 2319 794 2361 cum
823 2303 1121 2362 attentione
1141 2305 1254 2361 fiat.
1278 2306 1392 2362 Hoc
1413 2304 1582 2377 igitur
1605 2305 1896 2376 posteriori

312 2393 476 2451 modo
500 2395 556 2451 in
575 2394 893 2451 universum
914 2410 1109 2452 verum
1129 2401 1234 2462 est,
1263 2393 1410 2466 quod
1435 2394 1490 2451 d.
1511 2393 1749 2452 Thomas
1771 2409 1899 2468 pro-

311 2485 452 2542 xime
481 2485 687 2542 citatus
710 2482 880 2554 dixit,
903 2499 1119 2541 omnem
1149 2490 1335 2541 actum
1351 2525 1366 2554 ,
1391 2491 1456 2541 ut
1483 2484 1660 2541 bonus
1690 2485 1778 2556 sit,
1804 2482 1899 2541 de·

311 2575 443 2630 bere
487 2589 608 2631 esee
641 2572 980 2630 conformem
1015 2572 1118 2646 legi
1145 2579 1396 2630 aeternae
1419 2613 1434 2632 .
1465 2573 1708 2644 scilicet,
1739 2590 1894 2646 prae·

311 2665 574 2722 scribenti
609 2663 856 2722 debitum
891 2662 1116 2721 modum
1153 2662 1450 2736 operandi,
1480 2665 1632 2735 quod
1657 2664 1818 2722 etiam
1842 2665 1897 2721 in

315 2755 578 2828 operibus
607 2752 816 2812 consilii
842 2753 1024 2810 locum
1053 2751 1243 2810 babet:
1271 2759 1449 2811 tamen
1481 2760 1544 2811 ut
1569 2755 1650 2810 sic
1679 2770 1787 2812 non
1817 2753 1896 2812 di-

313 2850 524 2901 cuntur
547 2859 672 2901 esse
699 2843 806 2900 sub
833 2842 1088 2906 consilio..
1121 2842 1216 2899 sed
1243 2849 1514 2916 quatenus
1541 2857 1734 2900 eorum
1759 2859 1896 2901 usus

313 2950 414 2990 seu
444 2931 765 2992 exercitium
807 2947 914 2990 non
951 2931 1316 3004 praecipitur,
1345 2931 1440 2988 sed
1469 2932 1798 2991 consulitur.
1825 2934 1899 2991 Et

313 3024 420 3082 boc
465 3023 630 3080 modo
667 3021 920 3079 absolute
957 3022 1267 3095 negandum
1307 3027 1424 3093 est,
1463 3023 1749 3080 consilium
1791 3023 1898 3080 sub

309 3115 430 3186 lege
479 3111 886 3185 comprehendi.
931 3110 1260 3170 Excluditur
1305 3119 1490 3168 autem
1531 3111 1818 3170 consilium
1865 3128 1896 3168 a

309 3203 678 3275 descriptione
710 3201 834 3259 data
851 3241 868 3272 ,
893 3201 977 3258 vel
999 3202 1124 3274 quia
1149 3217 1256 3258 non
1283 3208 1369 3258 est
1387 3203 1609 3274 propria
1632 3202 1822 3276 regula
1841 3208 1900 3259 et

309 3307 573 3350 mensura
617 3291 878 3350 bonitatis
905 3297 1094 3363 actus,
1125 3307 1250 3348 nam
1279 3293 1412 3348 baec
1441 3293 1620 3362 potius
1647 3292 1900 3350 consistit

307 3385 363 3440 in
405 3383 526 3458 lege
556 3381 956 3456 praescribente
989 3380 1242 3450 modum3
1271 3381 1358 3438 vel
1385 3387 1534 3438 certe
1562 3383 1690 3454 quia
1719 3397 1897 3438 mora-

309 3474 432 3531 liter
461 3471 734 3547 loquendo
751 3515 766 3542 ,
795 3487 903 3528 non
929 3469 1228 3536 efficaciter
1256 3469 1462 3528 inducit
1487 3470 1556 3528 ad
1584 3487 1726 3543 opus
1747 3511 1762 3541 ,
1795 3472 1897 3528 im·

309 3562 564 3636 ponendo
618 3561 830 3619 scilicet
875 3559 1136 3618 moralem
1184 3561 1566 3618 necessitatem
1613 3560 1893 3634 operandi,

309 3669 442 3711 cum
469 3657 652 3710 autem
688 3651 771 3709 lex
801 3650 1008 3709 dicitur
1035 3650 1294 3708 inducere
1321 3649 1388 3708 ad
1406 3658 1596 3709 actum
1613 3692 1629 3725 ,
1655 3651 1759 3709 boc
1785 3667 1898 3708 mo·

309 3744 382 3800 do
409 3742 814 3815 intelligendum
841 3746 942 3797 est.

393 3840 448 3891 5.
481 3836 660 3905 Atque
695 3831 818 3888 binc
848 3829 1030 3888 intulit
1053 3829 1213 3886 divus
1238 3829 1473 3886 Thomas
1499 3830 1548 3886 in
1581 3829 1669 3888 illo
1696 3838 1804 3887 art.
1847 3837 1893 3903 1,

309 3941 368 3996 q.
403 3927 499 3994 9⁰,
527 3921 910 3996 etymologiam
932 3919 1083 3992 legis3
1109 3925 1266 3990 putat
1291 3919 1436 3976 enim
1460 3935 1489 3976 a
1513 3918 1724 3990 ligando
1747 3935 1898 3976 stim-

310 4020 462 4084 ptam
501 4026 655 4081 esse,
697 4011 829 4083 quia
868 4011 1122 4081 proprius
1160 4009 1388 4065 effectus
1432 4007 1564 4083 legis
1591 4017 1679 4066 est
1707 4009 1897 4082 ligare,

311 4118 412 4158 seu
451 4099 726 4176 obligare,
755 4099 906 4173 quod
935 4104 1164 4155 secutus
1191 4105 1278 4156 est
1300 4098 1512 4155 Gabriel
1539 4099 1593 4154 in
1625 4103 1678 4165 3,
1709 4097 1767 4156 d.
1801 4100 1895 4171 37,

311 4198 419 4248 art.
461 4197 508 4263 ¹3
539 4196 595 4247 et
617 4187 954 4247 Clicbtovon.
979 4189 1030 4244 in
1049 4189 1264 4244 Damas.
1291 4187 1386 4245 lib.
1412 4192 1469 4246 4.
1499 4185 1688 4254 Fidei,
1716 4203 1767 4254 c.
1801 4192 1894 4246 23.

309 4278 558 4338 eamdem
591 4277 979 4356 etymologiam
1007 4277 1138 4350 legis
1176 4293 1241 4333 ex
1271 4275 1590 4334 cassiodoro
1619 4276 1816 4349 refert,
1845 4285 1902 4334 et

309 4369 529 4442 probat.
559 4369 944 4439 Consonatque
973 4367 1286 4439 Scriptura,
1321 4381 1461 4439 quae
1491 4365 1638 4440 leges
1665 4366 1900 4438 appellat

311 4459 565 4526 vincula,
597 4458 829 4514 Hierem.
863 4461 928 4516 2:
972 4457 1224 4529 steqtsti
1251 4459 1494 4530 iuquam.
1533 4458 1750 4530 rupisti
1773 4458 1900 4512 vin-

309 4547 475 4608 cula.
507 4548 702 4605 isidor.
734 4553 918 4602 autem
941 4543 1036 4602 lib.
1065 4551 1122 4603 2.
1149 4542 1404 4619 Etymol.
1431 4559 1482 4600 c.
1520 4549 1605 4615 10,
1635 4552 1692 4602 et
1717 4545 1808 4602 lib.
1840 4551 1894 4617 5,

313 4657 439 4712 cap.
474 4643 542 4709 3,
578 4654 609 4694 a
646 4635 876 4710 legendo
913 4642 1072 4708 putat
1109 4633 1282 4706 legem
1317 4649 1438 4690 esse
1477 4633 1679 4691 dictam
1709 4675 1722 4706 ,
1748 4633 1898 4707 quod

309 4728 435 4787 inde
461 4726 696 4800 colligit,
725 4727 856 4800 quia
885 4724 970 4781 lex
998 4723 1160 4781 debet
1183 4739 1304 4780 esse
1331 4723 1540 4794 scripta
1558 4765 1573 4794 ,
1597 4730 1654 4780 et
1683 4722 1802 4780 ideo
1825 4723 1898 4780 le-

311 4819 490 4894 genda
531 4823 635 4874 est.
671 4814 775 4874 Sed
813 4817 941 4888 quia
979 4829 1125 4871 nunc
1163 4813 1328 4870 latius
1357 4811 1570 4896 delego
1600 4805 1893 4886 loquimur,

313 4917 378 4967 ut
405 4908 496 4965 illa
523 4906 856 4982 etymologia
882 4907 1054 4977 possit
1075 4905 1124 4958 in
1148 4919 1362 4959 omnem
1385 4902 1559 4975 legem
1581 4906 1894 4977 convenire,

311 5003 532 5072 oportet
557 4993 788 5070 legendi
813 4993 1044 5052 verbum
1065 4992 1134 5050 ad
1155 4994 1468 5050 interiorem
1491 4992 1775 5050 lectionem
1799 5009 1899 5051 seu

315 5087 764 5161 recogitationem
793 5083 1086 5156 ampliare,
1113 5090 1176 5140 ut
1203 5085 1412 5140 notavit
1431 5082 1640 5139 Alensis
1671 5087 1727 5141 3.
1753 5099 1806 5156 p.
1834 5101 1892 5158 q.

313 5182 386 5236 26
403 5217 420 5248 ,
453 5177 652 5234 memb.
685 5181 731 5232 t.
755 5175 893 5231 Nam
915 5175 1064 5230 sicut
1087 5173 1170 5230 lex
1193 5171 1461 5230 naturalis
1481 5170 1682 5230 dicitur
1704 5188 1736 5229 a
1756 5175 1896 5230 Pau·

313 5269 365 5325 lo
395 5267 602 5340 scripta
623 5264 676 5322 in
697 5263 979 5337 cordibus,
1005 5261 1074 5321 ad
1100 5265 1374 5321 Romanos
1401 5275 1522 5334 cap.
1555 5267 1612 5336 ²3
1645 5265 1718 5320 ita
1737 5262 1792 5320 in
1817 5262 1896 5322 eis

1971 519 2154 568 mente
2185 512 2284 585 legi
2320 519 2500 584 potest
2519 555 2534 586 ,
2562 521 2621 571 et
2644 515 2837 589 debet,
2864 516 2917 573 id
2954 523 3041 573 est
3068 516 3316 574 meditari
3336 559 3352 589 ,
3384 525 3441 575 et
3470 535 3555 575 re·

1969 603 2234 674 cogitari,
2263 609 2327 660 ut
2350 602 2658 660 secundum
2683 603 2827 661 illam
2848 621 3025 663 mores
3052 604 3375 680 dirigantur,
3407 608 3558 664 iuxta

1967 691 2100 748 illud
2139 691 2333 764 psalmi
2380 696 2522 752 118:
2561 697 2839 752 Lucerna
2866 694 3115 770 pedibus
3147 699 3294 754 meu
3316 697 3559 754 verbum

1967 785 2155 837 tuum.
2190 782 2261 839 Et
2298 780 2429 838 huic
2468 782 2828 859 etymologiae
2852 786 3017 842 etiam
3054 793 3321 844 consonat
3358 802 3556 844 nomen

1971 868 2317 941 hebraicum,
2347 887 2457 944 quo
2488 870 2569 928 lex
2601 873 2760 930 Tora
2787 873 3017 946 dicitur,
3048 875 3101 932 id
3130 882 3217 932 est
3242 877 3552 934 instructio.

1971 959 2070 1018 Alii
2107 960 2341 1034 denique
2377 961 2549 1033 legem
2588 961 2787 1020 dictam
2814 979 2936 1021 esse
2965 971 3159 1036 putant
3182 965 3250 1022 ab
3276 965 3552 1039 eligendo,

1969 1049 2055 1105 vel
2097 1051 2226 1122 quia
2266 1065 2398 1107 cum
2440 1065 2636 1123 magna
2674 1059 2731 1108 et
2766 1052 3021 1125 prudenti
3048 1054 3311 1111 electione
3338 1054 3555 1112 ferenda

1972 1138 2072 1210 sit,
2117 1138 2201 1195 vel
2243 1138 2391 1212 quod
2434 1139 2735 1214 unicuique
2773 1143 3053 1214 ostendat,
3084 1142 3219 1216 quid
3242 1130 3557 1217 eligendum

1969 1229 2060 1285 sit.
2093 1229 2181 1286 Sic
2213 1231 2452 1302 August.
2484 1229 2538 1285 in
2560 1231 2973 1304 quaestionibus
2992 1246 3060 1288 ex
3082 1247 3225 1288 novo
3246 1233 3557 1290 Testamen-

1969 1323 2022 1374 to
2042 1359 2057 1390 ,
2088 1334 2146 1390 q.
2186 1322 2284 1390 15,
2314 1318 2358 1374 si
2386 1319 2503 1375 eius
2529 1325 2617 1376 est
2644 1334 2802 1392 opus:
2834 1326 2975 1388 Lex,
3012 1322 3113 1394 ait,
3143 1337 3185 1378 a
3210 1319 3465 1382 lectione,
3490 1320 3559 1378 id

1967 1411 2054 1463 est
2081 1405 2384 1475 electione,
2419 1407 2586 1466 dicta
2609 1414 2715 1474 est,
2748 1413 2817 1466 ut
2842 1408 2915 1466 de
2939 1409 3143 1468 multis
3170 1407 3317 1484 quid
3340 1409 3547 1482 eligas,

1969 1499 2150 1554 scias.
2194 1496 2385 1553 Cicero
2426 1512 2557 1554 vero
2599 1497 2693 1556 lib.
2734 1502 2782 1557 1.
2815 1496 2887 1556 de
2914 1498 3135 1572 legibus
3160 1515 3192 1556 a
3218 1498 3449 1572 legendo
3476 1499 3556 1556 di-

1967 1593 2115 1642 ctam
2142 1601 2265 1642 esse
2290 1584 2555 1643 declarat.
2589 1590 2748 1663 Quia
2770 1604 2897 1654 nes,
2930 1589 3132 1664 inquit,
3156 1587 3413 1647 delectus
3437 1591 3557 1646 vim

1968 1679 2034 1732 in
2060 1674 2185 1749 leqe
2205 1679 2484 1750 ponimus
2502 1721 2515 1744 ,
2548 1681 2699 1734 sicut
2721 1682 2935 1737 Graeci
2952 1677 3135 1753 leqem
3160 1685 3378 1737 vocant
3394 1687 3557 1748 νόμω,

1969 1781 1998 1821 a
2025 1765 2314 1822 tribuendo
2354 1767 2543 1839 utique
2576 1767 2876 1840 unicuique
2904 1767 3054 1841 quod
3082 1786 3249 1827 suum
3274 1777 3392 1844 est,
3423 1775 3557 1846 quia

1969 1854 2052 1912 lex
2085 1854 2251 1911 debet
2274 1870 2393 1911 esse
2422 1855 2587 1912 iusta.
2613 1856 2767 1914 Unde
2794 1856 2881 1913 alii
2905 1857 3151 1915 derivant
3177 1857 3349 1932 legem
3372 1859 3442 1916 ab
3464 1877 3552 1936 eo,

1967 1943 2114 2016 quod
2156 1944 2395 2016 legitime
2437 1947 2679 2003 actiones
2708 1945 2973 2003 humanas
3002 1946 3352 2022 moderatur,
3382 1955 3445 2006 ut
3470 1964 3558 2007 re·

1969 2034 2076 2092 fert
2099 2034 2515 2092 Turrecremata
2546 2035 2599 2091 in
2626 2050 2751 2108 cap.
2780 2035 2909 2103 lex,
2947 2035 3003 2093 d.
3043 2038 3091 2094 l.
3121 2038 3175 2093 in
3204 2039 3329 2095 fine.
3358 2040 3549 2112 ltaque

1968 2123 2068 2182 bae
2096 2140 2285 2181 omnes
2308 2123 2669 2200 etymologiae
2689 2125 2895 2199 aliquid
2916 2126 3220 2200 explicant,
3244 2129 3395 2202 quod
3424 2145 3551 2186 vere

1965 2215 2224 2270 convenit
2262 2213 2395 2287 legi;
2444 2213 2587 2270 unde
2627 2221 2811 2274 autem
2842 2231 2945 2273 vox
2970 2215 3214 2275 derivata
3239 2219 3343 2290 sit,
3376 2219 3550 2276 incer-

1969 2309 2085 2360 tum
2111 2309 2229 2374 est,
2257 2309 2316 2362 et
2342 2318 2539 2375 parum
2565 2303 2755 2361 refert.

2544 2479 2823 2550 CAPUT
2866 2480 2949 2548 11.

2250 2672 2411 2750 Quid
2434 2675 2531 2731 ius
2556 2672 2850 2752 siqnificet
2866 2719 2881 2743 ,
2916 2678 2971 2730 et
2994 2675 3282 2749 quomodo

2392 2761 2477 2821 ad
2502 2761 2689 2837 leqem
2713 2767 3111 2838 comparetur.

2518 2941 3002 3007 summarium

1969 3128 2014 3178 1.
2043 3128 2250 3192 Triplex
2274 3127 2426 3180 huius
2450 3129 2668 3180 nominis
2691 3129 3553 3193 etymologia.—P1·ima.—Secun-

2031 3197 2260 3248 ἀει-2.
2297 3199 2575 3250 Tertia.—-
2594 3199 2645 3250 3.
2674 3198 2799 3250 Eius
2832 3197 3310 3261 significatio—4.
3342 3201 3552 3264 Propria

2032 3267 2258 3318 eiusdem
2296 3269 2434 3320 vocis
2474 3268 2765 3332 appellatio.
2794 3295 2865 3306 —
2895 3267 2948 3318 5.
2992 3269 3103 3320 Alia
3132 3269 3455 3332 significatio.
3486 3295 3554 3307 --

2035 3337 2088 3386 6.
2111 3337 2268 3388 Actus
2289 3337 2474 3388 iudicis
2493 3337 2762 3402 aliquando
2778 3336 3033 3400 significat
3052 3339 3276 3388 ius.—7.
3300 3337 3557 3400 Quomodo

2037 3407 2117 3456 ius
2140 3406 2490 3469 distinguatur
2513 3407 2579 3457 ab
2600 3419 2767 3471 aequo
2789 3413 2843 3458 et
2868 3407 3018 3458 bone.
3033 3407 3165 3457 -8.
3188 3407 3460 3459 Distinctio
3477 3409 3559 3458 in-

2031 3481 2114 3528 ter
2139 3477 2221 3528 ius
2244 3482 2297 3527 et
2322 3477 2417 3528 fas.

2051 3653 2100 3706 l.
2135 3648 2308 3706 Huius
2336 3648 2488 3706 vocis
2514 3648 2773 3723 frequens
2798 3656 2885 3707 est
2918 3649 2969 3706 in
3005 3650 3111 3708 bac
3138 3653 3364 3710 materia
3388 3667 3552 3722 usus,

1969 3743 2027 3794 et
2053 3737 2327 3795 interdum
2357 3753 2460 3810 pro
2486 3738 2605 3813 lege
2630 3737 2903 3810 accipitur
2922 3781 2937 3810 ,
2962 3746 3029 3798 ut
3054 3748 3203 3812 patet
3220 3756 3286 3798 ex
3308 3741 3334 3810 R
3353 3743 3552 3816 sinqu-

1967 3824 2201 3897 lorum,
2238 3827 2411 3884 lnstit.
2442 3826 2507 3885 de
2536 3843 2647 3885 rer.
2680 3827 2839 3886 divis.
2869 3834 2924 3885 et
2952 3829 2986 3885 l.
3018 3831 3113 3886 ius
3152 3829 3451 3893 vaamrale.
3492 3831 3547 3890 fr.

1965 3915 2034 3972 de
2065 3915 2228 3990 legib.
2269 3918 2519 3990 quamvis
2558 3916 2827 3974 interdum
2866 3918 2979 3975 aliis
3010 3921 3179 3977 etiam
3206 3920 3381 3980 modis
3407 3923 3554 3978 acci-

1967 4007 2184 4078 piatur3
2216 4005 2445 4080 ideoque
2470 4014 2527 4063 et
2552 4006 2696 4063 illam
2715 4007 2986 4080 explicare
3003 4051 3016 4078 ,
3039 4015 3247 4066 etcum
3269 4010 3389 4084 lege
3417 4026 3550 4068 con-

1967 4094 2110 4152 ferre
2143 4097 2520 4153 necessarium
2560 4083 2663 4154 est‘.
2710 4099 2871 4154 Prius
2909 4114 3039 4156 vero
3076 4096 3369 4157 advertere
3389 4115 3555 4172 opor-

1969 4189 2074 4249 tet,
2109 4191 2219 4242 tres
2260 4184 2437 4241 solere
2474 4187 2614 4241 iuris
2650 4185 3007 4262 etymologias
3044 4187 3329 4260 assignari.
3376 4187 3553 4246 Prima
3614 4243 3620 4250 .

1965 4282 2086 4346 est,
2131 4281 2195 4332 ut
2234 4277 2319 4332 ius
2358 4274 2610 4346 dicatur,
2642 4275 2792 4349 quod
2832 4277 2981 4334 iuxta
3020 4277 3122 4347 sit,
3152 4277 3217 4334 de
3242 4293 3353 4350 qua
3380 4277 3549 4336 videri

1967 4372 2148 4438 potest
2184 4366 2390 4424 Conon.
2426 4364 2517 4423 lib.
2553 4369 2602 4423 1.
2630 4365 3000 4423 Commentar.
3028 4367 3164 4422 iuris
3192 4367 3386 4424 civilis.
3418 4369 3551 4424 Eam

1967 4458 2110 4513 enim
2151 4456 2381 4527 omitto,
2425 4456 2557 4528 quia
2594 4455 2725 4512 mibi
2751 4471 2860 4512 non
2888 4455 3179 4529 probatur3
3211 4458 3339 4528 quia
3366 4457 3412 4512 si
3438 4472 3551 4514 ma·

1967 4543 2183 4603 teriales
2212 4559 2377 4602 voces
2406 4542 2835 4616 consideramus,
2862 4559 2967 4601 non
2989 4544 3143 4601 estin
3163 4560 3228 4603 ea
3249 4547 3549 4619 proportio,

1965 4649 2100 4692 cum
2134 4636 2327 4692 quta
2362 4649 2483 4698 non,
2508 4649 2604 4706 per
2641 4635 2698 4691 S.
2738 4633 2888 4691 sicut
2912 4637 3033 4704 lus,
3066 4633 3160 4692 sed
3190 4651 3287 4709 per
3314 4637 3381 4693 X.
3414 4638 3567 4700 scri-,

1966 4723 2144 4781 batur.
2166 4724 2219 4780 Si
2244 4738 2375 4780 vero
2402 4723 2839 4796 significationem
2858 4723 3231 4796 attendamus,
3260 4726 3410 4782 iuxta
3429 4741 3553 4783 esse

1966 4830 2073 4871 non
2103 4815 2372 4886 significat
2406 4811 2631 4886 aequale
2658 4827 2809 4885 esse,
2840 4812 2934 4870 sed
2966 4819 3177 4872 tantum
3204 4830 3327 4872 esse
3356 4831 3545 4888 prope.

1965 4905 2038 4960 Et
2067 4904 2193 4960 licet
2218 4902 2485 4960 interdum
2514 4903 2784 4975 significet
2804 4901 3214 4959 similitudinem
3239 4904 3318 4960 vel
3346 4919 3551 4978 aequa-

1965 4987 2175 5050 lffatem
2202 4994 2253 5048 in
2280 4991 2461 5064 aliquo
2484 5006 2709 5048 munere
2733 4991 2813 5046 vel
2836 4992 3049 5048 actione
3065 5034 3079 5063 ,
3108 4991 3239 5049 illud
3268 4999 3446 5049 tamen
3470 5000 3555 5050 est

1965 5084 2019 5141 in
2049 5098 2214 5140 sensu
2246 5082 2402 5154 longe
2430 5081 2649 5137 diverso
2679 5081 2746 5138 ab
2774 5081 3079 5154 aequitate,
3109 5098 3273 5155 quam
3299 5084 3389 5139 ius
3414 5084 3553 5141 indi-

1965 5179 2094 5243 cat,
2128 5171 2272 5228 unde
2298 5169 2439 5227 dura
2467 5170 2593 5226 mibi
2620 5170 2837 5227 videtur
2862 5179 2921 5228 et
2958 5171 3251 5244 singularis
3294 5172 3428 5229 baec
3458 5174 3549 5230 de·

1965 5262 2178 5322 ductio.
2203 5260 2486 5332 Secunda,
2509 5267 2565 5318 et
2593 5259 2771 5317 latinis
2792 5262 2963 5334 magis
2990 5271 3209 5334 recepta
3228 5269 3315 5320 est
3332 5303 3347 5332 ,
3372 5267 3437 5319 ut
3460 5261 3548 5318 ius
