4325 6267
1753 333 1961 382 CAPUT
1988 333 2085 382 lx.

366 458 419 509 3.
450 453 633 510 Tertio
672 454 823 511 circa
863 454 1003 511 hanc
1046 453 1419 528 obligationem
1442 496 1458 526 ,
1492 460 1553 511 ut
1581 457 1751 529 magis
1778 472 1873 513 ex-

287 543 544 616 plicetur,
568 542 803 600 dubitari
826 550 1030 615 potest,
1059 560 1124 601 an
1150 546 1199 600 in
1223 546 1543 600 universum
1566 545 1635 601 sit
1657 561 1870 618 verum,

288 631 669 703 obligationem
696 632 980 690 inductam
1010 634 1243 691 naturali
1272 634 1389 691 iure
1406 674 1421 705 ,
1444 650 1566 691 esse
1590 635 1875 709 obligatio·

288 736 411 777 nem
438 722 491 777 in
513 724 869 779 conscientia.
888 724 1044 779 Ratio
1066 722 1349 780 dubitandi
1368 739 1490 779 esse
1515 730 1721 795 potest,
1746 725 1877 799 quia

286 810 459 865 omnis
490 809 743 882 obligatio
771 817 891 869 orta
912 829 980 869 ex
1002 812 1205 869 virtute
1229 813 1417 869 morali
1443 820 1529 870 est
1551 813 1621 870 de
1644 814 1756 870 iure
1776 830 1872 870 na-

287 905 479 965 turae,
522 899 683 971 quia,
727 905 788 955 ut
827 916 995 971 supra
1036 898 1274 957 diximus
1304 943 1318 971 ,
1363 901 1585 958 hocius
1618 902 1683 959 ad
1714 912 1874 960 actus

286 989 537 1043 omnium
574 989 839 1045 virtutum
879 988 1113 1063 obligat,
1148 990 1243 1049 sed
1272 1006 1380 1047 non
1411 991 1589 1047 omnis
1618 992 1875 1065 obligatio

286 1092 351 1132 ex
378 1077 583 1133 virtute
611 1076 802 1133 morali
829 1084 914 1133 est
941 1078 1196 1152 obligatio
1222 1080 1277 1135 in
1304 1081 1675 1150 conscientia,
1714 1096 1871 1153 ergo.

286 1168 449 1222 Pater
480 1166 678 1235 minor,
708 1166 836 1240 quia
862 1167 1138 1239 obligatio,
1166 1183 1230 1225 ex
1259 1168 1581 1239 gratitudine
1606 1186 1657 1225 v.
1684 1186 1739 1243 g.
1766 1186 1876 1226 non

286 1254 495 1327 obligat
532 1256 585 1311 in
627 1256 989 1327 conscientia3
1030 1258 1161 1313 item
1211 1257 1469 1330 obligatio
1516 1274 1583 1315 ex
1633 1259 1873 1315 amicitia

286 1343 557 1417 quadam,
598 1350 707 1401 etc.
756 1346 1155 1417 Confirmatur,
1198 1348 1323 1420 quia
1363 1348 1621 1421 obligatio
1652 1347 1719 1405 ad
1746 1365 1875 1421 poe-

286 1450 411 1490 nam
432 1473 450 1505 ,
482 1450 625 1507 quae
662 1433 894 1491 resultat
930 1450 995 1493 ex
1038 1435 1232 1507 culpa.
1264 1436 1331 1493 de
1362 1438 1481 1494 iure
1510 1442 1736 1493 naturae
1766 1443 1871 1507 est3

287 1532 551 1582 ettamen
581 1541 687 1581 non
718 1524 921 1597 obligat
948 1526 1001 1581 in
1034 1527 1402 1597 conscientia3
1437 1542 1595 1601 ergo.
1786 1524 1796 1535 '

362 1620 419 1673 4.
453 1616 612 1672 Circa
652 1615 759 1671 hoc
800 1614 963 1689 aliqui
1004 1613 1351 1688 distinguunt
1378 1616 1578 1688 duplex
1606 1616 1874 1685 debitum,

288 1711 589 1778 utrumque
622 1711 807 1763 ortum
834 1720 901 1762 ex
926 1705 1048 1761 iure
1077 1712 1333 1775 naturae,
1366 1706 1577 1763 scilicet
1604 1706 1795 1779 legale,
1826 1713 1879 1763 et

287 1793 525 1865 morale,
557 1801 615 1849 et
641 1794 875 1865 primum
907 1794 1088 1865 aiunt,
1114 1811 1221 1851 non
1252 1795 1493 1868 obligare
1515 1797 1567 1850 in
1592 1797 1877 1865 conscien-

288 1884 389 1951 tia,
420 1882 519 1939 sed
550 1890 761 1940 tantum
801 1883 1130 1940 secundum.
1156 1886 1233 1940 lta
1262 1886 1423 1941 sentit
1444 1887 1641 1942 Covar.
1676 1887 1725 1941 in
1749 1901 1871 1957 cap.

294 1974 451 2029 Cum
475 1974 543 2029 in
575 1969 815 2044 osfict'iss,
860 1988 918 2028 n.
958 1975 1048 2046 to,
1075 1981 1135 2031 et
1162 1989 1285 2046 cap.
1325 1976 1481 2031 Cum
1506 1990 1689 2045 esses,
1730 1992 1785 2030 n.
1818 1979 1873 2033 9.

286 2061 355 2119 de
384 2061 743 2132 testamentis,
780 2068 836 2118 et
860 2062 915 2117 in
948 2078 1074 2136 cap.
1114 2067 1404 2138 Quamvis
1424 2070 1696 2139 pactum,
1729 2082 1779 2136 p.
1815 2070 1871 2133 2,

288 2158 321 2216 S
348 2156 405 2221 ⁴,
436 2169 493 2207 n.
526 2158 583 2223 5,
616 2153 708 2209 ubi
736 2153 893 2223 ponit
908 2152 1217 2224 exemplum
1241 2154 1307 2210 de
1326 2153 1671 2227 gratitudine,
1699 2157 1877 2211 citans

288 2241 345 2297 d.
386 2240 645 2299 ‘rhomam
686 2248 742 2300 2.
784 2248 854 2314 2,
888 2259 943 2316 q.
995 2247 1097 2301 106
1125 2286 1140 2314 ,
1171 2251 1276 2300 art.
1318 2250 1365 2302 l.
1400 2244 1466 2301 ad
1497 2250 1565 2315 2,
1594 2254 1649 2302 et
1678 2252 1785 2303 art.
1822 2251 1875 2303 5.

288 2330 397 2389 Sed
424 2332 497 2389 ibi
536 2331 593 2388 d.
637 2332 870 2389 Thomas
898 2334 951 2389 in
988 2349 1154 2389 sensu
1187 2333 1345 2407 longe
1373 2333 1588 2391 diverso
1616 2336 1773 2392 affert
1798 2335 1873 2393 di-

289 2421 633 2479 stinctionem
662 2423 807 2480 illam
829 2421 897 2479 de
918 2423 1101 2480 debito
1126 2422 1303 2497 legali,
1328 2430 1383 2481 et
1402 2423 1467 2481 de
1488 2422 1670 2481 debito
1686 2466 1701 2495 ,
1726 2424 1879 2499 quod

289 2510 403 2582 ipse
428 2520 595 2568 vocat
618 2511 937 2581 honestatis,
962 2528 993 2568 a
1019 2528 1131 2586 quo
1161 2512 1276 2568 sine
1306 2511 1471 2569 dubio
1499 2529 1607 2570 non
1634 2514 1879 2571 excludit

286 2600 667 2674 obligationem
706 2601 763 2657 in
803 2601 1177 2672 conscientia,
1222 2617 1349 2658 nam
1390 2600 1511 2660 ideo
1549 2602 1877 2661 honestatis

289 2690 551 2763 appellat,
580 2692 710 2762 quia
749 2688 819 2745 ad
857 2689 1211 2747 honestatem
1254 2707 1473 2749 morum
1510 2694 1881 2749 necessarium

288 2787 405 2843 est,
428 2781 677 2853 quamvis
704 2796 809 2835 non
838 2781 909 2837 sit
938 2786 1046 2837 tam
1069 2780 1410 2855 rigorosum,
1436 2786 1500 2839 ut
1518 2782 1585 2839 ad
1608 2782 1739 2839 illud
1762 2798 1876 2840 ser·

288 2869 529 2926 vandum
558 2868 709 2942 leges
738 2867 1007 2927 humanae
1035 2870 1305 2943 obligent,
1336 2869 1487 2943 quod
1516 2871 1757 2942 appellat
1783 2872 1876 2929 de·

288 2958 475 3016 bitum*
508 2956 702 3030 legale.
746 2958 1049 3027 Quocirca,
1092 2960 1137 3013 si
1179 2959 1229 3014 in
1270 2960 1452 3032 rigore
1490 2960 1785 3033 loquamur
1811 2960 1879 3018 de

289 3047 617 3121 obligatione
657 3046 918 3117 naturali,
962 3048 1203 3119 separari
1244 3055 1393 3105 certe
1434 3065 1543 3107 non
1587 3055 1710 3120 pote
1726 3057 1779 3107 st
1808 3052 1877 3107 ab

290 3138 617 3212 obligatione
658 3138 711 3194 in
748 3140 1081 3195 conscientia
1099 3180 1115 3209 ,
1145 3139 1274 3212 quia
1301 3140 1346 3196 si
1372 3140 1441 3196 sit
1468 3139 1536 3195 ad
1566 3139 1775 3212 aliquid
1803 3142 1879 3195 vi·

294 3227 517 3285 tandum
542 3269 557 3297 ‚
599 3228 843 3284 nascitur
887 3243 953 3284 ex
993 3228 1287 3285 intrinseca
1326 3229 1659 3298 turpitudine
1696 3237 1877 3297 actus,

290 3318 385 3389 qui
414 3324 701 3389 propterea
726 3318 780 3373 in
805 3320 1144 3375 conscientia
1171 3317 1427 3375 vitandus
1448 3325 1554 3376 est.
1580 3320 1632 3375 Si
1663 3335 1789 3377 vero
1810 3321 1881 3377 sit

291 3405 361 3461 ad
401 3406 604 3479 aliquid
649 3405 948 3479 agendum,
979 3408 1227 3464 nascitur
1257 3424 1325 3465 ex
1351 3410 1645 3466 intrinseca
1677 3425 1879 3468 conne-

292 3496 449 3551 xione
492 3495 615 3551 talis
656 3502 817 3552 actus
857 3512 989 3552 cum
1030 3496 1311 3555 honestate
1355 3498 1601 3566 virtutis,
1632 3514 1795 3571 quam
1824 3501 1877 3555 in

290 3586 493 3642 nostris
516 3586 729 3643 actibus
752 3601 971 3643 servare
992 3589 1154 3643 etiam
1175 3588 1225 3643 in
1246 3589 1584 3645 conscientia
1607 3595 1877 3661 tenemur,

294 3674 437 3733 unde
482 3684 617 3732 tunc
654 3678 879 3757 ‚omissio
912 3683 1071 3733 actus
1098 3675 1265 3734 debiti
1294 3692 1390 3749 per
1418 3693 1478 3733 se
1506 3678 1649 3733 mala
1674 3685 1778 3734 est.
1809 3679 1881 3737 Et

292 3766 677 3829 confirmatur.
714 3768 844 3838 quia
868 3771 1135 3839 repugnat
1162 3766 1411 3841 frangere
1436 3766 1609 3841 legem
1632 3775 1877 3839 naturae,

291 3863 348 3911 et
374 3872 480 3912 non
512 3870 763 3927 peccare,
801 3863 863 3912 ut
889 3861 1037 3926 patet
1056 3872 1123 3913 ex
1144 3856 1453 3914 definitione
1476 3858 1683 3930 peccati
1711 3874 1881 3931 supra

292 3946 498 4017 posita3
530 3960 663 4016 ergo
687 3952 958 4017 repugnat
973 3986 989 4017 ,
1014 3945 1395 4018 obligationem
1415 3960 1535 4002 esse
1556 3962 1623 4003 ex
1646 3946 1763 4021 lege
1786 3963 1882 4005 na-

294 4044 450 4092 turae
482 4078 497 4105 ,
527 4044 581 4092 et
610 4052 717 4093 non
748 4050 869 4091 esse
898 4037 950 4092 in
979 4036 1325 4092 conscientia.

372 4130 426 4182 5.
458 4126 541 4181 Ne
582 4133 767 4181 autem
808 4124 1041 4181 sortasse
1080 4124 1150 4181 sit
1188 4125 1569 4197 aequivocatio
1599 4125 1648 4181 in
1678 4126 1875 4194 verbis,

292 4214 557 4286 adverto,
601 4215 749 4271 iuxta
791 4228 1139 4271 communem
1182 4212 1405 4271 modum
1449 4215 1740 4293 loquendi,
1783 4216 1879 4273 ali-

292 4305 513 4379 quando
539 4304 726 4361 vocari
748 4302 1129 4375 obligationem
1154 4304 1417 4362 moralem
1440 4304 1681 4361 debitum
1706 4305 1879 4379 quod·

292 4394 416 4451 dam
447 4410 556 4451 non
579 4393 912 4449 necessitatis
934 4392 1277 4465 simpliciter,
1302 4391 1397 4449 sed
1422 4393 1491 4450 ad
1513 4394 1705 4449 melius
1727 4410 1873 4463 esse,

293 4484 441 4558 quod
486 4484 723 4555 pertinet
760 4483 930 4540 veluti
970 4482 1037 4541 ad
1064 4481 1353 4538 consilium
1382 4483 1436 4537 in
1466 4481 1755 4539 latitudine
1784 4483 1880 4539 ali-

294 4576 454 4631 cuius
481 4574 733 4643 virtutis,
766 4578 821 4629 et
849 4572 900 4627 in
928 4570 1033 4628 hoc
1064 4586 1230 4628 sensu
1260 4587 1451 4627 verum
1476 4578 1593 4642 est,
1626 4588 1731 4627 non
1763 4590 1879 4632 om-

294 4680 417 4721 nem
443 4663 826 4737 obligationem
848 4661 1107 4719 moralem
1129 4676 1251 4717 esse
1272 4660 1650 4734 obligationem
1675 4662 1726 4717 in
1748 4678 1879 4720 con·

297 4754 545 4823 scientia,
586 4768 685 4808 seu
714 4751 779 4808 ad
808 4750 1051 4822 culpam.
1078 4752 1277 4819 Tamen
1302 4750 1389 4807 illa
1421 4766 1525 4806 non
1557 4758 1644 4809 est
1666 4752 1881 4824 proprie

294 4843 545 4915 obligatio
572 4842 705 4916 legis
734 4840 1021 4911 naturalis3
1049 4840 1278 4897 sortasse
1301 4847 1479 4897 tamen
1504 4841 1557 4895 in
1580 4839 1686 4897 hoc
1712 4857 1879 4899 sensu

296 4936 516 4990 locutus
554 4939 639 4988 est
676 4934 901 4989 Covarr.
933 4936 989 4987 et
1025 4932 1100 4986 ita
1128 4935 1279 5002 patet
1307 4930 1592 5001 responsio
1621 4930 1686 4987 ad
1720 4934 1881 4988 ratio-

297 5039 418 5081 nem
447 5022 744 5080 dubitandi.
770 5024 1003 5093 Propter
1030 5022 1493 5078 confirmationem
1516 5029 1721 5093 autem,
1750 5025 1877 5080 Bar-

296 5114 439 5170 tolus
478 5114 533 5168 in
574 5114 801 5169 Extrav.
834 5109 928 5168 Ad
953 5106 1629 5184 reprimendum,'verbo
1658 5108 1879 5170 denun-

294 5206 643 5269 ciationem,
678 5207 712 5267 s
736 5198 841 5259 sed
878 5198 1043 5266 dico,
1091 5196 1283 5269 n.‘10,
1313 5200 1514 5275 excipit
1544 5218 1574 5259 a
1602 5204 1875 5275 proposita

2142 282 2161 317 Ι

3328 309 3446 373 111

1944 450 2131 530 regula
2154 455 2536 529 obligationem
2559 454 2625 511 ad
2649 468 2897 527 poenam.
2919 452 3022 510 Sed
3047 468 3150 509 non
3173 458 3258 507 est
3279 450 3526 523 exceptio

1941 548 2284 615 necessaria,
2315 545 2444 619 quia
2483 544 2735 618 obligatio
2775 544 2840 601 ad
2872 559 3098 617 poenam
3129 559 3233 598 non
3273 550 3358 599 est
3387 540 3526 598 obli-

1942 636 2095 708 gatio
2123 635 2191 692 ad
2222 634 2426 708 aliquid
2453 634 2744 707 agendum,
2769 634 2863 691 sed
2886 635 3068 706 potius
3087 634 3334 691 debitum
3358 632 3524 688 susti·

1944 724 2101 781 nendi
2143 740 2404 795 poenam,
2447 738 2588 795 quae
2627 723 2694 779 ab
2736 721 2842 779 alio
2884 723 3172 796 infligenda
3199 729 3302 780 est.
3331 724 3408 779 Eo
3435 721 3521 777 vel

1944 816 2198 877 maxime,
2224 813 2373 886 quod
2403 812 2542 869 intra
2569 812 2986 885 terminostlegis
3015 811 3278 870 naturalis
3305 828 3411 869 non
3442 813 3526 868 in-

1944 904 2193 959 curritur
2233 909 2418 958 reatus
2460 917 2695 973 poenae,
2740 903 2839 959 nisi
2883 900 3195 975 infligendae
3221 919 3253 959 a
3279 905 3390 960 Deo
3411 944 3426 973 ,
3458 901 3526 958 ad

1944 1008 2109 1065 quam
2136 1008 2244 1049 non
2268 993 2506 1063 pertinet
2527 988 2781 1062 obligatio
2805 992 3041 1063 propria,
3062 991 3130 1049 de
3151 1007 3259 1064 qua
3281 995 3518 1066 agimus.

2021 1086 2075 1140 6.
2106 1080 2306 1139 Ultimo
2337 1081 2654 1152 interrogari
2681 1087 2884 1153 potest,
2910 1098 2976 1138 an
3003 1098 3034 1137 e
3058 1098 3326 1139 converso
3351 1085 3524 1140 omnis

1944 1172 2200 1245 obligatio
2227 1172 2278 1227 in
2303 1170 2636 1227 conscientia
2665 1172 2731 1227 sit
2756 1172 2983 1228 effectus
3006 1172 3138 1245 legis
3159 1168 3445 1244 naturalis,
3469 1179 3526 1230 et

1944 1261 2064 1319 ideo
2096 1262 2267 1332 possit
2292 1263 2466 1317 omnis
2496 1262 2581 1318 illa
2610 1260 2716 1318 dici
2745 1262 2998 1335 obligatio
3027 1263 3312 1320 naturalis.
3337 1265 3407 1320 Et
3435 1280 3521 1320 ra·

1944 1352 2017 1407 tio
2058 1349 2338 1407 dubitandi
2378 1356 2491 1421 est,
2534 1352 2692 1422 quia,
2737 1358 2801 1407 ut
2827 1351 3161 1424 videbimus,
3193 1352 3356 1409 etiam
3382 1352 3532 1427 leges

1946 1439 2214 1495 humanae
2251 1438 2497 1513 obligant
2525 1440 2576 1495 in
2605 1441 2969 1512 conscientia3
3001 1457 3132 1513 ergo
3159 1440 3247 1498 illa
3279 1441 3531 1515 obligatio

1946 1546 2051 1585 non
2091 1535 2177 1585 est
2215 1528 2444 1586 effectus
2471 1530 2602 1602 legis
2633 1529 2924 1600 naturalis,
2956 1529 3050 1586 sed
3078 1530 3363 1602 positivae.
3396 1532 3531 1587 ltem

1946 1620 2071 1691 quia
2097 1618 2354 1692 obligatio
2373 1621 2429 1676 in
2451 1620 2781 1676 conscientia
2805 1627 2890 1676 est
2911 1612 3215 1677 immediate
3236 1620 3405 1694 alege
3429 1638 3524 1692 po-

1948 1709 2104 1765 sitiva
2149 1708 2586 1780 supernaturali,
2631 1714 2694 1764 ut
2733 1725 2784 1764 v.
2817 1724 2873 1781 g.
2919 1708 3176 1783 obligatio
3217 1710 3526 1777 confitendi,

1946 1804 2043 1854 aut
2069 1798 2316 1854 servandi
2349 1797 2586 1871 sigillum
2624 1798 3012 1869 consessionis3
3048 1798 3191 1855 unde
3231 1800 3350 1856 talis
3389 1800 3524 1860 obli-

1946 1889 2093 1959 gatio
2128 1887 2237 1944 dici
2260 1893 2442 1959 potest
2462 1887 2912 1963 supernaturalis,
2933 1888 3084 1945 nullo
3106 1904 3238 1961 ergo
3265 1889 3423 1946 modo
3444 1896 3534 1947 est

1944 1976 2174 2033 effec'tus
2197 1977 2330 2050 legis
2349 1976 2629 2034 naturalis.
2647 1977 2888 2050 Denique
2905 1976 3034 2034 alias
3057 1977 3198 2035 idem
3217 1985 3364 2037 esset
3379 1979 3538 2036 adae-

1946 2074 2149 2139 quatus
2181 2066 2409 2122 effectus
2441 2066 2706 2123 naturalis
2731 2066 2885 2141 legis,
2917 2073 2974 2124 et
3003 2066 3135 2140 legis
3155 2070 3208 2125 in
3229 2070 3530 2142 communi,

1948 2154 2091 2211 unde
2126 2156 2434 2228 superfluae
2461 2163 2648 2213 essent
2672 2156 2802 2213 aliae
2834 2156 3002 2230 leges.

2022 2246 2079 2300 ln
2108 2246 2445 2301 contrarium
2485 2252 2672 2301 autem
2709 2252 2825 2316 est,
2867 2248 2994 2318 quia
3037 2247 3293 2320 obligatio
3321 2247 3373 2303 in
3402 2262 3538 2306 con-

1944 2334 2172 2390 scientia
2195 2374 2210 2401 ,
2241 2349 2381 2407 quae
2408 2336 2656 2390 nascitur
2683 2350 2750 2391 ex
2776 2334 2894 2408 lege
2915 2335 3150 2392 humana
3168 2375 3184 2403 ,
3208 2336 3422 2393 videtur
3449 2336 3526 2393 es-

1944 2423 2123 2479 factus
2154 2422 2286 2496 legis
2317 2422 2613 2494 naturalis3
2639 2438 2762 2480 nam
2784 2425 2829 2479 si
2850 2423 2983 2497 quid
3003 2424 3264 2495 obstaret,
3292 2426 3523 2483 maxime

1944 2514 2073 2585 quia
2095 2512 2380 2569 intervenit
2399 2510 2652 2569 voluntas
2680 2512 2960 2586 principis;
2987 2520 3040 2569 at
3059 2513 3162 2571 hoc
3184 2531 3289 2571 non
3313 2515 3518 2585 obstat,

1945 2604 2072 2676 quia
2099 2604 2263 2659 etiam
2291 2602 2343 2657 in
2371 2601 2692 2674 obligatione
2720 2604 2833 2659 voti
2861 2603 3150 2660 intervenit
3183 2604 3404 2677 propria
3429 2620 3528 2659 vo·

1948 2693 2131 2749 luntas
2152 2692 2519 2763 promittentis
2538 2733 2554 2763 ,
2577 2697 2634 2748 et
2653 2690 3001 2749 nihilominus
3021 2693 3278 2767 obligatio
3309 2696 3423 2751 voti
3445 2694 3524 2749 ei-

1946 2784 2128 2839 sectus
2170 2788 2257 2839 est
2297 2782 2434 2855 legis
2474 2782 2757 2839 naturalis.
2789 2782 2947 2840 Sicut
2975 2789 3158 2840 autem
3187 2782 3268 2840 lex
3300 2789 3531 2841 naturae

1947 2872 2212 2944 praecipit
2250 2871 2507 2944 reddere,
2551 2871 2701 2945 quod
2732 2874 2952 2944 propria
2980 2872 3259 2931 voluntate
3289 2875 3521 2946 promis-

1948 2977 2071 3017 sum
2098 2969 2203 3032 est,
2234 2962 2312 3017 ita
2337 2961 2495 3017 etiam
2521 2961 2724 3031 facere,
2757 2961 2904 3035 quod
2925 2964 3222 3034 superioris
3246 2962 3525 3022 voluntate

1947 3050 2251 3106 iniunctum
2291 3055 2393 3106 est.
2426 3050 2560 3106 ltem
2601 3050 2651 3105 in
2694 3050 3122 3123 praescriptione
3162 3051 3248 3109 lex
3289 3053 3526 3111 humana

1946 3140 2267 3211 intervenit,
2301 3154 2451 3211 ¹quae
2494 3140 2751 3195 transfert
2787 3140 3085 3196 dominium
3126 3141 3201 3197 rei
3229 3142 3297 3198 ab
3327 3158 3436 3199 uno
3467 3144 3529 3200 in

1947 3230 2138 3301 alium3
2167 3235 2223 3286 et
2249 3238 2425 3286 tamen
2449 3228 2724 3301 obligatio,
2753 3244 2894 3301 quae
2920 3229 3307 3313 inde-nascitur
3329 3230 3394 3288 ad
3417 3249 3522 3290 non

1948 3318 2320 3391 usurpandam
2361 3320 2428 3376 ab
2457 3318 2561 3376 alio
2591 3333 2704 3375 rem
2732 3319 2800 3376 ab
2824 3321 2944 3391 ipso
2975 3322 3366 3394 praescriptam
3384 3365 3398 3393 ,
3431 3338 3526 3378 na·

1950 3409 2139 3466 turalis
2167 3414 2282 3479 est,
2314 3424 2478 3482 quam
2519 3408 2722 3465 violare
2750 3409 2959 3466 furtum
2986 3416 3152 3467 esset.
3185 3411 3254 3467 Et
3280 3410 3418 3467 idem
3448 3414 3528 3468 vi·

1948 3499 2111 3556 detur
2132 3497 2200 3555 de
2221 3498 2567 3571 obligatione,
2590 3512 2732 3571 quae
2751 3500 2949 3569 oritur,
2981 3500 3151 3570 petita
3169 3498 3286 3572 lege
3307 3506 3524 3559 taxante

1948 3590 2182 3662 pretium
2226 3588 2334 3659 rei,
2375 3602 2500 3643 nam
2541 3588 2726 3644 statim
2765 3589 2944 3644 oritur
2981 3586 3233 3661 obligatio
3263 3588 3522 3661 iustitiae,

1948 3678 2111 3735 cuius
2138 3677 2354 3734 violatio
2385 3674 2593 3733 lurtum
2619 3678 2945 3749 erit,'atque
2974 3675 3110 3733 adeo
3130 3684 3326 3735 contra
3351 3678 3529 3754 legem

1954 3775 2206 3825 naturae.
3243 3828 3252 3839 ,
3389 3818 3398 3831 ,

2030 3856 2308 3929 Secundo,
2333 3872 2440 3913 uon
2471 3856 2650 3914 solum
2679 3855 2934 3929 obligatio
2963 3855 3230 3914 humanae
3251 3858 3410 3932 legis,
3435 3857 3532 3915 sed

1947 3948 2111 4003 etiam
2146 3946 2361 4001 divinae
2387 3950 2443 4001 et
2471 3945 2928 4018 supernaturalis,
2960 3944 3175 4003 videtur
3201 3947 3428 4005 effectus
3453 3946 3531 4005 le·

1946 4029 2318 4110 gis‘naturae3
2349 4038 2427 4092 sic
2469 4034 2614 4092 enim
2654 4041 2880 4091 censent
2907 4034 3174 4108 theologi,
3205 4052 3314 4093 non
3343 4053 3528 4094 assen-

1950 4127 2039 4183 tiri
2097 4125 2261 4181 rebus
2315 4124 2432 4182 fidei
2470 4124 2806 4182 sufficienter
2855 4125 3144 4197 propositis
3181 4140 3303 4183 esse
3343 4133 3534 4183 contra

1948 4218 2129 4288 ipsum
2151 4216 2331 4271 lumen
2356 4224 2614 4287 naturae,
2637 4215 2789 4289 quod
2811 4222 2944 4272 tunc
2967 4215 3242 4272 evidenter
3264 4214 3522 4288 ostendit,

1947 4320 2037 4361 res
2080 4304 2196 4361 illas
2241 4320 2363 4361 esse
2403 4303 2722 4375 credibiles,
2765 4312 2930 4377 atque
2957 4303 3092 4360 adeo
3118 4304 3418 4362 credendas
3447 4320 3533 4361 se·

1946 4393 2192 4451 cundum
2229 4402 2437 4451 rectam
2464 4394 2747 4451 rationem.
2769 4395 2848 4451 Ex
2869 4409 2980 4467 quo
2995 4394 3154 4452 etiam
3176 4394 3533 4453 dicunttheo-

1947 4483 2053 4557 logi
2077 4484 2450 4558 frequentius,
2473 4485 2741 4540 neminem
2771 4485 2938 4542 averti
2962 4484 3244 4558 peccando
3266 4500 3296 4541 a
3316 4485 3418 4541 tine
3441 4502 3535 4542 su·

1948 4574 2313 4647 pet-naturali,
2347 4574 2478 4646 quin
2509 4579 2794 4631 avertatur
2825 4576 2984 4633 etiam
3027 4590 3060 4631 a
3099 4573 3351 4632 naturali.
3380 4574 3534 4641 Quod

1947 4680 2055 4721 non
2085 4663 2190 4720 alia
2223 4664 2428 4720 ratione
2466 4678 2661 4720 verum
2696 4680 2817 4720 esse
2845 4671 3053 4736 potest,
3085 4665 3186 4720 nisi
3215 4664 3341 4738 quia
3369 4664 3533 4721 violat

1948 4768 2166 4827 semper
2194 4752 2368 4826 legem
2396 4751 2730 4824 naturalem3
2755 4768 2884 4827 ergo
2911 4770 2942 4810 e
2971 4754 3247 4810 contrario
3270 4751 3532 4826 obligatio

1948 4842 2198 4900 servandi
2229 4840 2662 4914 supernaturalia
2690 4848 2984 4914 praecepta
3001 4881 3017 4912 ,
3045 4857 3262 4913 semper
3289 4848 3374 4899 est
3399 4842 3528 4899 effe-

1948 4938 2077 4989 ctus
2108 4931 2370 4989 naturalis
2391 4930 2546 5004 legis.
2573 4931 2730 4987 Ratio
2749 4932 2912 4987 etiam
2936 4928 3153 5005 adiungi
3175 4938 3378 5004 potest,
3401 4934 3533 5005 quia

1948 5032 2143 5079 natura
2175 5027 2263 5078 est
2296 5020 2710 5079 fundamentum
2739 5028 2850 5077 tam
2877 5023 3086 5093 gratiae
3106 5062 3122 5087 ,
3151 5036 3317 5093 quam
3343 5020 3531 5077 cuius-

1948 5128 2193 5187 cumque
2231 5113 2368 5185 legis
2411 5112 2696 5169 humanae.
2729 5112 2997 5183 Principia
3036 5111 3197 5168 etiam
3238 5109 3522 5179 naturalia,

1947 5220 2044 5277 per
2072 5218 2215 5277 quae
2257 5202 2420 5259 homo
2457 5202 2509 5260 in
2550 5200 2849 5259 moralibus
2875 5200 3170 5275 gubernari
3195 5198 3386 5267 debet,
3415 5206 3527 5257 tam
