4325 6267
1763 339 1974 391 CAPUT
1999 340 2116 390 XV.

291 457 603 531 cognitione
633 472 836 518 causae
864 459 1118 519 resultat.
1141 462 1274 520 Nam
1299 467 1432 520 tunc
1457 465 1723 522 sententia
1751 481 1884 522 con·

295 547 478 606 ferens
516 549 602 607 ius
639 551 732 607 uni
769 551 946 624 parti,
980 551 1088 609 vim
1117 552 1278 610 habet
1303 552 1472 627 legis,
1505 555 1616 611 sive
1645 554 1887 613 declaret

293 640 538 712 priorem
575 639 752 716 legem
781 641 966 714 (quod
997 641 1230 700 sortasse
1259 643 1592 717 frequentius
1621 644 1882 718 eveniet),

295 729 412 786 sive
450 731 754 789 constituat
791 731 957 804 illam,
989 732 1036 789 si
1075 746 1174 805 pro
1217 731 1372 790 simili
1412 749 1580 792 causa
1621 751 1726 792 non
1768 743 1888 794 erat

295 820 620 878 constituta.
651 823 724 879 At
747 837 878 878 vero
905 821 1106 880 dictam
1140 823 1314 899 legem
1341 829 1396 883 2.
1431 825 1674 900 intelligit
1697 827 1886 884 eadem

295 908 489 967 Glossa
513 911 586 968 ibi
615 910 684 969 de
713 911 796 968 bis
823 913 1073 984 statutis,
1105 929 1204 971 seu
1231 915 1710 992 concessionibus,
1747 932 1886 991 quas

296 1001 591 1075 imperator
617 1001 750 1060 tacit
777 1017 875 1074 per
903 1003 1124 1062 modum
1155 1005 1442 1081 privilegii,
1467 1007 1551 1064 vet
1577 1007 1630 1084 in
1658 1011 1887 1082 gratiam

299 1088 538 1148 alicuius
557 1105 825 1164 personae
847 1099 1072 1166 propter
1093 1095 1428 1167 peculiarem
1451 1105 1787 1170 respectum,
1802 1099 1888 1156 vel

295 1180 352 1236 in
378 1181 471 1237 tali
503 1187 744 1254 tempore
772 1190 871 1240 aut
900 1183 1044 1256 loco,
1080 1192 1303 1258 propter
1330 1187 1620 1260 specialem
1643 1191 1890 1247 occasio-

295 1284 445 1343 nem,
482 1269 608 1328 talia
633 1273 774 1330 enim
805 1279 1012 1332 statuta
1041 1290 1149 1333 non
1177 1275 1376 1334 babent
1397 1279 1502 1336 vim
1525 1280 1792 1352 generalis
1815 1279 1892 1338 le-

295 1363 386 1434 gis
407 1403 422 1432 ,
465 1367 530 1419 ut
565 1363 624 1419 in
661 1361 846 1421 eadem
875 1363 912 1420 l.
944 1369 1000 1423 2.
1031 1373 1434 1440 consequenter
1468 1368 1809 1443 declaratur,
1837 1376 1894 1426 et

296 1449 534 1508 habetur
553 1452 722 1509 etiam
753 1455 807 1509 in
836 1453 878 1510 l.
916 1457 968 1526 1,
993 1453 1048 1513 ff.
1077 1455 1143 1512 de
1166 1462 1346 1513 const.
1373 1457 1548 1530 princ.
1573 1465 1628 1515 et
1649 1465 1736 1516 est
1760 1474 1891 1517 con-

299 1549 622 1600 sentaneum
650 1543 852 1617 regulis
880 1544 1014 1600 iuris
1041 1550 1134 1606 28.
1165 1551 1221 1603 et
1251 1549 1340 1606 74.
1373 1549 1424 1604 in
1457 1552 1512 1622 6,
1545 1548 1689 1622 quod
1718 1550 1892 1620 priva-

297 1637 392 1690 tae
428 1633 810 1690 concessiones
857 1649 967 1692 non
1015 1636 1308 1694 trahuntur
1345 1639 1394 1694 in
1425 1643 1890 1714 consequentiam,

299 1729 369 1778 ut
395 1723 450 1778 in
478 1723 636 1780 simili
664 1726 872 1782 notavit
906 1726 1095 1784 Glossa
1130 1727 1258 1785 dist.
1297 1731 1382 1786 19.
1411 1731 1464 1785 in
1495 1732 1670 1802 princ.
1699 1739 1892 1806 estque

296 1813 360 1870 in
379 1827 440 1870 re
461 1828 593 1871 vera
616 1813 750 1871 baec
766 1817 1121 1890 sententia,et
1143 1818 1274 1877 satis
1300 1818 1594 1877 conformis
1615 1821 1688 1878 illi
1709 1821 1810 1894 legi
1832 1827 1886 1881 2.

377 1903 580 1962 Baldus
608 1920 739 1963 vero
765 1905 840 1962 ibi
866 1905 1052 1976 addit,
1084 1906 1259 1982 legem
1289 1908 1539 1968 ultimam
1576 1911 1643 1970 de
1680 1911 1894 1986 legibus

299 1992 604 2066 procedere
629 1997 684 2052 in
713 1996 978 2054 sententia
1003 1995 1296 2069 definitiva,
1319 1999 1432 2056 sive
1459 2002 1532 2057 sit
1558 2000 1692 2058 iuris
1713 2000 1893 2074 dispo-

301 2085 482 2158 sitiva,
513 2085 626 2143 sive
652 2085 1003 2144 declarativa.
1035 2090 1155 2146 Non
1189 2105 1322 2146 vero
1362 2091 1416 2146 in
1451 2091 1890 2162 interlocutoria,

299 2174 373 2232 de
399 2191 512 2248 qua
535 2175 783 2250 loquitur
812 2177 898 2235 lex
925 2177 1189 2250 secunda,
1228 2186 1291 2236 ut
1317 2181 1430 2252 ipse
1460 2184 1700 2257 exponit,
1719 2189 1776 2240 et
1801 2199 1896 2242 ex·

299 2267 546 2340 pressius
575 2266 810 2326 habetur
835 2270 888 2326 in
915 2269 952 2326 l.
987 2275 1042 2342 3,
1068 2277 1124 2327 et
1149 2269 1252 2328 bac
1276 2269 1627 2329 distinctione
1656 2279 1894 2331 utuntur

301 2357 471 2414 etiam
497 2361 862 2416 communiter
892 2360 1206 2418 canonistae
1237 2361 1287 2417 in
1315 2376 1440 2435 cap.
1471 2365 1547 2418 In
1571 2365 1792 2431 causis,
1827 2362 1894 2420 de

302 2460 368 2503 re
395 2445 510 2503 iud.
544 2445 646 2504 Sed
675 2450 751 2505 ita
769 2463 890 2506 eam
913 2449 1163 2522 limitant,
1190 2457 1252 2507 ut
1271 2466 1391 2508 eam
1411 2457 1655 2511 evertere
1679 2451 1896 2512 videan-

303 2541 430 2610 tur,
461 2551 588 2593 nam
628 2537 885 2611 fatemur,
917 2541 963 2596 si
1005 2538 1418 2600 interlocutoria
1459 2544 1531 2601 sit
1569 2544 1620 2600 in
1661 2559 1896 2618 corpore

302 2626 442 2683 iuris
468 2626 700 2698 incerta,
733 2627 932 2686 babere
958 2630 1064 2686 vim
1096 2630 1261 2704 legis:
1293 2633 1424 2689 item
1456 2635 1502 2688 si
1530 2634 1641 2692 lata
1668 2635 1738 2692 sit
1765 2650 1896 2692 cum

305 2717 614 2788 cognitione
643 2733 842 2777 causae
862 2763 877 2793 ,
908 2720 1044 2778 etin
1068 2723 1371 2793 praesentia
1397 2725 1633 2797 partium
1654 2767 1670 2800 ,
1703 2725 1899 2784 habere

303 2808 472 2864 etiam
509 2809 618 2866 vim
645 2808 815 2883 legia,
847 2810 1054 2868 etiamsi
1097 2828 1207 2869 non
1249 2815 1320 2870 sit
1343 2815 1546 2872 inserta
1585 2815 1639 2871 in
1665 2832 1898 2889 corpore

305 2898 462 2954 iuris.
507 2899 577 2954 At
616 2913 744 2956 vero
783 2899 882 2958 has
921 2893 1268 2960 conditiones
1312 2908 1601 2978 requirunt
1639 2907 1798 2964 etiam
1845 2907 1897 2964 in

309 2989 582 3046 sententia
604 2986 871 3048 definitiva
893 2990 1043 3048 iuxta
1062 2992 1266 3050 dictam
1292 2992 1463 3067 legem
1485 2996 1758 3070 ultimam3
1790 3014 1898 3054 non

309 3079 524 3138 videtur
562 3095 696 3154 ergo
734 3082 1042 3140 necessaria
1082 3083 1384 3142 distinctio.
1415 3087 1638 3144 Maxime
1679 3105 1808 3146 cum
1847 3089 1898 3145 in

311 3169 348 3228 l.
389 3175 441 3243 1,
473 3172 530 3228 ff.
561 3171 628 3228 de
654 3175 876 3231 constit.
902 3175 1080 3244 princ.
1111 3173 1346 3250 dicatur,
1376 3177 1538 3234 etiam
1564 3177 1718 3253 illud,
1747 3177 1902 3254 quod

307 3264 587 3336 princeps
608 3260 679 3319 de
700 3261 888 3340 plano
916 3263 1307 3322 interlocutus
1337 3271 1439 3334 est,
1469 3266 1655 3341 legem
1681 3285 1827 3336 esse;
1857 3269 1902 3326 si

309 3365 442 3423 ergo
472 3356 689 3408 caetere
718 3352 825 3409 sint
849 3355 1022 3426 paria.
1049 3370 1157 3411 non
1187 3353 1400 3414 videtur
1428 3373 1550 3415 esse
1577 3358 1897 3432 differentia3

311 3439 463 3514 quia,
497 3440 632 3498 licet
655 3445 920 3499 sententia
945 3444 1018 3500 sit
1044 3443 1456 3503 interlocutoria
1485 3456 1742 3521 respectu
1769 3464 1902 3507 cau-

309 3545 404 3587 sae
431 3530 770 3606 principalis,
802 3531 870 3588 de
897 3548 1008 3606 qua
1037 3539 1318 3592 tractatur
1339 3577 1354 3608 ,
1383 3543 1565 3608 potest
1594 3553 1716 3596 esse
1744 3541 1902 3612 quasi

309 3617 603 3693 definitiva,
635 3629 902 3696 quantum
933 3623 1001 3681 ad
1031 3623 1118 3693 id,
1149 3625 1296 3697 quod
1336 3627 1592 3701 princeps
1627 3644 1727 3700 per
1756 3629 1901 3687 illam

309 3711 556 3783 proxime
586 3712 807 3786 statuit,
837 3712 923 3769 vel
951 3713 1224 3790 declarat,
1265 3716 1394 3788 quia
1430 3717 1480 3774 in
1515 3732 1581 3774 eo
1619 3719 1901 3776 continere

310 3807 494 3872 potest
523 3800 792 3874 ultimam,
822 3809 888 3860 ut
913 3804 993 3861 sic
1021 3803 1223 3874 dicam,
1255 3807 1371 3862 eius
1399 3807 1822 3881 resolutionem3
1856 3810 1902 3866 si

312 3905 448 3963 ergo
475 3890 543 3948 de
571 3898 754 3949 mente
773 3893 1036 3965 principis
1057 3909 1232 3966 aeque
1255 3903 1474 3955 constat
1494 3913 1591 3970 per
1614 3906 1905 3974 utramque

315 3982 670 4056 sententiam,
701 3983 889 4041 eadem
927 3985 1032 4042 erit
1070 3986 1356 4059 utriusque
1397 3990 1560 4044 ratio.
1597 3989 1904 4047 Differentia

313 4071 487 4144 igitur
515 4071 693 4130 solum
719 4089 840 4130 esse
869 4079 1047 4146 potest
1071 4078 1228 4148 quasi
1256 4077 1586 4153 materialis,
1617 4081 1743 4152 quia
1769 4079 1904 4137 faci-

315 4161 423 4219 lius
451 4169 510 4220 et
535 4161 878 4237 frequentius
906 4163 1048 4222 solet
1073 4163 1140 4222 de
1161 4165 1264 4224 hac
1287 4174 1467 4224 mente
1490 4169 1748 4242 principis
1767 4185 1908 4228 con-

315 4253 464 4308 stare
496 4267 593 4324 per
621 4253 942 4311 sententiam
978 4253 1334 4328 definitivam,
1365 4272 1530 4331 quam
1559 4275 1656 4330 per
1683 4259 1904 4318 interlo-

317 4343 615 4399 cutoriam.
634 4344 815 4418 Atque
837 4344 942 4402 boc
965 4344 1124 4402 modo
1145 4345 1426 4405 intellecta
1447 4351 1757 4407 communis
1777 4366 1900 4409 sen-

318 4432 485 4488 tentia
513 4433 796 4491 verissima
820 4441 926 4492 est.

404 4526 490 4581 11.
523 4524 642 4582 Duo
667 4531 852 4582 autem
876 4525 1122 4586 addenda
1141 4535 1466 4586 occurrunt:
1487 4545 1656 4588 unum
1685 4537 1791 4604 est,
1810 4546 1904 4588 ne-

319 4615 632 4672 cessarium
659 4630 876 4688 semper
899 4631 1043 4690 esse,
1071 4627 1132 4676 ut
1151 4634 1218 4676 ex
1237 4619 1418 4676 verbis
1445 4623 1742 4678 sententiae
1770 4637 1904 4678 con-

318 4709 460 4776 stet,
493 4703 656 4763 latam
681 4721 804 4764 esse
845 4723 954 4764 non
982 4709 1161 4767 solum
1199 4725 1267 4766 ex
1294 4709 1518 4769 arbitrio
1559 4710 1811 4783 prudenti
1853 4718 1908 4770 et

319 4795 634 4869 opinative,
668 4803 728 4854 ut
755 4798 832 4854 sic
860 4797 1060 4871 dicam,
1091 4800 1236 4856 sicut
1260 4800 1388 4858 ferri
1423 4801 1560 4859 solet
1594 4801 1662 4859 ab
1690 4802 1906 4862 inferio·

318 4885 472 4944 ribus
499 4887 792 4962 iudicibus,
823 4887 916 4945 sed
945 4891 1108 4947 etiam
1137 4907 1204 4949 ex
1231 4897 1523 4966 potestate,
1546 4898 1603 4950 et
1626 4893 1905 4951 voluntate

322 4975 571 5045 dicendi,
599 4983 657 5035 et
683 4978 986 5036 stabiliendi
1013 4985 1230 5038 certum
1257 4981 1376 5056 ius,
1407 4997 1532 5038 nam
1567 4977 1766 5057 alioqui
1795 4985 1908 5055 pri-

319 5071 450 5124 vata
475 5071 745 5127 sententia
765 5085 876 5128 non
896 5069 1157 5146 sufficiet,
1183 5078 1246 5128 ut
1272 5073 1612 5130 confirmatio
1633 5088 1797 5143 supra
1828 5072 1905 5130 sa-

327 5162 418 5214 cta
443 5165 594 5216 recte
621 5158 839 5232 probat,
869 5159 924 5217 in
949 5175 1060 5235 quo
1089 5162 1253 5218 etiam
1281 5161 1416 5220 bene
1443 5163 1610 5220 sentit
1633 5163 1908 5220 Covarru-

325 5246 464 5306 vias.
507 5249 624 5308 Hoc
665 5254 889 5326 autem,
931 5257 999 5308 ut
1035 5243 1200 5326 dixit,
1244 5251 1579 5328 frequentius
1617 5253 1904 5328 contingit,

3343 315 3467 379 215

1953 464 2173 540 quando
2198 465 2453 538 princeps
2480 461 2586 520 sert
2616 461 2973 532 sententiam,
3007 458 3415 529 interpretando
3444 457 3541 515 ali-

1952 573 2117 631 quam
2159 557 2334 632 legem
2375 555 2649 628 propriam
2688 553 2770 610 vel
2812 549 3085 626 aequalis,
3116 556 3214 607 aut
3248 549 3538 606 inferioris.

1929 645 2181 716 Quando
2212 662 2342 704 vero
2382 661 2490 701 non
2530 644 2951 716 interpretatur,
2981 640 3077 698 sed
3113 637 3299 697 condit
3336 653 3543 696 novum

1953 739 2060 810 ius,
2092 745 2227 796 tunc
2255 751 2481 793 necesse
2506 739 2613 802 est,
2642 741 2707 791 ut
2731 733 2837 790 boc
2862 732 3175 805 expressius
3208 730 3545 804 significetur

1954 830 2006 885 in
2035 827 2320 900 sententia3
2351 824 2477 901 quia
2506 825 2769 881 sententia
2793 822 2861 879 de
2888 838 2947 878 se
2975 836 3083 878 non
3111 827 3199 878 est
3226 819 3543 876 constituti-

1953 935 2022 976 va
2049 918 2205 989 iuris,
2238 917 2333 974 sed
2361 915 2712 984 declarativa,
2744 912 2873 986 quia
2898 910 2965 969 de
2994 926 3052 968 se
3078 909 3224 968 cadit
3250 910 3304 967 in
3332 910 3545 967 sactum

1957 1009 2342 1081 praeteritum,
2382 1004 2467 1062 vel
2509 1006 2594 1062 ius
2638 1003 2995 1077 acquisitum,
3042 1017 3140 1058 seu
3181 1001 3546 1073 praeexistens

1957 1101 2098 1157 inter
2135 1103 2321 1171 partes
2364 1095 2635 1170 litigantes
2668 1114 2681 1150 ι
2723 1091 2987 1150 iudicium
3028 1096 3211 1148 autem
3254 1091 3454 1149 cadens
3496 1091 3549 1146 in

1957 1190 2317 1264 praeteritum
2347 1185 2617 1244 ordinarie
2638 1191 2725 1240 est
2742 1181 3136 1240 declarativum
3161 1181 3363 1254 potius,
3388 1197 3551 1254 quam

1958 1279 2377 1337 constitutivum
2406 1277 2562 1348 iuris,
2595 1275 2693 1331 nisi
2722 1273 2869 1332 aliud
2897 1272 3225 1344 explicetur.
3250 1270 3401 1329 Unde
3432 1286 3551 1328 sae-

1958 1385 2024 1442 pe
2061 1371 2224 1428 etiam
2263 1368 2575 1440 contingere
2614 1370 2827 1438 potest,
2860 1369 2925 1420 ut
2959 1364 3212 1435 princeps
3252 1377 3348 1434 per
3385 1361 3548 1419 talem

1961 1460 2282 1517 sententiam
2309 1474 2417 1514 non
2446 1458 2834 1528 interpretetur
2862 1453 2947 1509 ius
2976 1451 3300 1524 humanum,
3333 1451 3424 1509 sed
3456 1469 3550 1508 na-

1959 1549 2181 1622 turale3
2212 1555 2269 1606 et
2296 1555 2428 1605 tunc
2460 1546 2631 1619 magis
2659 1544 2888 1602 dubium
2920 1545 3055 1617 erit,
3085 1560 3154 1601 an
3182 1543 3299 1600 talis
3328 1549 3544 1600 senten-

1961 1638 2035 1697 tia
2063 1637 2239 1713 legem
2271 1638 2595 1708 constituat,
2624 1636 2752 1709 quia
2781 1636 3035 1707 princeps
3064 1649 3171 1690 non
3198 1633 3359 1690 habet
3386 1634 3551 1691 maio-

1959 1745 2077 1786 rem
2105 1734 2430 1802 potestatem
2457 1725 2849 1798 interpretandi
2874 1727 2959 1782 ius
2983 1724 3253 1796 naturale,
3276 1740 3442 1798 quam
3466 1741 3555 1782 ra-

1960 1818 2034 1876 tio
2063 1820 2181 1876 eius
2210 1817 2540 1892 probaverit.
2570 1815 2705 1885 Quia
2730 1817 2784 1872 in
2813 1814 2920 1875 hoc
2948 1831 3208 1888 magnum
3247 1823 3331 1872 est
3357 1815 3551 1874 discri-

1961 1926 2087 1968 men
2115 1911 2254 1968 inter
2284 1909 2786 1981 interpretationem
2814 1904 2946 1980 legis
2974 1905 3239 1963 naturalis
3275 1911 3331 1962 et
3358 1907 3549 1981 civilis3

1962 2018 2084 2060 nam
2114 2001 2490 2073 interpretatio
2518 1997 2652 2070 legis
2675 1997 2847 2054 civilis
2872 1994 3123 2069 procedit
3143 2011 3253 2052 uon
3276 1995 3455 2053 solum
3478 2012 3548 2056 ex

1962 2092 2217 2162 scientia,
2250 2091 2344 2147 sed
2379 2091 2539 2147 etiam
2580 2103 2645 2144 ex
2674 2092 2939 2160 potestate
2978 2093 3034 2143 et
3072 2086 3373 2160 voluntate,
3405 2102 3547 2161 quae

1961 2181 2088 2239 tacit
2105 2197 2227 2239 esse
2244 2187 2448 2238 certam
2466 2178 2983 2250 interpretationem,
2998 2177 3207 2234 etiamsi
3224 2177 3333 2233 min
3342 2193 3405 2232 us
3418 2192 3555 2234 con-

1963 2280 2220 2330 sentanea
2244 2273 2312 2328 sit
2332 2269 2603 2344 prioribus
2625 2269 2799 2326 verbis
2820 2288 2834 2342 3
2859 2268 2944 2326 vel
2967 2273 3169 2324 tantam
3193 2269 3553 2325 mutationem

1961 2363 2138 2420 facere
2161 2405 2176 2436 ,
2207 2368 2271 2421 ut
2304 2362 2389 2418 ius
2431 2361 2718 2433 antiquum
2758 2365 2969 2416 mutare
3008 2355 3274 2416 videatur.
3315 2359 3433 2414 Non
3468 2364 3556 2416 est

1963 2460 2148 2511 autem
2183 2453 2257 2509 ita
2282 2453 2337 2510 in
2372 2449 2819 2522 interpretatione
2857 2450 2994 2505 iuris
3031 2447 3325 2519 naturalis3
3358 2462 3556 2520 proce-

1963 2542 2042 2601 dit
2066 2545 2209 2601 enim
2236 2541 2415 2599 solum
2442 2557 2508 2598 ex
2532 2541 2585 2597 vi
2607 2539 2854 2613 rationis,
2876 2554 3019 2613 quae
3040 2536 3318 2596 interdum
3338 2553 3447 2594 non
3466 2543 3557 2595 est

1964 2633 2219 2704 evidens,
2256 2631 2348 2690 sed
2381 2637 2593 2690 tantum
2625 2629 2941 2704 probabilis,
2973 2635 3030 2686 et
3056 2627 3175 2686 ideo
3204 2645 3311 2686 non
3340 2636 3451 2686 tam
3479 2629 3556 2686 sa-

1965 2723 2069 2782 cile
2098 2725 2261 2781 datur
2292 2739 2421 2781 cum
2449 2723 2778 2795 obligatione
2804 2729 2861 2778 et
2886 2727 3181 2792 praecepto
3208 2720 3469 2794 sequendi
3493 2720 3556 2776 il-

1965 2813 2101 2885 lam,
2132 2821 2191 2871 et
2210 2812 2329 2871 ideo
2359 2818 2607 2885 oportet,
2638 2818 2701 2868 ut
2727 2811 2776 2867 in
2805 2810 2969 2867 modo
2998 2809 3203 2866 serendi
3232 2810 3555 2868 sententiam

1967 2879 2173 2960 clarius
2209 2901 2277 2960 de
2306 2903 2411 2958 hoc
2442 2907 2733 2974 praecepto
2769 2906 2825 2957 et
2862 2899 3189 2974 obligatione
3216 2907 3457 2958 constet.
3488 2901 3559 2958 Et

1967 2975 2102 3051 tunc
2131 2994 2176 3049 si
2208 2993 2474 3050 sententia
2500 2990 2757 3063 principis
2785 2995 3039 3062 apertum
3078 3004 3321 3046 errorem
3361 2995 3555 3047 contra

1968 3083 2227 3141 iustitiam
2255 3081 2337 3139 vel
2366 3080 2628 3139 rationem
2655 3078 2959 3137 naturalem
2996 3093 3103 3135 non
3142 3079 3449 3152 contineat,
3480 3078 3553 3135 illi

1969 3174 2229 3232 standum
2254 3180 2369 3242 est,
2401 3170 2619 3245 quando
2656 3186 2754 3243 per
2793 3167 3015 3227 modum
3041 3168 3269 3243 regulae
3294 3176 3350 3227 et
3373 3168 3552 3226 animo

1969 3263 2243 3338 obligandi
2269 3262 2433 3320 latam
2462 3261 2633 3319 fuisse
2662 3259 2985 3318 constiterit.

2043 3355 2289 3412 Alterum
2317 3351 2623 3411 addendum
2651 3359 2791 3423 erat,
2823 3353 3193 3410 necessarium
3220 3367 3363 3424 esse,
3390 3356 3451 3408 ut
3476 3356 3561 3408 ta-

1967 3447 2033 3504 lis
2063 3445 2331 3502 sententia
2357 3441 2692 3500 sufficienter
2718 3449 3088 3515 proponatur,
3120 3458 3217 3499 seu
3246 3441 3557 3515 publicetur

1971 3544 2231 3610 tanquam
2260 3532 2568 3603 communis
2596 3531 2788 3606 regula
2809 3530 3091 3590 decidendi
3113 3534 3314 3590 similes
3337 3549 3555 3606 causas,

1969 3627 2118 3700 quia,
2137 3633 2200 3682 ut
2225 3623 2496 3694 dicemus,
2514 3622 2616 3680 boc
2647 3623 2877 3694 pertinet
2902 3621 2971 3678 ad
2993 3621 3457 3695 complementum
3485 3623 3561 3679 le-

1969 3717 2066 3791 gis.
2097 3717 2265 3788 Magis
2304 3720 2488 3772 autem
2523 3719 2737 3786 spectat
2772 3711 2839 3770 ad
2876 3713 3369 3789 promulgationem
3402 3715 3555 3787 legis,

1970 3807 2036 3864 de
2063 3821 2174 3880 qua
2201 3803 2381 3864 statim
2410 3803 2675 3878 dicemus,
2700 3819 2865 3877 quam
2894 3802 2959 3862 ad
2984 3803 3273 3862 editionem
3300 3821 3402 3862 seu
3426 3820 3558 3862 con-

1971 3897 2309 3956 stitutionem
2338 3896 2480 3968 eius,
2508 3893 2575 3952 de
2602 3910 2714 3969 qua
2740 3911 2887 3952 nunc
2926 3901 3252 3955 tractamus.
3282 3897 3435 3954 Unus
3463 3911 3563 3952 au-

1969 3994 2082 4045 tem
2107 3985 2307 4044 modus
2328 3987 2501 4059 magis
2522 3987 2759 4042 usitatus
2781 3983 3139 4042 constituendi
3162 3986 3324 4044 talem
3346 3993 3564 4044 senten-

1970 4077 2100 4134 tiam
2122 4077 2177 4133 in
2198 4080 2343 4133 statu
2366 4074 2501 4149 legis
2520 4089 2641 4130 esse
2664 4073 2822 4147 solet,
2839 4073 3058 4148 quando
3080 4075 3337 4133 inseritur
3359 4076 3411 4132 in
3435 4092 3563 4134 cor-

1971 4183 2100 4241 pore
2126 4167 2281 4239 iuris,
2315 4172 2376 4222 ut
2403 4166 2640 4222 sumitur
2666 4179 2734 4220 ex
2755 4163 2792 4220 l.
2827 4167 2878 4236 1,
2901 4165 2962 4221 C.
2987 4163 3055 4223 de
3083 4182 3224 4223 novo
3253 4165 3449 4224 codice
3476 4165 3557 4224 sa-

1971 4257 2186 4332 ciendo,
2214 4262 2247 4324 s
2272 4253 2482 4330 penult.
2516 4254 2568 4311 in
2596 4254 2728 4328 line,
2757 4262 2812 4313 et
2847 4254 2900 4310 in
2937 4257 3055 4311 iure
3093 4256 3359 4314 canonico
3394 4255 3562 4313 estid

1969 4347 2201 4406 maxime
2246 4345 2541 4417 usitatum,
2575 4351 2639 4403 ut
2673 4344 2813 4402 infra
2848 4343 3169 4403 videbimus.
3200 4347 3321 4405 Non
3350 4346 3561 4404 videtur

1971 4443 2158 4496 autem
2190 4435 2279 4493 hic
2306 4435 2501 4494 modus
2532 4435 2912 4508 publicationis
2940 4436 3073 4496 adeo
3100 4439 3469 4515 necessarius,
3500 4445 3565 4497 ut

1969 4526 2156 4584 nullus
2184 4524 2325 4583 alius
2354 4524 2524 4598 possit
2550 4523 2829 4598 sufficere,
2860 4526 2989 4600 quia
3010 4526 3162 4583 nullo
3184 4528 3305 4586 iure
3328 4524 3380 4584 id
3403 4543 3564 4586 cave-

1971 4624 2085 4693 tur,
2103 4633 2203 4676 nec
2222 4633 2288 4674 ex
2307 4622 2503 4674 natura
2524 4616 2600 4673 rei
2620 4615 2885 4688 sequitur.
2906 4617 3111 4673 Poterit
3124 4632 3257 4690 ergo
3274 4617 3379 4675 alio
3400 4609 3565 4675 modo

1970 4711 2237 4768 sententia
2264 4707 2440 4765 taliter
2467 4720 2564 4779 per
2590 4705 2803 4779 publica
2833 4707 3120 4781 rescripta,
3150 4706 3233 4764 vel
3264 4724 3359 4781 per
3388 4709 3567 4781 publi-

1972 4816 2094 4858 cam
2121 4800 2317 4857 t’amam
2342 4796 2615 4870 evulgari,
2645 4795 2721 4853 ita
2756 4802 2819 4853 ut
2854 4797 2911 4852 in
2937 4797 3144 4854 ratione
3186 4795 3320 4871 legis
3360 4801 3566 4856 consti-

1970 4895 2183 4962 tuatur,
2200 4889 2252 4945 in
2274 4902 2385 4963 quo
2407 4901 2541 4943 cum
2562 4886 2911 4957 proportione
2934 4885 3261 4944 servandum
3276 4887 3400 4962 erit,
3414 4888 3565 4963 quod

1973 4980 2110 5038 inira
2137 4978 2205 5036 de
2232 4975 2665 5049 promulgatione
2693 4973 2821 5049 legis
2849 4975 3122 5034 dicemus.

2057 5074 2143 5131 12.
2176 5069 2371 5137 Quaeri
2390 5065 2584 5124 *autem
2611 5064 2784 5139 solet,
2816 5081 2884 5123 an
2922 5066 3027 5124 hoc
3058 5066 3465 5141 intelligendum
3494 5069 3567 5127 sit

1974 5161 2042 5218 de
2070 5157 2337 5218 sententia
2357 5155 2527 5214 solius
2550 5157 2913 5232 imperatoris,
2939 5158 3022 5215 vel
3049 5159 3213 5217 etiam
3236 5159 3465 5218 aliorum
3485 5161 3567 5217 in-

1974 5251 2259 5313 feriorum.
2292 5249 2428 5310 Nam
2454 5246 2643 5306 Glossa
2668 5247 2707 5306 l.
2750 5252 2799 5322 l,
2831 5247 2885 5308 ff.
2914 5247 2981 5308 de
3008 5247 3178 5326 terlio,
3203 5249 3370 5309 verbo
3397 5247 3566 5312 dero-
