4325 6267
1754 350 1965 401 CAPUT
1994 353 2089 405 11.

304 479 394 541 est
430 475 739 531 necessaria
772 474 1041 531 connexio
1078 474 1219 531 inter
1245 473 1361 531 illos
1392 473 1691 533 habituset
1723 477 1883 533 talem

297 563 699 638 obligationem,
711 580 887 637 neque
916 580 985 621 ex
1004 563 1118 621 ullo
1134 564 1397 637 probabili
1423 566 1687 640 principio
1704 574 1887 624 osten-

296 652 351 709 di
379 661 579 725 potest.
610 656 805 729 Neque
830 655 996 711 etiam
1022 660 1211 712 est=ex
1248 656 1473 727 speciali
1508 656 1624 730 lege
1654 658 1885 730 positiva

296 744 423 817 Dei,
459 746 589 817 quia
627 744 816 801 nullibi
856 744 1028 802 latum
1069 745 1337 804 invenitur
1377 748 1483 806 tale
1512 753 1887 821 praeceptum,

298 838 363 889 ut
388 834 571 891 statim
610 833 995 909 ostendemus,
1026 836 1405 908 respondendo
1436 836 1501 894 ad
1531 837 1883 895 abiectiones.

294 922 449 980 Unde
490 922 729 999 theologi
774 940 965 983 omnes
1004 924 1071 985 ad
1102 924 1368 999 quosdam
1396 934 1559 985 actus
1588 928 1889 1001 specialiter

298 1021 523 1072 sanctos
576 1016 871 1089 requirunt
918 1016 1266 1075 sanctitatem
1308 1018 1636 1077 habitualem
1676 1020 1731 1076 iu
1772 1034 1897 1089 ope-

297 1112 455 1163 rante
469 1148 485 1178 ,
512 1111 574 1164 ut
599 1106 761 1180 digne
782 1114 837 1163 et
856 1109 969 1165 sine
992 1114 1219 1179 peccato
1240 1109 1400 1183 fiant,
1426 1116 1491 1167 ut
1510 1109 1892 1167 administran-

298 1196 369 1253 da
402 1204 745 1255 sacramenta
770 1200 1044 1257 vivorum.
1078 1201 1267 1258 Potest
1291 1203 1451 1258 etiam
1484 1200 1571 1257 ille
1600 1207 1779 1259 status
1808 1216 1895 1256 re-

298 1289 443 1363 quiri
470 1296 694 1362 propter
722 1305 895 1363 opus,
923 1291 975 1346 iu
1003 1306 1115 1365 quo
1142 1292 1382 1349 imminet
1407 1290 1717 1363 periculum
1746 1306 1893 1347 mor·

296 1379 403 1453 tis,
432 1380 519 1435 vel
560 1385 785 1452 propter
825 1380 969 1438 illam
1006 1380 1237 1439 similem
1267 1384 1646 1454 occasionem3
1682 1381 1774 1439 sed
1804 1381 1897 1439 illa

298 1471 555 1543 obligatio
582 1478 669 1529 est
696 1471 949 1544 specialis
976 1473 1181 1547 exlege
1203 1474 1455 1530 caritatis
1484 1472 1567 1529 vel
1593 1472 1890 1547 religionis,

300 1569 483 1619 tamen
512 1562 783 1635 generalis
802 1560 869 1618 ad
891 1564 1071 1619 omnia
1096 1578 1262 1635 opera
1280 1578 1381 1619 nec
1403 1562 1621 1619 fundari
1639 1569 1819 1635 potest
1840 1561 1891 1617 in

297 1652 483 1725 aliqua
510 1650 659 1725 lege,
688 1667 866 1726 neque
894 1652 1079 1725 aliqua
1104 1653 1371 1725 probabili
1398 1654 1607 1711 ratione
1637 1652 1886 1726 cogitari.

380 1747 435 1801 6.
470 1740 724 1799 Secundo
752 1748 935 1813 potest
958 1741 1178 1816 intelligi
1198 1742 1289 1800 illa
1310 1745 1577 1801 sententia
1597 1743 1665 1801 de
1688 1740 1894 1799 actuali

296 1830 591 1890 dilectione
620 1832 896 1904 caritatis,
924 1832 993 1888 ita
1036 1838 1100 1889 ut
1136 1832 1205 1889 ad
1246 1833 1575 1890 servandum
1614 1830 1898 1905 quodlibet

294 1929 656 1995 praeceptum
683 1921 820 1995 legis
847 1926 1075 1979 naturae
1112 1922 1187 1978 sit
1222 1924 1529 1980 necessaria
1556 1923 1778 1995 propria
1804 1936 1890 1977 re-

298 2012 431 2071 latio
457 2012 511 2069 in
539 2015 713 2070 Deum
738 2028 836 2085 per
864 2012 1205 2070 dilectionem
1226 2013 1725 2086 supernaturalem,
1748 2026 1889 2084 quae

298 2106 371 2160 sit
396 2103 651 2177 proprius
678 2108 837 2159 actus
868 2102 1171 2175 operantis,
1198 2103 1280 2160 vel
1312 2103 1473 2160 simul
1492 2103 1731 2160 existens
1754 2118 1885 2159 cum

300 2208 498 2266 opere,
530 2208 641 2267 quo
667 2199 919 2250 servatur
950 2199 1326 2265 praeceptum,
1346 2194 1431 2251 vel
1454 2192 1547 2266 qui
1577 2207 1889 2271 praecesse·

295 2286 400 2357 rit,
430 2291 490 2342 et
526 2283 718 2341 influat
754 2284 960 2341 virtute
1000 2284 1052 2341 in
1084 2299 1245 2357 opus.
1275 2283 1381 2341 Sed
1411 2283 1515 2341 boc
1543 2284 1705 2340 etiam
1733 2282 1892 2340 facile

296 2375 579 2432 refutatur
598 2389 664 2431 ex
684 2373 961 2447 principiis
992 2376 1184 2447 positis
1204 2417 1219 2446 ,
1241 2376 1373 2448 quia
1399 2373 1484 2431 vel
1512 2373 1615 2431 hoc
1644 2372 1894 2446 intelligi·

298 2475 394 2525 tur
432 2464 501 2521 de
541 2464 829 2522 dilectione
870 2466 965 2523 Dei
992 2480 1158 2537 super
1183 2468 1397 2539 omnia,
1426 2464 1510 2521 vel
1536 2464 1603 2521 de
1630 2464 1733 2521 alia
1760 2463 1894 2541 dile-

292 2559 479 2614 ctione
504 2557 861 2631 imperfecta,
890 2564 949 2614 et
978 2563 1189 2615 tantum
1220 2555 1499 2627 affectiva,
1530 2571 1671 2629 quae
1702 2554 1775 2610 sit
1801 2570 1895 2610 su-

292 2648 688 2722 pernaturalis,
706 2653 760 2703 et
781 2646 954 2719 possit
983 2663 1079 2719 per
1104 2646 1253 2703 illam
1273 2646 1463 2703 referri
1484 2646 1535 2702 in
1556 2648 1728 2703 Deum
1753 2659 1893 2717 opus

290 2740 703 2810 cuiuscumque
740 2740 1041 2810 praecepti.
1077 2738 1130 2794 Si
1158 2738 1396 2810 primum
1423 2734 1675 2809 dicatur,
1706 2732 1894 2791 incidi-

292 2835 388 2885 tur
418 2828 471 2884 in
499 2825 831 2899 praecedens
862 2826 1307 2897 incommodum,
1336 2832 1393 2883 et
1418 2826 1637 2884 additur
1666 2840 1889 2895 novum,

296 2919 429 2991 quia
455 2924 616 2974 actus
638 2915 939 2974 dilectionis
960 2918 1053 2974 Dei
1077 2932 1243 2990 super
1268 2918 1449 2974 omnia
1469 2932 1579 2973 non
1604 2923 1889 2988 separatur

293 3008 363 3064 ab
406 3008 607 3064 habitu·
633 3006 782 3081 (sive
811 3007 877 3063 ab
904 3006 997 3062 illo
1022 3006 1307 3079 procedat,
1340 3007 1453 3062 sive
1483 3005 1549 3063 ad
1584 3004 1734 3063 illum
1764 3019 1889 3077 pro-

292 3102 440 3156 xime
469 3097 749 3169 disponat,
781 3095 930 3170 quod
959 3096 1027 3153 ad
1054 3112 1310 3170 praesens
1340 3096 1471 3153 nihil
1500 3094 1667 3152 refert
1688 3092 1726 3168 );
1756 3109 1891 3168 ergo

291 3191 345 3245 si
372 3188 461 3245 illa
488 3188 710 3245 dilectio
736 3195 824 3246 est
852 3190 1182 3261 necessaria,
1208 3190 1319 3243 sive
1341 3192 1473 3243 actu
1493 3187 1753 3257 existens,
1780 3186 1891 3241 sive

292 3277 665 3351 praecedens,
708 3284 767 3335 et
805 3292 915 3334 non
954 3284 1255 3335 retractata
1295 3276 1441 3353 (hoc
1468 3276 1612 3333 euim
1641 3290 1893 3332 necessa-

290 3370 439 3426 rium
465 3375 573 3436 est,
604 3375 671 3425 ut
698 3370 873 3439 possit
898 3368 1201 3426 virtualiter
1220 3368 1443 3425 influere
1464 3367 1503 3440 ),
1528 3368 1691 3423 etiam
1714 3371 1891 3422 status

294 3458 347 3515 in
390 3466 540 3517 statu
578 3460 788 3532 gratiae
826 3466 885 3517 et
921 3459 1165 3516 caritatis
1203 3461 1307 3515 erit
1334 3459 1712 3527 necessarius,
1743 3454 1891 3529 quod

290 3549 649 3622 reprobatum
688 3554 793 3606 est.
836 3550 906 3605 Et
931 3556 1213 3621 praeterea
1244 3547 1553 3621 postulatur
1579 3553 1741 3604 actus
1768 3560 1891 3617 per-

292 3642 472 3697 fectae
510 3640 757 3697 caritatis
793 3638 1029 3697 influens
1066 3640 1122 3696 in
1150 3654 1292 3711 opus
1318 3644 1709 3711 praeceptum,
1741 3634 1890 3710 quod

292 3744 497 3787 novum
526 3728 827 3787 absurdum
856 3736 962 3803 est,
992 3731 1123 3803 quia
1152 3730 1299 3787 sicut
1324 3728 1393 3787 ad
1421 3728 1767 3787 obtinendam
1793 3727 1888 3784 ha-

294 3819 559 3877 bitualem
600 3820 861 3877 iustitiam
889 3835 1283 3893 praeparamur
1308 3835 1405 3893 per
1432 3819 1574 3877 bona
1602 3834 1771 3891 opera
1796 3833 1893 3874 an-

289 3908 600 3967 tecedentia
626 3910 694 3967 ad
714 3911 890 3983 ipsam
914 3910 1197 3986 iustitiam,
1221 3917 1490 3985 quatenus
1519 3924 1638 3967 esse
1658 3914 1893 3981 possunt

293 4000 361 4056 ab
389 4000 589 4073 Spirito
634 4006 827 4057 sancto
863 3990 1148 4073 mov'ente,
1179 4007 1235 4058 et
1260 4000 1505 4058 nondum
1530 3998 1913 4073 inhabitante,'

292 4096 359 4147 ut
385 4089 521 4148 dicit
545 4090 785 4147 Trident.
819 4105 959 4148 sese.
998 4095 1085 4165 14,
1116 4106 1241 4164 cap.
1275 4095 1333 4165 4,
1362 4092 1437 4148 ita
1462 4090 1627 4148 etiam
1653 4090 1891 4163 disponi-

292 4196 423 4237 mur
462 4181 533 4239 ad
575 4179 975 4253 impetrandum
1015 4180 1278 4238 auxilium
1318 4188 1377 4237 et
1415 4182 1741 4253 motionem,
1782 4195 1891 4253 qua

292 4270 543 4344 proxime
586 4270 939 4344 disponamur
976 4270 1045 4329 ad
1082 4272 1375 4344 iustitiam,
1420 4278 1477 4327 et
1514 4273 1684 4327 Deum
1724 4286 1892 4344 super

294 4360 475 4418 omnia
508 4360 831 4433 diligamu83
861 4376 993 4435 ergo
1022 4377 1129 4417 non
1156 4362 1339 4419 minus
1367 4360 1667 4418 absurdum
1694 4366 1799 4433 est,
1824 4361 1891 4418 ad

296 4449 515 4525 singula
543 4466 710 4524 opera
730 4456 1149 4524 praeceptorum
1170 4450 1453 4509 moralium
1478 4436 1891 4525 praerequirere

297 4548 487 4598 actum
508 4540 753 4599 infusum
780 4542 981 4598 amoris
1009 4542 1101 4599 Dei
1132 4526 1297 4614 super
1325 4542 1525 4614 omnia,
1550 4556 1715 4615 quam
1742 4541 1891 4599 habi-

3324 327 3448 391 119

1958 476 2079 533 elici
2108 492 2141 531 a
2167 474 2388 533 caritate
2417 474 2593 530 infusa
2619 474 2687 529 ab
2716 487 2903 529 amore
2927 484 3094 541 super
3115 470 3292 526 omnia
3317 476 3374 525 et
3397 467 3554 527 iusti·

1960 568 2176 623 licente.
2220 565 2325 623 Sed
2367 565 2470 622 hoc
2513 580 2658 621 nunc
2702 563 2891 621 omitto
2929 562 2980 617 in
3020 560 3184 618 alium
3217 560 3401 618 locum
3429 575 3556 632 pro·

1962 652 2176 730 prium',
2219 662 2276 713 et
2313 672 2381 713 ex
2419 655 2654 727 propriis
2697 650 2956 721 ostendo,
2995 652 3156 709 etiam
3184 650 3236 706 in
3266 650 3356 707 illo
3383 666 3551 706 sensu

1963 746 2288 804 sententiam
2329 744 2476 802 illam
2514 759 2637 801 esse
2681 742 2869 799 salsam
2907 749 2966 800 et
3002 741 3387 799 voluntariam.
3419 743 3556 809 Quia

1963 851 2140 910 neque
2185 852 2253 894 ex
2280 843 2480 893 natura
2506 835 2583 891 rei
2611 835 2859 907 sequitur
2888 832 3008 891 talis
3035 831 3290 905 obligatio
3317 848 3381 889 ex
3411 835 3557 905 prin-

1964 928 2120 1000 cipiis
2158 936 2216 985 et
2257 928 2461 984 lumine
2510 925 2658 999 fidei,
2704 940 2880 996 neque
2918 924 3080 980 etiam
3121 921 3334 981 ostendi
3376 930 3558 995 potest

1964 1026 2321 1092 praeceptum
2354 1016 2588 1089 speciale
2616 1016 2856 1089 positum
2885 1029 2916 1070 a
2941 1016 3052 1070 Deo
3081 1013 3386 1071 hominibus
3410 1013 3556 1071 ordi-

1966 1114 2103 1168 natis
2132 1111 2200 1168 ad
2229 1111 2388 1167 finem
2419 1105 2892 1180 supernaturalem
2921 1104 3178 1177 operandi
3208 1120 3445 1178 semper,
3468 1104 3553 1162 vel

1970 1202 2223 1259 servandi
2243 1206 2542 1274 praecepta
2568 1197 2834 1255 naturalia
2858 1212 2926 1253 ex
2954 1196 3110 1253 simili
3138 1194 3427 1253 dilectione
3455 1200 3554 1252 aut

1964 1292 2246 1350 relatione.
2277 1292 2360 1349 Ad
2398 1288 2547 1364 quod
2590 1293 2825 1361 possunt
2850 1302 2981 1345 cum
3009 1286 3358 1358 proportione
3388 1284 3556 1357 appli-

1964 1385 2079 1440 cari
2121 1383 2335 1452 omnia,
2382 1395 2524 1454 quae
2565 1386 2760 1435 contra
2786 1378 3105 1457 Gregorium
3132 1375 3386 1433 diximus.
3419 1376 3556 1443 Quin

1965 1472 2145 1545 potius
2175 1488 2276 1528 nec
2307 1470 2376 1528 ad
2397 1471 2666 1527 servanda
2687 1468 2786 1524 alia
2809 1466 3241 1539 supernaturalia
3264 1472 3554 1538 praecepta

1963 1566 2127 1621 estin
2156 1563 2472 1621 universum
2513 1576 2578 1617 ac
2620 1575 2716 1631 per
2745 1574 2802 1615 se
2830 1558 3148 1616 necessaria
3179 1556 3311 1613 haec
3341 1556 3552 1625 relatio,

1962 1654 2045 1710 vel
2088 1654 2342 1727 dilecti03
2386 1668 2511 1709 nam
2552 1650 2673 1707 fidei
2714 1656 3068 1723 praeceptum
3098 1664 3196 1721 per
3224 1652 3409 1704 actum
3438 1662 3558 1704 cre·

1964 1742 2122 1801 dendi
2149 1743 2410 1816 impletur
2437 1747 2561 1799 ante
2593 1757 2806 1797 omnem
2830 1748 3018 1798 actum
3045 1740 3293 1811 propriae
3313 1738 3558 1795 dilectio-

1962 1837 2049 1891 nis
2082 1837 2215 1905 Dei,
2257 1841 2314 1892 et
2355 1833 2601 1890 similiter
2642 1833 2806 1889 etiam
2847 1836 3202 1903 praeceptum
3233 1830 3371 1901 spei,
3401 1833 3463 1885 ut
3487 1844 3556 1887 ex

1964 1924 2111 1983 Trid.
2145 1925 2404 1997 sumitur,
2435 1938 2572 1979 sess.
2609 1926 2662 1992 6,
2695 1937 2820 1995 cap.
2849 1924 2903 1993 7,
2933 1926 2989 1978 et
3014 1919 3204 1977 eadem
3227 1920 3436 1976 ratione
3459 1934 3555 1991 po-

1966 2022 2074 2073 test
2110 2015 2320 2086 impleri
2355 2018 2711 2087 praeceptum
2749 2010 3026 2085 religionis
3065 2009 3133 2067 de
3161 2008 3340 2066 divino
3368 2007 3551 2082 cultu,

1962 2112 2061 2164 aut
2086 2107 2349 2163 oratione.
2382 2105 2495 2161 lmo
2527 2104 2659 2161 licet
2687 2103 2738 2159 in
2770 2102 3040 2175 aliquibus
3070 2099 3284 2157 actibus
3313 2098 3550 2156 externis

1962 2203 2186 2270 propter
2215 2194 2507 2266 specialem
2529 2192 2870 2249 sanctitatem
2892 2206 3086 2249 eorum
3110 2190 3417 2262 requiratur
3439 2193 3548 2243 sta-

1962 2293 2052 2346 tus
2088 2287 2320 2361 gratiae,
2364 2290 2427 2342 ut
2461 2283 2740 2359 dicebamj
2773 2281 3126 2338 nihilominus
3152 2280 3315 2337 etiam
3343 2278 3408 2336 ad
3437 2277 3554 2335 illas

1962 2393 2069 2433 non
2110 2384 2198 2434 est
2242 2374 2550 2434 necessaria
2596 2372 2732 2429 haec
2777 2370 3027 2444 specialis
3069 2368 3555 2427 dilectio-actualis

1962 2474 2061 2524 aut
2087 2466 2352 2537 virtualis,
2386 2464 2429 2520 si
2457 2479 2691 2537 persona
2724 2464 2773 2519 in
2804 2468 2950 2520 statu
2977 2463 3180 2535 gratiae
3210 2459 3554 2533 supponitur,

1964 2559 2058 2617 sed
2100 2556 2310 2615 sufficit
2346 2556 2602 2628 religiosa
2643 2555 2900 2624 intentio,
2943 2567 3087 2626 quae
3129 2550 3199 2609 ad
3239 2551 3554 2624 religionem

1962 2656 2196 2721 spectat.
2226 2648 2382 2705 Sicut
2411 2646 2513 2704 etsi
2533 2644 2820 2721 {occurrat
2859 2645 3086 2701 occasio
3135 2642 3219 2699 vel
3266 2640 3558 2698 confitendi

1961 2739 2155 2814 fidem,
2187 2738 2272 2795 vel
2312 2736 2675 2809 respondendi
2709 2750 2808 2808 pro
2836 2737 2931 2792 Dei
2961 2734 3167 2791 honore
3186 2775 3202 2806 ,
3233 2734 3345 2791 lieri
3373 2738 3558 2806 potest

1961 2845 2029 2887 ex
2068 2831 2270 2886 affectu
2306 2827 2372 2885 ad
2402 2826 2561 2884 iidem
2589 2833 2646 2883 et
2674 2825 3074 2883 consessionem
3101 2825 3241 2893 eius,
3272 2823 3359 2881 vel
3385 2840 3451 2881 ex
3480 2822 3557 2881 as-

1962 2920 2111 2977 sectu
2152 2918 2314 2976 divini
2352 2917 2536 2975 cultus
2565 2924 2622 2974 et
2648 2916 2868 2973 honoris
2896 2916 3212 2989 pertinentis
3239 2914 3306 2971 ad
3334 2914 3555 2988 religio-

1960 3026 2108 3082 nem,
2140 3010 2350 3067 etiamsi
2377 3024 2484 3064 uon
2513 3008 2603 3063 (iat
2629 3022 2692 3063 ex
2716 3013 2846 3064 actu
2865 3008 3086 3079 proprio
3109 3005 3380 3063 caritatis:
3405 3003 3556 3062 nulla

1960 3117 2093 3175 ergo
2130 3102 2340 3157 ratione
2377 3096 2572 3156 modus
2608 3095 2866 3169 operandi
2903 3113 2969 3153 ex
2996 3097 3224 3153 caritate
3249 3103 3334 3153 est
3361 3095 3427 3153 de
3455 3110 3551 3152 ne-

1960 3192 2216 3249 cessitate
2261 3189 2496 3246 aliorum
2541 3192 2992 3261 praeceptorum,
3052 3192 3206 3243 extra
3260 3185 3543 3259 proprium

1960 3286 2319 3354 praeceptum
2347 3278 2610 3351 caritatis,
2641 3277 2789 3351 quod
2817 3292 2928 3334 non
2955 3292 3054 3349 pro
3083 3291 3297 3349 semper
3323 3275 3548 3348 obligat,

1960 3372 2056 3429 sed
2083 3372 2246 3429 certis
2275 3367 2612 3441 temporibus
2635 3373 2690 3425 et
2716 3366 3125 3442 occasionibus,
3157 3366 3299 3425 utin
3328 3366 3551 3440 propria

1960 3462 2187 3519 materia
2211 3460 2450 3519 dicetur.
3079 3448 3088 3456 ”

2041 3555 2094 3611 7.
2118 3550 2227 3610 Sed
2251 3550 2507 3607 obiicitur
2528 3550 2708 3622 primo
2731 3547 2863 3604 illud
2885 3546 3192 3607 l.Corinth.
3217 3551 3304 3607 10:
3329 3548 3552 3606 Omnia

1957 3648 2024 3702 tn
2050 3642 2312 3718 pluriam
2339 3638 2694 3713 Deisacite,·
2723 3646 2779 3696 et
2805 3638 2935 3696 illud
2963 3638 3032 3695 ad
3051 3637 3232 3695 Colos.
3267 3642 3329 3696 3:
3364 3638 3553 3695 Omne

1958 3733 2363 3809 quodcumque
2375 3730 2594 3805 facitis
2621 3732 2689 3787 in
2713 3730 2884 3787 verbo
2906 3732 3100 3788 autin
3119 3744 3308 3804 opere,
3347 3731 3553 3785 omnia

1958 3828 2025 3882 in
2066 3826 2304 3882 noniine
2343 3824 2591 3880 Domini
2630 3825 2818 3879 nostri
2860 3824 2999 3878 Iesu
3032 3822 3283 3888 Christi,
3317 3824 3550 3893 qratias

1960 3920 2201 3989 aqentes
2229 3917 2354 3971 Deo
2377 3957 2392 3981 ,
2427 3916 2481 3969 et
2508 3913 2685 3971 Patri
2712 3927 2824 3986 per
2849 3913 3081 3986 ipsum;
3111 3917 3168 3968 et
3194 3909 3326 3967 illud
3364 3918 3412 3969 1.
3443 3912 3547 3967 Co·

1958 4005 2232 4064 rinth.1G:
2265 4004 2488 4063 Omnia
2503 4008 2703 4060 vestra
2721 4006 2787 4059 in
2808 4004 3064 4060 caritate
3078 3997 3263 4075 fiant.
3290 4000 3547 4059 Secundo

1960 4095 2296 4154 obiiciantur
2335 4094 2482 4151 varia
2522 4092 2644 4151 loca
2681 4094 3004 4167 Augustini,
3033 4094 3086 4149 in
3115 4093 3316 4167 quibus
3353 4092 3552 4166 signiti-

1959 4193 2069 4258 cat,
2099 4184 2366 4259 quidquid
2392 4199 2500 4240 non
2531 4184 2588 4241 fit
2607 4198 2673 4241 ex
2695 4184 2944 4257 caritate,
2974 4183 3087 4240 fieri
3107 4199 3172 4241 ex
3199 4199 3367 4256 prava
3393 4184 3550 4257 cupi-

1959 4276 2157 4337 ditate.
2199 4291 2263 4333 ac
2300 4274 2528 4348 proinde
2565 4274 2770 4331 malum
2809 4290 2950 4331 esse.
2981 4274 3134 4333 Unde
3181 4279 3230 4333 1.
3282 4276 3546 4332 Reti-act.

1960 4368 2136 4441 capite
2174 4370 2262 4426 15:
2290 4363 2584 4423 Voluntas
2605 4368 2730 4422 sine
2754 4368 3037 4433 caritate,
3080 4364 3286 4438 inquit,
3317 4367 3442 4423 tota
3461 4367 3549 4421 est

1958 4461 2176 4515 vitiosa
2201 4453 2504 4531 cupiditas
2521 4475 2544 4518 .-
2572 4454 2695 4512 libr.
2727 4454 2799 4512 de
2824 4459 3045 4529 qratia,
3079 4459 3134 4512 et
3161 4452 3262 4513 lib.
3293 4453 3548 4511 arbitrio

1958 4564 2082 4621 cap.
2115 4550 2202 4606 18.
2231 4546 2432 4620 inquit:
2465 4543 2637 4622 Quod
2649 4544 2734 4619 fit
2759 4549 2886 4603 sine
2912 4544 3238 4613 dilectione,
3267 4560 3388 4601 uon
3408 4543 3549 4601 bene

296 4638 437 4689 tum.
483 4632 558 4689 Et
595 4638 877 4705 praeterea
916 4638 1110 4690 contra
1136 4631 1241 4689 hoc
1271 4632 1580 4706 procedunt
1604 4648 1735 4690 cum
1762 4648 1893 4706 pro·
1944 4638 2060 4713 χὴ,-
2088 4645 2146 4697 et
2186 4636 2382 4695 similia
2417 4635 2582 4693 habet
2621 4638 2796 4708 primo
2825 4636 2915 4693 lib.
2948 4635 3019 4693 de
3047 4639 3252 4710 qratia
3295 4636 3540 4703 Christi,

296 4722 548 4794 portione
566 4762 582 4791 ,
612 4738 755 4795 quae
784 4727 979 4779 contra
1006 4723 1329 4797 Gregorium
1357 4722 1617 4796 diximus,
1650 4730 1715 4781 ut
1740 4723 1889 4780 circa

299 4812 447 4869 aliud
474 4814 787 4871 membrum
811 4812 915 4871 iam
944 4814 1188 4872 declaro.

374 4904 429 4960 Si
456 4918 597 4977 ergo·
626 4920 737 4962 non
770 4905 1083 4978 postuletur
1109 4903 1327 4977 dilectio
1359 4922 1525 4979 super
1552 4906 1761 4980 omnia,
1793 4904 1887 4963 sed

297 4994 405 5052 alia
440 4996 652 5069 minor,
693 5012 835 5071 quae
877 4998 1115 5055 sufficiat
1152 4998 1219 5055 ad
1247 4997 1591 5055 referendum
1618 5002 1803 5054 actum
1833 4996 1886 5052 in

298 5088 469 5143 Deum
512 5086 671 5143 finem
710 5086 1200 5159 supernaturalem.
1245 5090 1303 5145 In
1343 5088 1528 5160 primis
1554 5086 1779 5145 difficile
1806 5092 1891 5144 est

295 5174 631 5249 distinguere
672 5176 837 5235 talem
876 5177 1162 5251 affectum,
1208 5178 1301 5251 qui
1340 5178 1411 5235 sit
1453 5177 1888 5249 supernaturalis

260 5294 267 5299 ·
296 5266 727 5341 complacentiae
768 5284 869 5327 seu
902 5268 1305 5327 benevolentiae
1332 5268 1386 5327 in
1410 5270 1616 5343 Deum,
1645 5274 1701 5327 et
1727 5276 1887 5344 aptus

1958 4744 2079 4801 cap.
2112 4732 2218 4804 26,
2247 4733 2303 4786 et
2340 4742 2500 4800 saepe
2529 4725 2677 4784 alias.
2708 4728 2885 4785 Tertio
2911 4726 3400 4802 argumentabatur
3425 4726 3546 4784 Dio-

1956 4820 2172 4896 nysius,
2196 4821 2324 4893 quia
2352 4822 2495 4877 Deus
2523 4818 2635 4875 suis
2656 4818 2961 4892 praeceptis
2987 4816 3214 4875 intendit
3241 4833 3342 4873 nos
3369 4815 3548 4872 iacere

1958 4912 2043 4968 sui
2081 4909 2402 4982 dilectores3
2447 4924 2579 4982 ergo
2620 4908 2721 4965 nisi
2761 4923 2828 4965 ex
2867 4907 3160 4966 dilectione
3201 4906 3294 4964 Dei
3332 4921 3553 4964 serven-

1957 5007 2087 5073 tur,
2120 5016 2227 5057 non
2255 5000 2315 5057 fit
2337 4998 2596 5058 voluntas
2626 4999 2742 5071 Dei,
2773 5014 2906 5073 ergo
2933 5014 3110 5073 neque
3132 5002 3427 5072 praecepta
3449 4996 3548 5054 im-

1957 5091 2200 5165 plentur.

2036 5188 2091 5241 8.
2121 5181 2204 5240 Ad
2231 5182 2539 5240 testimonia
2565 5197 2754 5240 sacrae
2775 5182 3089 5255 Scripturae
3111 5178 3416 5254 respondeo
3437 5180 3548 5252 pri-

1960 5288 2073 5349 mo,
2088 5274 2366 5331 continere
2388 5272 2654 5347 optimum
2671 5272 2980 5346 consilium,
2995 5270 3242 5331 secundo
3264 5272 3547 5329 continere
