4325 6267
743 360 865 425 130

660 517 758 574 per
786 500 1078 574 potentiam
1106 514 1377 573 usurpare
1414 504 1467 555 et
1503 512 1595 555 res
1624 510 1834 568 omnes,
1857 504 1914 554 et
1936 495 2268 555 iurisdictio-

660 606 808 662 nem,
840 596 895 647 et
940 589 1241 647 dominium
1272 590 1322 645 in
1354 590 1486 645 alios
1516 589 1782 661 homines,
1808 588 1935 662 quia
1958 589 2009 643 in
2033 586 2138 643 hoc
2160 602 2270 643 non

661 687 889 755 agerent
944 686 1137 736 contra
1176 678 1399 753 aliquod
1430 683 1787 750 praeceptum
1817 677 1951 751 legis
1980 673 2269 748 naturalis,

658 768 755 826 sed
783 768 963 825 solum
1004 776 1200 825 centra
1228 768 1303 840 id,
1337 767 1488 842 quod
1517 766 1939 841 permittebatur
1966 782 2035 823 ex
2057 768 2111 821 vi
2134 766 2271 837 legis

660 857 927 915 naturalis
946 901 960 929 ,
996 858 1145 931 quod
1176 874 1285 913 non
1313 864 1397 912 est
1428 872 1523 928 per
1544 873 1602 912 se
1624 856 1851 912 malum.
1876 853 2027 913 Unde
2046 855 2172 911 hinc
2199 856 2272 909 vi-

662 948 845 1017 detur,
888 949 1188 1019 sumpsisse
1218 948 1567 1003 occasionem
1595 948 1771 1018 opinio
1800 945 2166 1019 quorumdam
2191 944 2271 1000 iu-

662 1038 919 1093 ristarum
971 1036 1303 1106 dicentium,
1344 1050 1498 1105 reges
1541 1034 1869 1106 temporales
1910 1033 1977 1090 de
2018 1032 2274 1090 absoluta

662 1126 903 1198 potentia
940 1141 1041 1182 sua
1066 1141 1225 1197 posse
1248 1140 1347 1180 suo
1372 1123 1595 1180 arbitrio
1624 1122 1856 1179 dominia
1880 1139 2066 1179 rerum
2094 1129 2273 1179 trans-

664 1222 916 1286 mutare,
960 1214 1044 1270 vel
1089 1215 1187 1269 sibi
1219 1228 1511 1284 usurpare.
1544 1215 1634 1269 Sic
1664 1212 1775 1269 sere
1809 1212 2053 1285 loquitur
2080 1212 2274 1268 Glossa

666 1307 715 1361 in
750 1320 873 1376 cap.
910 1306 1025 1359 Per
1046 1300 1469 1376 principalem,
1506 1301 1658 1357 verb.
1690 1299 1774 1357 ad
1802 1318 1925 1365 ηοε,
1959 1304 2015 1369 9,
2048 1315 2102 1372 q.
2132 1304 2187 1369 3,
2216 1300 2272 1355 li-

664 1401 756 1450 cet
806 1410 911 1449 non
958 1394 1091 1447 satis
1133 1392 1409 1457 declaret,
1443 1405 1602 1461 posse
1630 1391 1929 1461 principem
1958 1392 2073 1445 sine
2102 1404 2275 1445 causa

666 1484 812 1539 iusta
860 1482 912 1537 id
956 1482 1157 1537 facere.
1199 1479 1343 1535 Idem
1385 1479 1572 1552 Angel.
1614 1479 1736 1534 inl.
1776 1477 1916 1534 iterii
1944 1477 2273 1535 siverberi-

667 1570 799 1636 bus,
836 1569 861 1638 ἕ
898 1574 948 1641 1,
979 1568 1033 1624 ff.
1067 1566 1134 1623 de
1163 1567 1240 1623 rei
1270 1566 1523 1623 vindicat.
1559 1569 1702 1623 Haec
1724 1572 1910 1622 autem
1931 1566 2265 1623 absurdissi-

668 1676 759 1717 ma
786 1665 943 1719 sunt,
978 1665 1039 1714 ut
1065 1664 1152 1714 est
1176 1672 1273 1728 per
1304 1673 1361 1712 se
1394 1663 1607 1727 notum,
1638 1658 1769 1729 quia
1798 1662 1929 1712 sunt
1952 1663 2147 1713 contra
2177 1656 2273 1713 ho-

668 1750 875 1805 minum
915 1762 1108 1820 pacem
1145 1752 1201 1803 et
1240 1748 1500 1803 iustitiam
1542 1752 1598 1803 et
1626 1754 1819 1803 contra
1856 1748 1944 1803 ius
1975 1746 2272 1819 unicuique

666 1836 855 1895 datum
886 1852 917 1893 a
946 1842 1163 1893 natura.
1186 1889 1200 1906 ,

756 1931 843 1985 13.
876 1925 984 1984 Sed
1025 1926 1127 1983 hae
1156 1925 1487 1982 obiectiones
1515 1924 1824 1995 procedunt
1850 1940 1917 1982 ex
1946 1925 2091 1981 mala
2116 1924 2274 1982 intel-

670 2018 888 2090 ligentia
909 2015 1057 2073 illius
1079 2014 1462 2086 distinctionis,
1484 2015 1547 2071 ad
1572 2030 1739 2086 quam
1762 2016 1954 2071 melius
1972 2014 2276 2087 percipien-

668 2104 792 2162 dam
822 2103 1177 2177 supponenda
1204 2109 1287 2160 est
1314 2104 1417 2159 alia
1442 2102 1717 2160 distinctio
1746 2104 1901 2173 iuris,
1928 2119 2069 2176 quae
2096 2105 2149 2159 iu
2179 2120 2272 2160 su·

674 2195 979 2265 perioribus
1022 2210 1051 2249 a
1090 2192 1245 2249 nobis
1285 2191 1411 2247 data
1448 2198 1562 2261 est3
1607 2192 1841 2248 diximus
1870 2192 2037 2264 enim,
2067 2193 2151 2247 ius
2182 2191 2275 2249 ali-

672 2284 891 2357 quando
922 2284 1226 2355 significare
1260 2282 1431 2353 legem
1452 2320 1468 2352 ,
1500 2280 1790 2354 aliquando
1818 2296 1947 2337 vero
1971 2282 2274 2353 significare

669 2372 1003 2442 dominium,
1046 2372 1129 2428 vel
1170 2371 1327 2443 quasi
1364 2369 1662 2426 dominium
1690 2370 1923 2427 alicuius
1953 2372 2053 2441 rei,
2086 2386 2185 2426 seu
2218 2384 2274 2425 a·

668 2464 911 2519 ctionem
953 2460 1021 2517 ad
1065 2460 1328 2517 utendum
1366 2460 1486 2517 illa:
1529 2475 1677 2515 nunc
1707 2475 1839 2531 ergo
1872 2458 2013 2515 idem
2040 2458 2274 2515 dicimus

672 2551 741 2607 de
782 2552 900 2607 iure
940 2550 1197 2605 naturali.
1239 2553 1417 2621 Atque
1459 2550 1531 2605 ita
1559 2548 1833 2605 distinctio
1862 2547 1914 2604 d.
1948 2548 2192 2605 Themae
2219 2555 2277 2606 et

671 2639 984 2697 communis
1026 2639 1343 2710 intelligitur
1377 2638 1443 2695 de
1480 2640 1599 2695 iure
1630 2639 1866 2696 naturali
1896 2640 2269 2710 praeceptivo,

670 2735 726 2785 et
764 2730 818 2784 in
862 2727 1049 2784 ordine
1093 2728 1160 2785 ad
1204 2727 1485 2785 materiam
1508 2770 1522 2799 ,
1566 2728 1633 2784 de
1672 2744 1781 2800 qua
1808 2744 1989 2784 sermo
2017 2734 2122 2784 est.
2152 2729 2273 2795 Quo

674 2832 839 2874 sensu
884 2816 1231 2873 manifestum
1268 2824 1380 2887 est,
1422 2816 1741 2873 divisionem
1781 2832 1969 2873 rerum
2011 2832 2119 2873 non
2151 2832 2274 2873 esse

675 2913 871 2962 contra
910 2908 997 2961 ius
1036 2906 1316 2977 naturale,
1356 2904 1507 2979 quod
1537 2906 1684 2963 illam
1714 2904 1999 2977 prohibeat
2026 2905 2275 2962 absolute

675 3002 733 3051 et
762 2994 1098 3067 simpliciter.
1130 2996 1201 3051 Et
1224 2994 1367 3050 idem
1395 3001 1480 3051 est
1504 2994 1569 3051 de
1598 2997 1887 3067 servitute,
1908 3002 1965 3052 et
1984 2993 2103 3051 aliis
2132 2994 2277 3050 simi-

678 3086 843 3142 libus.
876 3087 949 3141 At
976 3100 1107 3140 vero
1139 3084 1181 3139 si
1211 3084 1504 3158 loquamur
1533 3082 1600 3141 de
1629 3087 1748 3141 iure
1777 3084 2013 3141 naturali
2035 3085 2278 3141 domina-

680 3176 815 3245 tivo,
848 3174 924 3229 sic
956 3189 1145 3230 verum
1175 3182 1282 3245 est,
1316 3173 1621 3231 libertatem
1650 3189 1771 3231 esse
1800 3174 1863 3231 de
1892 3175 2013 3231 iure
2043 3174 2276 3231 naturali

677 3263 941 3335 positive,
986 3269 1041 3320 et
1083 3279 1186 3321 non
1230 3269 1443 3319 tantum
1482 3264 1752 3336 negative,
1783 3266 1911 3336 quia
1941 3263 2057 3336 ipsa
2085 3270 2280 3320 natura

680 3369 873 3410 verum
893 3352 1189 3410 dominium
1213 3353 1446 3409 contulit
1463 3352 1660 3410 homini
1678 3369 1810 3410 suae
1826 3353 2105 3411 libertatis.
2119 3353 2280 3410 Com-

677 3446 912 3500 munitas
945 3445 1108 3501 etiam
1144 3458 1330 3499 rerum
1359 3442 1540 3515 aliquo
1571 3443 1730 3500 modo
1762 3445 2061 3515 pertineret
2088 3443 2155 3501 ad
2183 3442 2281 3499 do-

677 3532 902 3589 minium
945 3532 1224 3587 hominum
1261 3547 1325 3587 ex
1354 3533 1404 3586 vi
1433 3531 1568 3588 iuris
1598 3537 1857 3604 naturae,
1888 3534 1931 3587 si
1962 3533 2109 3589 nulla
2134 3538 2283 3589 esset

677 3621 821 3677 sacta
846 3635 1031 3677 rerum
1061 3619 1273 3691 divisio,
1292 3620 1416 3691 quia
1440 3618 1683 3677 homines
1707 3620 1969 3677 haberent
1986 3624 2280 3693 positivum

676 3712 794 3780 ius,
831 3716 886 3766 et
928 3712 1199 3766 actionem
1242 3708 1305 3765 ad
1352 3726 1513 3766 usum
1554 3726 1739 3766 rerum
1774 3711 2185 3785 communium,
2218 3718 2282 3769 ut

680 3804 766 3855 est
792 3814 891 3870 per
920 3814 977 3854 se
1004 3798 1247 3870 evidens,
1280 3804 1335 3857 et
1362 3806 1511 3855 recte
1536 3798 1730 3871 probat
1752 3802 1926 3871 prima
1948 3800 2184 3857 obiectio
2205 3801 2282 3857 sa-

677 3897 794 3947 cta.
839 3891 976 3946 Nam
1018 3890 1120 3946 hac
1163 3890 1371 3946 ratione
1411 3889 1631 3946 libertas
1671 3895 1758 3947 est
1783 3889 1848 3946 de
1876 3890 1993 3945 iure
2020 3896 2276 3962 naturae,

676 3980 859 4052 potius
889 3994 1054 4051 quam
1084 3978 1337 4050 servitus,
1369 3978 1495 4051 quia
1526 3986 1725 4036 natura
1755 3978 1885 4036 fecit
1914 3977 2157 4035 homines
2186 3996 2285 4052 pe-

681 4071 841 4126 sitive
872 4068 887 4143 (
917 4073 980 4124 ut
1008 4069 1087 4123 sic
1116 4067 1290 4124 dicam
1315 4066 1329 4140 )
1362 4067 1561 4124 liberos
1591 4084 1720 4124 cum
1749 4068 2045 4123 intrinseco
2070 4070 2191 4125 iure
2223 4068 2283 4125 li-

682 4158 931 4231 bertatis‚
965 4174 1073 4214 non
1106 4163 1287 4213 tamen
1317 4157 1389 4213 ita
1421 4157 1553 4213 fecit
1580 4157 1803 4228 positive
1832 4172 2043 4231 servos,
2066 4161 2283 4231 proprie

684 4246 980 4321 loquendo.
1027 4248 1287 4304 Similiter
1324 4245 1559 4303 contulit
1587 4248 1955 4303 communiter
1981 4246 2281 4305 dominium

682 4352 871 4393 rerum
902 4338 1169 4407 omnium,
1193 4342 1251 4392 et
1276 4342 1678 4409 consequenter
1701 4336 1995 4409 unicuique
2017 4334 2167 4392 dedit
2189 4352 2284 4407 po·

682 4432 938 4482 testatem
980 4424 1196 4482 utendi:
1241 4426 1629 4497 proprietatem
1680 4432 1862 4483 autem
1914 4425 2282 4483 dominiorum

681 4531 792 4571 non
824 4517 901 4571 ita
929 4514 1183 4587 contulit,
1210 4522 1273 4571 ut
1300 4515 1514 4587 egregie
1535 4513 1784 4572 declarat
1807 4515 2149 4588 Augustinus
2174 4523 2283 4573 tra-

684 4609 837 4661 ctatu
870 4607 923 4661 6.
956 4607 1019 4659 in
1046 4606 1222 4661 Ιοαπ.
1250 4605 1301 4659 in
1325 4605 1459 4674 tine,
1490 4610 1546 4661 et
1572 4620 1693 4677 cap.
1736 4610 1786 4677 1,
1817 4604 1872 4663 d.
1908 4611 1970 4679 8,
2000 4612 2054 4662 et
2081 4605 2147 4663 de
2177 4606 2282 4664 hoc

682 4693 967 4749 communi
1007 4692 1245 4749 dominio
1286 4692 1449 4749 videri
1487 4700 1668 4765 potest
1708 4696 1841 4752 Soto
1877 4694 1969 4751 lib.
2005 4699 2059 4753 4.
2092 4694 2163 4753 de
2188 4699 2283 4753 iu-

680 4783 802 4837 stil.
836 4798 891 4854 q.
926 4786 985 4854 4,
1017 4789 1123 4839 art.
1161 4786 1212 4853 1,
1243 4781 1420 4840 ΜοΙίη.
1456 4788 1619 4841 tract.
1648 4789 1701 4842 2.
1728 4782 1801 4840 de
1827 4785 2016 4841 instit.
2050 4784 2191 4857 disp.
2221 4790 2275 4843 3.

765 4872 867 4926 Per
895 4870 1043 4942 quod
1070 4869 1229 4927 etiam
1260 4876 1406 4943 patet
1434 4873 1713 4946 responsio
1742 4872 1808 4929 ad
1838 4872 1969 4929 alias
1990 4872 2276 4946 illationes,

683 4958 813 5015 nibil
846 4960 986 5014 enim
1010 4958 1231 5017 illorum
1256 4963 1525 5033 sequitur,
1554 4962 1681 5035 quia
1703 4962 1796 5018 illa
1821 4969 2129 5034 repugnant
2151 4962 2282 5018 huic

683 5049 791 5102 iuri
832 5047 1065 5117 positivo
1094 5054 1148 5105 et
1173 5048 1535 5121 dominativo,
1576 5049 1726 5123 quod
1763 5058 1959 5107 natura
1988 5051 2072 5107 vel
2109 5052 2282 5107 omni-

686 5139 791 5193 bus
822 5137 903 5191 vel
935 5138 1163 5209 singulis
1191 5140 1447 5196 contulit.
1478 5139 1633 5199 Unde
1661 5140 1911 5213 quamvis
1946 5146 2139 5196 natura
2172 5156 2278 5197 non

684 5228 1053 5298 praeceperit,
1101 5233 1161 5283 ut
1202 5243 1289 5284 res
1326 5244 1539 5301 semper
1567 5234 1749 5286 essent
1776 5244 2099 5286 communes
2131 5228 2147 5299 (
2167 5244 2279 5301 quo

2153 372 2354 423 LIBER
2383 372 2460 421 11.

2341 511 2506 551 seusu
2535 495 2736 552 dicitur
2765 496 3132 553 communitas
3153 511 3342 553 rerum
3365 497 3432 553 de
3453 498 3568 554 iure
3590 504 3822 555 naturae
3845 514 3943 557 ne-

2341 585 2522 657 gative
2542 583 2796 658 )„tameu
2827 583 3062 641 durante
3089 584 3180 642 illo
3211 590 3379 657 statu,
3405 586 3700 663 positivum
3723 602 3947 659 praece—

2341 680 2498 745 ptum
2527 674 2664 729 iuris
2693 679 2922 731 naturae
2951 680 3091 746 erat,
3124 680 3187 731 ut
3213 690 3374 733 nemo
3403 676 3809 748 prohiberetur,
3836 692 3941 734 nee

2341 761 2698 832 impediretur
2737 762 2805 818 ab
2847 779 2952 820 usu
2983 766 3294 822 necessario
3322 765 3702 821 communium
3733 781 3941 822 rerum.

2339 852 2497 919 Quod
2545 860 2905 925 praeceptum
2947 870 3051 910 suo
3094 852 3254 911 modo
3293 870 3437 909 nunc
3475 853 3638 911 durat
3665 854 3716 910 in
3749 855 3830 911 his
3861 870 3949 911 re-

2341 940 2445 996 bus
2468 983 2482 1012 ,
2529 956 2671 1013 quae
2709 957 3032 999 communes
3073 954 3231 1013 sunt,
3277 940 3538 1015 quamdiu
3575 960 3682 999 non
3712 950 3842 1000 sunt
3867 944 3948 1001 di·

2343 1046 2532 1087 versae
2574 1031 2755 1103 aliquo
2798 1032 2995 1103 mod03
3037 1047 3196 1088 nemo
3233 1034 3372 1088 enim
3404 1040 3587 1105 potest
3615 1034 3886 1106 prohiberi
3916 1048 3949 1089 a

2346 1121 2627 1176 communi
2672 1137 2776 1177 usu
2815 1121 3030 1177 illarum
3073 1137 3170 1192 per
3209 1137 3266 1178 se
3298 1120 3609 1193 loquendo,
3652 1121 3706 1177 id
3744 1130 3828 1178 est
3863 1138 3948 1179 se-

2343 1208 2500 1265 clusa
2523 1209 2744 1280 speciali
2766 1212 3087 1267 necessitate
3119 1210 3201 1267 vel
3225 1213 3572 1268 causaiusta.
3612 1212 3945 1269 Sicutetiam

2342 1313 2371 1353 e
2400 1298 2698 1371 contrario,
2730 1302 2981 1372 quamvis
3010 1298 3198 1356 divisio
3221 1316 3406 1356 rerum
3433 1316 3536 1357 non
3561 1302 3629 1356 sit
3653 1309 3947 1373 praecepta

2341 1386 2455 1442 iure
2486 1394 2746 1455 naturae3
2781 1395 2957 1444 tamen
2983 1395 3278 1461 postquam
3297 1389 3442 1445 sacta
3461 1398 3567 1460 est,
3593 1398 3650 1447 et
3669 1391 3942 1461 applicata

2343 1484 2474 1533 sunt
2503 1475 2774 1549 dominia,
2803 1479 2894 1534 ius
2924 1484 3149 1535 naturae
3180 1479 3427 1551 prohibet
3470 1479 3704 1550 furtum,
3739 1496 3838 1535 seu
3867 1482 3950 1535 in·

2343 1566 2580 1623 debitam
2603 1568 2976 1638 acceptionem
3002 1570 3077 1624 rei
3101 1567 3326 1625 alienae.
3361 1569 3430 1625 Et
3452 1568 3520 1624 ob
3543 1568 3683 1625 hanc
3719 1584 3946 1626 causam

2345 1671 2454 1711 non
2484 1656 2654 1711 licent
2681 1671 2743 1712 ea
2775 1658 2987 1727 omnia,
3021 1672 3162 1730 quae
3193 1658 3242 1713 in
3273 1672 3336 1713 ea
3367 1656 3666 1713 obiectione
3709 1658 3951 1714 inserun-

2345 1750 2473 1815 tur,
2507 1750 2571 1800 ut
2612 1751 2866 1816 constat,
2901 1754 2957 1802 et
2997 1746 3064 1801 de
3108 1746 3210 1801 illis
3252 1746 3422 1803 videri
3465 1730 3696 1819 possunt
3743 1748 3942 1805 Covar.

2343 1832 2435 1889 lib.
2470 1838 2523 1890 3.
2560 1834 2758 1889 variar.
2789 1848 2912 1906 cap.
2949 1839 3014 1906 6,
3044 1841 3100 1891 et
3126 1834 3296 1893 Pinel.
3331 1837 3381 1891 in
3411 1835 3566 1891 rubr.
3597 1837 3658 1892 C.
3683 1835 3752 1893 de
3793 1852 3944 1893 rese.

2348 1922 2506 1980 vend.
2540 1940 2657 1995 par.
2702 1929 2719 1983 l
2745 1965 2759 1994 ,
2788 1940 2912 1995 cap.
2953 1928 3010 1993 l,
3041 1942 3098 1979 n.
3140 1930 3200 1983 14
3224 1968 3239 1999 ,
3267 1931 3324 1981 et
3352 1926 3730 1998 sequentibus

2426 2016 2510 2069 14.
2543 2012 2647 2069 Sed
2677 2011 2856 2069 adhuc
2887 2014 3067 2071 obstat
3094 2014 3401 2071 secundum
3441 2014 3782 2087 exemplum,
3817 2016 3946 2088 quia

2341 2099 2530 2158 divisio
2561 2100 2928 2158 dominiorum
2955 2102 3140 2175 quoad
3179 2102 3484 2160 libertatem
3513 2118 3545 2158 a
3577 2111 3769 2160 natura
3798 2105 3946 2162 facta

2341 2197 2455 2262 est,
2487 2191 2763 2265 quomodo
2801 2207 2938 2263 ergo
2977 2197 3161 2264 potest
3199 2191 3343 2248 licite
3382 2192 3601 2249 auferri.
3635 2194 3706 2249 Et
3740 2193 3792 2249 in
3827 2194 3948 2251 uni-

2341 2295 2563 2338 versum
2585 2283 2760 2337 oritur
2781 2280 2882 2337 alia
2903 2280 3204 2338 difficultas
3221 2324 3235 2353 ,
3262 2297 3366 2339 cur
3393 2283 3568 2355 possit
3606 2283 3693 2339 ius
3717 2289 3949 2340 naturae

2341 2369 2734 2426 dominativum
2756 2413 2769 2441 ,
2791 2370 3002 2427 etiamsi
3033 2372 3260 2443 positive
3290 2370 3357 2427 ab
3383 2375 3502 2443 ipsa
3525 2379 3720 2429 natura
3756 2371 3948 2431 datum

2343 2458 2438 2529 sit,
2471 2459 2776 2531 immutari,
2807 2466 2864 2516 et
2888 2474 2986 2531 per
3007 2458 3252 2517 homines
3281 2459 3574 2533 aliquando
3607 2460 3756 2519 licite
3775 2468 3832 2519 et
3854 2478 3948 2520 va-

2343 2548 2446 2605 lide
2488 2548 2720 2621 auferri,
2762 2563 2869 2605 non
2914 2556 3101 2605 autem
3128 2550 3201 2605 ita
3231 2552 3405 2622 possit
3434 2552 3630 2607 mutari
3659 2552 3746 2607 ius
3788 2557 3950 2609 natu·

2343 2652 2437 2695 rae
2479 2640 2915 2711 praeceptivum.
2959 2640 3285 2711 Respondeo
3327 2642 3484 2712 prius
3527 2639 3595 2697 ad
3636 2641 3945 2699 secundum

2342 2727 2652 2799 exemplum
2671 2768 2687 2801 ,
2708 2729 2957 2802 quamvis
2982 2736 3181 2786 natura
3201 2729 3414 2787 dederit
3449 2731 3753 2789 libertatem
3777 2738 3834 2789 et
3853 2732 3952 2788 do-

2345 2817 2565 2874 minium
2605 2820 2763 2887 eius,
2807 2834 2916 2874 non
2958 2826 3135 2875 tamen
3176 2819 3426 2876 absolute
3473 2819 3850 2893 prohibuisse,
3881 2836 3950 2878 ne

2344 2907 2544 2963 auferri
2586 2909 2782 2979 possit.
2829 2910 2963 2964 Nam
3009 2910 3059 2964 in
3101 2910 3286 2981 primis
3317 2926 3381 2966 eo
3416 2911 3536 2981 ipso
3557 2950 3572 2981 ,
3603 2910 3754 2983 quod
3785 2910 3948 2967 homo
3977 2930 3992 2941 ·

2344 3003 2430 3053 est
2454 2995 2710 3053 dominus
2734 3012 2865 3054 suae
2889 2997 3153 3055 libertatis
3170 3038 3185 3069 ,
3213 3005 3392 3069 potest
3425 3013 3546 3055 eam
3571 2998 3825 3070 vendere,
3849 3015 3950 3056 seu

2345 3084 2600 3142 alienare.
2634 3084 2966 3158 Respublica
2995 3086 3159 3143 etiam
3189 3102 3286 3158 per
3322 3092 3650 3159 potestatem
3674 3088 3950 3159 altiorem,

2347 3190 2512 3249 quam
2553 3174 2717 3232 habet
2757 3172 2824 3231 ad
2866 3175 3136 3247 regendos
3173 3176 3452 3247 homines,
3495 3181 3682 3247 potest
3708 3192 3773 3233 ex
3804 3177 3951 3233 iusta

2345 3278 2516 3319 causa
2545 3263 2720 3337 (utin
2751 3262 3012 3335 poenam)
3044 3264 3316 3321 hominem
3345 3264 3560 3335 privare
3599 3280 3700 3321 sua
3732 3265 3953 3322 liberta-

2345 3357 2418 3425 te,
2437 3368 2560 3409 nam
2583 3354 2748 3410 etiam
2773 3360 2968 3409 natura
2991 3352 3142 3410 dedit
3164 3353 3367 3409 homini
3392 3354 3556 3410 vitam
3581 3354 3762 3427 quoad
3781 3370 3948 3432 usum

2346 3444 2498 3515 eius,
2532 3458 2598 3499 ac
2626 3446 3026 3516 possessionem
3047 3485 3060 3516 ,
3085 3450 3146 3499 et
3171 3442 3447 3499 interdum
3480 3443 3830 3499 nihilominus
3853 3460 3951 3516 po-

2351 3540 2457 3591 test
2482 3534 2622 3590 iuste
2648 3533 2740 3589 illa
2771 3533 2972 3605 privari
3001 3549 3098 3605 per
3128 3539 3455 3603 potestatem
3486 3531 3802 3589 humanam.

2432 3628 2518 3681 15.
2561 3624 2717 3681 Ratio
2760 3630 2943 3680 autem
2985 3622 3251 3695 generalis
3293 3622 3623 3679 differentiae
3667 3622 3805 3677 inter
3849 3622 3936 3679 ius

2350 3714 2766 3786 praeceptivum
2808 3718 2865 3769 et
2892 3710 3288 3769 dominativum
3316 3718 3428 3783 est,
3458 3710 3588 3784 quia
3615 3710 3750 3768 illud
3781 3711 3938 3781 prius

2351 3804 2595 3860 continet
2634 3800 2857 3875 regulas
2901 3818 2966 3858 ac
3009 3802 3276 3874 principia
3313 3801 3448 3857 bene
3479 3800 3770 3872 operandi,
3801 3816 3944 3872 quae

2351 3893 2632 3949 continent
2659 3892 3026 3947 necessariam
3056 3890 3338 3947 veritatem
3361 3932 3376 3961 ,
3402 3896 3458 3945 et
3485 3888 3604 3945 ideo
3637 3890 3948 3946 immutabi-

2350 3981 2419 4038 lia
2459 3986 2622 4051 sunt,
2669 3979 2970 4036 fundantur
3010 3979 3152 4036 enim
3191 3977 3242 4034 in
3272 3978 3563 4034 intrinseca
3601 3978 3951 4036 obiectorum

2349 4069 2712 4141 rectitudine,
2744 4068 2825 4125 vel
2867 4068 3154 4141 pravitate.
3196 4069 3288 4123 lus
3331 4074 3513 4123 autem
3544 4067 3939 4125 dominativum

2350 4158 2531 4216 solum
2559 4165 2644 4215 est
2673 4160 2898 4215 materia
2927 4156 3154 4213 alterius
3184 4156 3318 4211 iuris
3340 4156 3703 4228 praeceptivi,
3728 4162 3784 4211 et
3807 4172 3942 4212 con-

2351 4249 2520 4319 sistit,
2565 4254 2627 4305 ut
2667 4248 2744 4304 sic
2786 4248 2996 4317 dicam,
3041 4247 3097 4301 in
3138 4245 3286 4303 sacto
3328 4244 3602 4319 quodam,
3637 4260 3738 4301 seu
3769 4245 3819 4300 in
3856 4246 3952 4301 tali

2349 4336 2657 4395 conditione
2681 4380 2694 4407 ,
2729 4336 2812 4392 vel
2853 4334 3165 4393 habitudine
3206 4350 3411 4391 rerum.
3454 4334 3686 4390 Constat
3737 4340 3946 4406 autem,

2348 4442 2438 4483 res
2477 4442 2663 4484 omnes
2701 4433 2948 4495 creatas,
2991 4424 3314 4496 praesertim
3353 4422 3822 4497 incorruptibiles,
3855 4422 3951 4479 ha·

2352 4518 2482 4574 bere
2521 4532 2553 4571 a
2593 4521 2788 4572 natura
2830 4514 3031 4571 multas
3072 4513 3409 4570 conditiones
3432 4554 3448 4585 ,
3479 4528 3622 4586 quae
3658 4513 3951 4570 mutabiles

2351 4612 2511 4676 sunt,
2543 4612 2598 4662 et
2640 4619 2738 4678 per
2775 4604 2906 4659 alias
2947 4617 3144 4660 causas
3173 4603 3376 4660 auferri
3407 4609 3657 4675 possunt.
3692 4604 3782 4659 Sic
3814 4619 3949 4677 ergo

2349 4696 2586 4753 dicimus
2617 4694 2685 4751 de
2726 4693 2974 4751 libertate
3013 4698 3068 4750 et
3107 4693 3174 4750 de
3214 4708 3573 4767 quocumque
3604 4692 3723 4747 iure
3757 4691 3945 4765 simili,

2349 4774 2560 4843 etiamsi
2604 4784 2829 4856 positive
2871 4782 2943 4839 sit
2983 4797 3015 4838 a
3043 4789 3240 4839 natura
3267 4783 3493 4853 datum,
3525 4796 3687 4853 posse
3717 4796 3814 4853 per
3847 4781 3947 4838 ho-

2351 4876 2523 4932 mines
2566 4874 2800 4945 mutari,
2831 4873 2966 4945 quia
3005 4873 3059 4927 in
3090 4871 3320 4945 singulis
3348 4874 3596 4943 personis
3626 4877 3711 4927 est
3744 4869 3948 4943 depen-

2350 4964 2570 5035 denter,
2601 4962 2684 5019 vel
2726 4978 2756 5018 a
2797 4977 2898 5018 sua
2936 4961 3247 5033 voluntate,
3281 4960 3362 5017 vel
3393 4975 3423 5017 a
3460 4960 3743 5032 republica
3765 5002 3780 5031 ,
3813 4976 3950 5033 qua-

2348 5060 2509 5110 tenus
2537 5050 2702 5107 habet
2729 5050 3023 5123 legitimam
3055 5055 3384 5121 potestatem
3404 5052 3462 5105 in
3493 5064 3680 5107 omnes
3703 5049 3948 5121 privatas

2347 5156 2608 5213 personas
2651 5146 2708 5215 et
2746 5139 2886 5196 bona
2925 5154 3118 5194 earum
3139 5180 3154 5211 ,
3179 5146 3447 5213 quantum
3479 5140 3546 5195 ad
3576 5139 3810 5197 debitam
3842 5156 3948 5213 gu-

2347 5230 2718 5287 bernationem
2745 5228 3119 5285 necessarium
3146 5234 3248 5285 est.
3449 5233 3456 5242 ·
