4325 6267
761 335 886 401 150
2156 355 2360 404 unna
2389 359 2465 404 n.

682 477 923 534 bumana
951 477 1239 546 societate,
1269 485 1324 533 et
1351 478 1718 536 consideratis
1745 479 2022 552 aliquibus
2042 479 2288 536 circum-

680 567 896 624 stantiis
916 566 1238 623 necessariis
1260 567 1326 623 ad
1350 567 1518 639 ipsius
1541 571 2041 640 conservationem,
2057 576 2114 625 et
2131 584 2290 640 prae·

2874 485 3155 555 CAPUT
3184 487 3422 558 xvlll.
3459 555 3467 562 .

680 664 874 729 cepta,
903 671 1046 728 quae
1089 656 1242 712 circa
1279 656 1594 714 huiusmodi
1631 659 2020 716 conclusiones
2064 674 2286 714 versan-

681 751 810 814 tur,
849 745 1192 801 constituere
1235 746 1322 801 ius
1357 749 1627 818 gentium.
1667 747 1822 815 Quod
1863 747 2078 804 videtur
2119 761 2283 820 posse

679 833 824 888 sumi
853 847 920 890 ex
946 830 1002 888 d.
1026 832 1234 889 Thoma
1258 833 1307 888 in
1333 837 1388 891 2.
1416 839 1472 904 2,
1498 834 1625 892 loco
1645 835 1897 909 allegato.
1931 835 2035 893 Sed
2056 852 2153 909 per
2178 836 2282 893 hoc

679 921 840 977 etiam
868 937 976 977 non
1003 921 1312 993 explicatur
1339 937 1470 978 vera
1498 931 1554 980 et
1575 928 1800 997 propria
1822 929 1988 995 ratio,
2013 932 2070 983 et
2091 925 2287 983 distin-

678 1011 790 1066 ctio
816 1010 952 1066 iuris
975 1010 1216 1082 gentium
1242 1026 1272 1066 a
1295 1012 1700 1069 naturali.Nam
1731 1014 1902 1070 multa
1923 1022 2054 1070 sunt
2076 1014 2142 1071 de
2168 1017 2285 1070 iure

679 1098 939 1168 naturali,
973 1114 1114 1170 quae
1145 1116 1252 1155 non
1283 1101 1545 1171 obligant,
1579 1118 1680 1157 nec
1713 1103 1894 1160 locum
1927 1103 2150 1175 habent,
2182 1104 2283 1160 nisi

679 1187 866 1260 aliqua
889 1188 1264 1258 suppositione
1291 1188 1456 1254 facta.
1475 1198 1536 1246 ut
1559 1199 1910 1265 praeceptum
1931 1210 2039 1250 non
2065 1193 2283 1251 furandi

679 1293 790 1333 non
818 1277 982 1334 habet
1011 1277 1220 1348 locum,
1235 1280 1346 1334 'nisi
1372 1279 1516 1337 facta
1535 1281 1794 1342 divisione
1815 1285 2084 1341 honorum
2109 1292 2168 1341 et
2186 1284 2282 1339 do·

677 1366 992 1422 miniorum.
1014 1367 1376 1439 Praeceptum
1399 1371 1530 1426 item
1550 1373 1774 1442 parendi
1795 1373 2028 1430 dominis
2051 1391 2159 1430 non
2185 1374 2282 1429 ha-

677 1456 772 1512 bet
811 1455 1026 1524 locum,
1061 1457 1165 1511 nisi
1207 1459 1486 1529 supposita
1527 1462 1822 1533 servitute3
1855 1442 2076 1519 ‘iustitia
2116 1463 2280 1519 etiam

677 1550 1072 1602 contractuum
1101 1561 1206 1601 non
1241 1545 1405 1603 habet
1435 1546 1644 1620 locum,
1677 1553 1778 1607 nisi
1807 1567 1871 1608 ex
1908 1553 2281 1624 suppositione

676 1634 995 1689 commercii
1029 1634 1273 1691 humani.
1295 1638 1362 1692 Et
1385 1639 1460 1694 ita
1490 1647 1623 1696 sunt
1654 1641 1810 1712 plura
1840 1641 1962 1711 alia,
1993 1655 2134 1714 quae
2160 1656 2281 1698 ma·

677 1720 871 1778 nifeste
913 1724 1183 1794 pertinent
1225 1723 1292 1780 ad
1335 1725 1420 1782 ius
1449 1729 1734 1800 naturale,
1768 1746 1892 1786 nam
1922 1732 1997 1787 ita
2025 1736 2156 1786 sunt
2183 1744 2280 1800 per

677 1826 738 1870 se
765 1810 1016 1879 honesta,
1053 1818 1116 1867 ut
1154 1816 1436 1870 contraria
1477 1817 1895 1888 prohibeantur,
1941 1821 2070 1893 quia
2112 1817 2276 1884 mala,

675 1909 732 1957 et
762 1917 866 1956 non
912 1917 943 1957 e
984 1902 1287 1959 contrario.
1320 1904 1475 1960 Ratio
1517 1908 1685 1962 etiam
1726 1907 1877 1964 reddi
1919 1914 2120 1982 potest,
2151 1907 2280 1980 quia

675 1990 828 2062 quod
869 1990 1155 2046 conclusio
1197 1999 1463 2064 sequatur
1503 2009 1570 2051 ex
1611 1995 1890 2068 principiis
1931 2004 2161 2052 naturae
2212 2012 2275 2051 ex

675 2079 1052 2150 suppositione
1081 2078 1204 2136 talis
1245 2081 1325 2137 vel
1365 2081 1488 2140 talis
1531 2085 1818 2156 materiae,
1851 2092 1949 2141 aut
1976 2091 2154 2141 status
2183 2082 2278 2139 ho-

675 2169 914 2236 minum,
951 2183 1058 2224 non
1088 2170 1262 2225 variat
1289 2169 1520 2227 modum
1548 2171 1714 2245 legis,
1745 2188 1890 2246 quae
1932 2173 2186 2230 subsistit
2210 2185 2277 2227 ex

674 2257 972 2314 intrinseca
1001 2258 1082 2314 rei
1115 2266 1334 2329 natura,
1367 2266 1423 2317 et
1449 2277 1554 2317 non
1588 2277 1664 2330 ‚ex
1694 2261 1973 2320 voluntate
2016 2263 2276 2333 humana,

675 2345 771 2402 sed
799 2345 1025 2404 denotat
1061 2349 1240 2404 solum
1274 2347 1593 2407 distinctam
1624 2352 1904 2408 materiam
1935 2351 2099 2424 legis,
2131 2366 2185 2406 v.
2216 2367 2273 2424 g.

675 2434 761 2491 lex
789 2434 1047 2493 reddendi
1081 2437 1436 2508 promissum,
1463 2448 1520 2496 et
1541 2439 1792 2496 servandi
1821 2439 2128 2497 fidelitatem
2141 2441 2275 2506 Deo,

677 2523 763 2580 vel
793 2523 1018 2596 homini,
1045 2525 1312 2583 naturalis
1333 2534 1447 2598 est3
1471 2533 1725 2585 ettamen
1749 2543 1854 2584 non
1881 2527 2043 2584 habet
2067 2528 2275 2596 locum,

678 2611 876 2669 nisiex
906 2614 1288 2685 suppositione
1327 2615 1734 2688 promissionis,
1769 2617 1846 2673 sic
1885 2617 2046 2673 etiam
2083 2615 2134 2671 in
2168 2630 2283 2671 ma-

677 2701 813 2758 teria
837 2699 905 2757 de
937 2702 1167 2764 simonia
1207 2703 1413 2761 dicitur
1433 2745 1448 2775 ,
1480 2705 1712 2780 vendere
1743 2720 1858 2763 rem
1896 2710 2279 2763 consecratam

677 2789 749 2846 ab
778 2789 1091 2848 hominibus
1120 2797 1316 2848 contra
1344 2792 1432 2849 ius
1460 2794 1706 2850 naturaie
1733 2810 1852 2850 esse
1871 2837 1886 2866 ,
1919 2793 2048 2849 licet
2075 2806 2279 2863 suppo-

677 2885 774 2934 nat
800 2881 1276 2937 consecrationem
1304 2880 1544 2938 humano
1573 2882 1689 2939 iure
1721 2881 2276 2954 introductam.Ergo

678 2967 808 3024 licet
833 2968 1118 3024 conclusio
1151 2976 1419 3041 sequatur
1449 2985 1514 3026 ex
1544 2972 1940 3042 suppositione,
1973 2986 2029 3026 se
2059 2976 2276 3027 tenente

677 3062 890 3112 tantum
919 3073 984 3115 ex
1009 3065 1162 3129 parte
1185 3059 1442 3115 materiae
1467 3061 1770 3131 praecepti,
1796 3060 1840 3115 si
1863 3060 2025 3117 illatio
2053 3067 2140 3116 est
2168 3058 2281 3115 evi-

674 3142 810 3201 dens
838 3161 904 3201 ex
937 3146 1218 3218 principiis
1247 3162 1343 3218 per
1373 3163 1432 3204 se
1456 3149 1619 3215 notis,
1648 3147 1769 3204 talis
1790 3147 2073 3204 conclusio
2097 3147 2163 3204 ad
2192 3147 2277 3202 ius

674 3240 906 3290 naturae
935 3236 1195 3307 pertinet,
1227 3251 1334 3292 non
1367 3235 1434 3292 ad
1477 3237 1562 3293 ius
1602 3237 1869 3309 gentium.
1896 3237 2064 3308 Ergo,
2099 3244 2162 3293 ut
2192 3235 2276 3291 ius

673 3325 916 3396 gentium
934 3340 962 3379 a
979 3326 1215 3382 naturali
1235 3324 1627 3400 distinguatur,
1653 3342 1879 3383 necesse
1902 3331 2008 3396 est,
2031 3332 2093 3381 ut
2113 3325 2275 3381 etiam

676 3413 958 3485 supposita
995 3414 1088 3470 tali
1117 3416 1344 3470 materia
1363 3457 1377 3484 ,
1407 3432 1516 3471 non
1549 3422 1817 3489 sequatur
1847 3430 1944 3487 per
1971 3413 2277 3470 evidentem

674 3503 1159 3574 consequentiam,
1191 3502 1286 3558 sed
1318 3519 1412 3575 per
1439 3503 1674 3577 aliquam
1705 3505 1887 3560 minus
1929 3509 2134 3560 certam
2157 3543 2173 3572 ,
2204 3502 2279 3556 ita

675 3597 743 3646 ut
769 3591 1062 3646 arbitrium
1102 3591 1403 3647 humanum
1430 3599 1486 3647 et
1514 3593 1736 3649 moralis
1765 3591 2148 3660 commoditas,
2183 3606 2279 3662 po-

677 3680 789 3736 tius
819 3695 985 3758 quam
1021 3681 1319 3737 necessitas
1347 3681 1671 3738 intercedat.
1697 3679 2150 3738 Concludendum
2181 3683 2279 3752 igi·

677 3774 771 3824 tur
805 3783 1032 3838 censeo,
1063 3770 1150 3825 ius
1178 3771 1426 3841 gentium
1454 3786 1563 3826 non
1588 3771 1906 3842 praecipere
1928 3770 2132 3843 aliquid
2159 3777 2275 3826 tan-

677 3871 842 3928 quam
873 3872 938 3913 ex
969 3873 1026 3912 se
1057 3861 1430 3916 necessarium
1464 3857 1529 3915 ad
1561 3858 1929 3928 honestatem,
1963 3874 2064 3914 nec
2094 3858 2279 3930 prohi-

677 3945 804 4002 bere
835 3945 1036 4018 aliquid
1057 3988 1071 4017 ,
1107 3946 1255 4020 quod
1286 3964 1385 4020 per
1417 3964 1475 4004 se
1504 3955 1558 4005 et
1597 3949 1894 4006 intrinsece
1933 3947 2138 4004 malum
2169 3955 2275 4018 est,

678 4035 761 4091 vel
785 4035 1058 4112 absolute,
1093 4038 1176 4094 vel
1221 4041 1508 4110 supposito
1553 4038 1643 4095 tali
1673 4045 1822 4096 statu
1861 4045 1920 4094 et
1959 4036 2277 4096 conditione

677 4139 887 4194 rerum3
920 4125 1016 4182 sed
1049 4126 1182 4183 haec
1215 4129 1392 4183 omnia
1423 4129 1692 4198 pertinere
1715 4129 1781 4184 ad
1805 4131 1890 4184 ius
1914 4127 2183 4198 naturale,
2211 4144 2277 4185 ac

676 4213 907 4269 subinde
938 4213 986 4268 in
1021 4214 1124 4272 hoc
1157 4231 1319 4271 sensu
1355 4217 1438 4272 ius
1468 4217 1712 4290 gentium
1748 4233 1852 4272 non
1885 4217 2276 4289 comprehendi

677 4302 782 4357 sub
812 4305 930 4358 iure
959 4303 1226 4378 naturali3
1263 4320 1362 4360 nec
1391 4307 1554 4360 etiam
1584 4306 1650 4361 ab
1681 4305 1772 4360 illo
1794 4305 2034 4374 differre,
2061 4305 2187 4377 quia
2211 4306 2278 4361 sit

676 4394 960 4463 proprium
985 4391 1284 4465 homiuum3
1305 4409 1428 4465 nam
1453 4393 1557 4450 hoc
1583 4397 1746 4451 etiam
1768 4393 1874 4450 iuri
1893 4395 2125 4450 naturali
2142 4410 2276 4450 con·

677 4478 845 4549 venit,
878 4480 960 4536 vel
984 4481 1173 4537 maiori
1212 4497 1279 4538 ex
1323 4490 1499 4553 parte,
1532 4483 1616 4539 vel
1654 4483 1822 4541 etiam
1861 4484 2102 4554 omnino,
2137 4486 2181 4541 si
2210 4482 2277 4541 de

673 4568 794 4625 iure
821 4575 876 4626 et
904 4568 1022 4642 lege
1053 4572 1270 4642 proprie
1301 4571 1635 4645 loquendum
1663 4580 1770 4629 est.
1823 4601 1826 4606 -

2356 689 2455 742 An
2476 690 2571 745 ius
2590 696 2858 763 peritiam
2880 691 3113 766 aliquid
3128 699 3487 771 praecipiat,
3508 697 3599 754 vel
3612 699 3957 773 prohibeat,

2472 783 2581 834 aut
2603 784 2807 852 potius
2835 781 3031 839 solum
3058 782 3363 851 concedat,
3400 785 3493 842 vel
3514 791 3855 860 permittat.

2824 1021 2831 1029 .
2928 961 3413 1026 summarium

2357 1139 2405 1188 l.
2434 1139 2618 1203 Opinio
2644 1155 2879 1196 asserens
2902 1160 2999 1196 non
3026 1159 3140 1196 esse
3166 1149 3551 1212 praeceptivum
3587 1151 3670 1200 ius
3704 1153 3963 1213 gentium,

2360 1228 2373 1236 ·
2426 1210 2514 1259 sed
2554 1214 2913 1274 permissivum
2950 1221 3149 1265 tantum
3182 1223 3235 1266 et
3262 1219 3613 1269 concessivum
3645 1221 3835 1282 agendi
3872 1222 3964 1271 ali-

2422 1279 2569 1342 quid,
2600 1283 2679 1332 vel
2707 1291 2909 1335 contra.
2934 1312 3002 1322 -—
3034 1284 3086 1335 2.
3114 1286 3371 1338 Reiicitur
3395 1289 3522 1338 haec
3548 1289 3745 1352 opinio.

2438 1453 2485 1505 1.
2513 1451 2745 1522 Propter
2770 1469 2859 1524 ea,
2886 1469 3027 1527 quae
3050 1456 3322 1525 superiori
3342 1455 3519 1527 capite
3544 1463 3780 1515 tractata
3803 1465 3957 1528 sunt,

2351 1537 2559 1594 Conan.
2590 1539 2680 1595 lib.
2717 1547 2763 1600 1.
2791 1542 3097 1600 Comment.
3122 1545 3231 1600 iur.
3256 1545 3402 1602 civil.
3420 1561 3542 1616 cap.
3564 1550 3690 1616 6,n.
3710 1555 3768 1615 5,
3794 1563 3959 1620 quem

2351 1627 2551 1700 refert,
2582 1635 2636 1685 et
2672 1633 2922 1704 sequitur
2946 1633 3195 1706 vasquez
3222 1634 3363 1705 disp.
3403 1637 3503 1693 157
3534 1677 3549 1708 ,
3582 1651 3707 1708 cap.
3748 1642 3815 1708 3,
3848 1640 3961 1694 exi-

2352 1717 2620 1787 stimavit,
2642 1719 2728 1774 ius
2753 1721 3018 1792 gentium,
3052 1729 3220 1794 prout
3246 1739 3278 1778 a
3306 1724 3542 1780 naturali
3572 1723 3957 1799 distinguitur,

2350 1819 2459 1862 non
2487 1808 2771 1866 continere
2800 1811 2903 1866 sub
2945 1825 3002 1866 se
3039 1818 3369 1884 praecepta,
3400 1817 3499 1868 aut
3537 1814 3953 1884 promissiones,

2350 1893 2444 1948 sed
2477 1895 2657 1952 solum
2688 1899 3075 1954 concessiones
3103 1899 3370 1971 quasdam
3392 1917 3491 1957 seu
3522 1901 3843 1973 facultates,
3867 1909 3965 1961 aut

2352 1986 2737 2054 permissiones
2760 1986 2965 2058 aliquid
2990 1987 3205 2060 agendi,
3236 1989 3320 2046 vel
3345 2006 3452 2046 non
3476 1990 3693 2064 agendi,
3710 2007 3819 2047 non
3844 1999 3963 2048 tan·

2351 2079 2468 2129 tum
2498 2076 2742 2145 impune,
2777 2076 2871 2132 sed
2900 2078 3062 2134 etiam
3092 2079 3235 2134 iuste
3264 2087 3324 2136 et
3351 2079 3613 2150 honeste3
3661 2081 3737 2137 ita
3778 2089 3961 2136 tamen

2352 2167 2413 2216 ut
2433 2166 2779 2220 contrarium
2806 2181 2912 2221 non
2938 2168 3010 2222 sit
3035 2173 3193 2239 turpe
3216 2168 3300 2224 vel
3326 2168 3961 2243 iniustu·m.Adduntque

2349 2248 2583 2308 ulterius
2622 2259 2884 2310 auctores
2922 2253 3088 2311 huius
3124 2257 3425 2314 sententiae
3447 2300 3461 2327 ,
3492 2257 3559 2315 ad
3597 2260 3687 2314 ius
3714 2260 3963 2331 gentium

2352 2341 2725 2399 necessarium
2767 2357 2889 2399 esse
2920 2385 2936 2414 ,
2984 2349 3045 2400 ut
3084 2345 3377 2403 conveniat
3412 2346 3685 2404 humanae
3728 2354 3963 2405 naturae

2350 2445 2455 2486 nou
2486 2429 2741 2487 absolute
2769 2438 3076 2505 spectatae,
3103 2433 3199 2490 sed
3224 2437 3417 2493 utiam
3443 2441 3783 2494 constitutae
3808 2438 3861 2492 in
3886 2439 3965 2494 ci·

2350 2516 2439 2573 viti
2469 2520 2888 2593 communitate,
2913 2523 3045 2594 quia
3073 2522 3251 2579 multa
3280 2531 3409 2581 sunt
3436 2523 3594 2583 utilia
3626 2525 3959 2596 hominibus,

2352 2607 2485 2662 utin
2512 2610 2905 2665 communitate
2931 2609 3260 2682 viventibus,
3275 2629 3417 2685 quae
3436 2612 3687 2672 absolute
3708 2632 3818 2671 non
3838 2631 3965 2687 per-

2349 2695 2601 2751 tinentad
2626 2697 2980 2754 commodum
3006 2705 3239 2757 naturae
3260 2702 3573 2759 secundum
3592 2719 3669 2760 se.
3691 2703 3961 2778 lllaergo‚

2350 2799 2493 2856 quae
2522 2785 2913 2844 conceduntur
2936 2787 3249 2845 hominibus
3274 2790 3323 2846 in
3350 2794 3750 2849 communitate
3774 2794 3963 2850 viven-

2349 2873 2522 2943 tibus,
2558 2881 2783 2945 propter
2810 2891 3165 2934 communem
3196 2878 3484 2936 utilitatem
3506 2921 3521 2951 ,
3555 2886 3823 2952 tanquam
3864 2881 3965 2937 bo·

2348 2967 2525 3030 nesta,
2547 2968 2601 3019 et
2621 2979 2727 3019 non
2756 2971 3018 3038 tanquam
3045 2969 3353 3026 necessaria
3376 2969 3443 3027 ad
3470 2970 3841 3041 honestatem,
3860 2987 3963 3028 nec

2351 3057 2613 3122 tanquam
2638 3053 3163 3125 praecepta,dicunt
3180 3071 3303 3114 esse
3323 3057 3390 3114 de
3414 3059 3531 3115 iure
3547 3060 3965 3132 gentium.Nam

2348 3140 2391 3194 si
2420 3141 2855 3213 praecipiantur,
2884 3131 3052 3201 erunt
3082 3143 3164 3201 vel
3195 3144 3263 3204 de
3292 3148 3411 3204 iure
3440 3149 3707 3222 naturali,
3740 3151 3786 3205 si
3812 3165 3884 3207 ex
3912 3151 3964 3206 vi

2348 3230 2571 3286 rationis
2602 3231 3039 3308 praecipiantur3
3074 3234 3156 3291 vel
3185 3234 3253 3292 de
3281 3238 3401 3293 iure
3440 3236 3584 3295 civili
3606 3279 3623 3310 ,
3655 3240 3699 3293 si
3746 3241 3965 3310 praeci-

2348 3318 2572 3390 piantur
2593 3335 2656 3376 ex
2684 3317 2921 3378 liumana
2954 3323 3235 3382 voluntate
3265 3333 3591 3396 potestatem
3620 3327 3965 3402 habente,ut

2350 3408 2585 3480 probant
2612 3408 2903 3467 discursus
2935 3413 3063 3468 facti
3092 3414 3269 3484 capite
3290 3415 3589 3487 superiori}
3618 3433 3754 3491 ergo
3778 3426 3845 3474 ut
3865 3420 3959 3476 ius

2351 3499 2593 3570 gentium
2625 3501 2799 3571 possit
2826 3515 2947 3556 esse
2978 3501 3321 3574 distinctum,
3352 3510 3572 3576 oportet
3609 3513 3672 3562 ut
3708 3508 3783 3562 sit
3820 3522 3962 3563 con-

2350 3587 2773 3658 concessivum,
2806 3606 2914 3645 non
2954 3593 3387 3662 praeceptivum.
3419 3593 3793 3654 Confirmatur
3821 3595 3961 3652 baec

2349 3678 2615 3734 sententia
2642 3680 2970 3735 auctoritate
3000 3680 3191 3737 saltem
3224 3683 3473 3754 negativa
3501 3683 3555 3738 d.
3586 3683 3785 3741 Isidori
3814 3692 3873 3741 et
3898 3685 3959 3741 d.

2348 3766 2611 3822 Thomas.
2644 3768 2781 3822 Nam
2824 3766 3061 3824 lsidorus
3102 3773 3156 3824 5.
3188 3769 3526 3844 Etymoloq.
3558 3788 3685 3844 cap.
3730 3777 3783 3830 4.
3818 3774 3875 3829 e't
3902 3778 3963 3844 6,

2350 3855 2441 3912 ubi
2474 3856 2633 3924 dicit,
2652 3856 2737 3911 ius
2767 3855 3019 3912 naturale
3046 3872 3167 3913 esse
3197 3857 3518 3932 illud,quod
3546 3867 3631 3918 est
3657 3875 3964 3918 commune

2349 3942 2603 4001 omnihus
2632 3945 2977 4020 nationibus,
3006 3947 3093 4001 ius
3125 3954 3305 4003 autem
3335 3951 3582 4020 gentium
3610 3965 3721 4005 non
3750 3949 3961 4020 definit,

2348 4033 2444 4089 sed
2468 4032 2706 4103 explicat
2728 4040 2940 4090 tantum
2965 4050 3062 4106 per
3087 4036 3357 4107 quaedam
3377 4037 3805 4111 exempla,quae
3826 4055 3969 4096 con-

2347 4124 2653 4184 cessionem
2684 4129 2903 4180 tantum
2932 4124 3232 4194 continent,
3256 4141 3364 4182 non
3388 4133 3707 4201 praecepta,
3726 4137 3789 4186 ut
3810 4136 3966 4200 post·

2351 4227 2409 4266 ea
2444 4211 2771 4267 videbimus.
2808 4214 2978 4269 Divus
3007 4214 3168 4268 etiam
3199 4213 3433 4271 Thomas
3463 4216 3642 4272 solum
3670 4215 3842 4289 dixit,
3876 4219 3965 4274 ius

2349 4303 2591 4372 gentium
2624 4302 2864 4373 positum
2892 4316 3015 4356 esse
3058 4302 3125 4358 ab
3154 4302 3463 4362 hominibus
3504 4306 3555 4362 in
3586 4309 3853 4365 societate
3880 4311 3965 4364 vi·

2349 4388 2601 4446 ventibus
2630 4389 2697 4446 ad
2723 4391 2985 4447 maiorem
3012 4391 3322 4465 utilitatem,
3346 4409 3487 4466 quae
3510 4411 3575 4452 ex
3600 4395 3829 4453 rationis
3848 4396 3967 4454 dis·

2350 4491 2539 4536 cursu
2571 4479 2883 4552 colligitur,
2926 4494 3031 4536 non
3073 4496 3201 4538 vero
3236 4481 3371 4540 dixit
3412 4499 3534 4540 esse
3576 4485 3819 4555 positum
3860 4500 3965 4558 per

2346 4570 2570 4625 modum
2600 4569 2897 4640 praecepti.

2424 4664 2481 4717 2.
2510 4659 2661 4714 Hauc
2685 4674 2816 4715 vero
2838 4660 3184 4724 sententiam,
3207 4666 3273 4716 ut
3294 4674 3484 4716 verum
3510 4660 3711 4735 fatear,
3736 4678 3847 4718 non
3874 4677 3966 4717 sa-

2346 4751 2417 4805 tis
2436 4747 2698 4822 intelligo.
2716 4749 2853 4804 Nam
2874 4749 3118 4822 inquiro,
3136 4764 3202 4804 an
3224 4743 3490 4821 loquatur
3510 4748 3579 4807 de
3607 4752 3750 4823 iure,
3783 4756 3846 4807 ut
3868 4767 3965 4806 so·

2345 4839 2459 4895 lum
2482 4838 2737 4894 consistit
2755 4838 2805 4893 in
2830 4837 3023 4894 morali
3046 4837 3305 4894 facultate
3330 4837 3515 4895 utendi
3537 4847 3594 4896 et
3614 4856 3723 4896 non
3745 4839 3964 4916 utendi,

2346 4927 2428 4983 vel
2452 4925 2685 4997 delate,
2707 4932 2771 4983 ut
2798 4927 3061 4999 significat
3083 4927 3281 4999 legem,
3303 4942 3403 4983 seu
3428 4928 3679 5000 regulam
3704 4930 3963 5001 rationis3

2346 5017 2459 5073 sive
2482 5016 2703 5088 proprie
2726 5017 3304 5088 praecipientem,sive
3332 5017 3727 5088 approbantem
3754 5017 3969 5090 aliquid

2347 5113 2410 5164 ut
2440 5105 2755 5163 honestum.
2787 5106 2941 5162 Prior
2968 5121 3163 5162 sensus
3190 5122 3299 5162 non
3328 5113 3415 5164 est
3437 5107 3503 5164 ad
3527 5124 3671 5177 rem,
3702 5117 3765 5166 ut
3787 5108 3967 5168 cx-di-

2346 5197 2451 5253 ctis
2479 5201 2730 5267 constat,
2762 5195 2863 5252 nisi
2894 5196 3127 5254 fortasse
3164 5196 3331 5254 velint
3355 5204 3619 5256 auctores
3657 5199 3811 5256 illius
3839 5216 3968 5256 sen·
