4325 6267
819 307 948 374 252

733 455 946 511 anima
969 448 1083 510 illa
1107 447 1180 509 de
1198 447 1421 527 populo
1446 464 1554 508 suo
1570 493 1586 517 ‚
1621 446 1677 506 id
1707 455 1821 521 est,
1850 445 2064 522 quoties
2090 460 2323 518 poenam

728 543 916 601 mortis
937 541 1248 613 imponebat
1268 539 1774 614 transgressoribus
1787 537 1949 596 alicui
1957 554 2021 595 us
2036 536 2193 610 legis,
2208 551 2323 592 ma-

727 635 916 690 teriam
942 630 1088 688 illius
1116 631 1248 704 legis
1276 629 1443 688 luisse
1469 642 1692 702 gravem
1713 627 1856 686 etde
1879 643 1937 684 se
1960 627 2321 685 sufficientem

727 721 796 780 ad
822 727 1114 794 peccatum
1141 709 1390 780 mortale.
1423 721 1523 778 Cui
1550 727 1820 778 consonat
1845 719 2108 777 sententia
2129 721 2319 791 Augu-

727 812 850 870 stini
876 811 971 868 lib.
1001 816 1057 870 2.
1089 808 1163 868 de
1175 814 1354 888 Bapt.
1377 826 1504 885 cap.
1528 814 1582 869 6:
1600 808 1966 884 Afferamus,
2003 808 2201 884 inquit,
2230 806 2322 864 dt-

725 904 933 960 vinam
958 905 1252 959 stateram
1287 901 1360 958 de
1388 902 1716 974 scripturis
1743 901 1969 958 sanctis
1986 943 2001 968 ,
2036 903 2092 956 et
2119 901 2185 956 in
2208 896 2323 955 illa

729 990 874 1066 quid
901 995 979 1050 stt
1003 993 1244 1065 gravius
1272 987 1684 1066 appendamus
1697 1009 1717 1056 ‚·
1745 997 1802 1046 et
1836 989 2007 1046 intra:
2043 992 2322 1064 Tempore

725 1081 847 1150 illo,
882 1097 997 1154 quo
1025 1083 1317 1144 Dominus
1340 1081 1552 1156 priora
1576 1077 1802 1136 delicta
1835 1078 2163 1136 recentibus
2182 1093 2323 1152 poe-

723 1188 945 1231 narum
971 1169 1261 1246 exemplis
1290 1167 1561 1229 cavenda
1587 1173 1966 1242 monstravit,
1999 1175 2057 1228 et
2083 1167 2319 1226 idolum

707 1262 1093 1338 fabricatum
1128 1266 1308 1334 atque
1343 1258 1670 1319 adoratum
1696 1265 1811 1326 est,
1847 1263 1904 1316 et
1935 1259 2319 1334 propheticus

727 1353 878 1412 liber
899 1355 992 1410 ita
1016 1353 1169 1426 reqis
1195 1353 1612 1426 contemptoris
1639 1352 1939 1416 incensus,
1973 1354 2029 1406 et
2053 1350 2323 1406 schisma

728 1446 1052 1502 tentatum:
1091 1439 1442 1498 idololatria
1466 1437 1670 1515 gladio
1690 1442 1912 1512 punita
1937 1443 2026 1495 est
2036 1458 2057 1506 ,·
2087 1443 2321 1497 exustio

727 1533 884 1596 libri,
917 1530 1130 1590 bellica
1149 1530 1346 1600 caede,
1367 1536 1425 1589 et
1437 1533 1762 1606 peregrina
1781 1531 2156 1606 captivitate;
2172 1532 2322 1591 schi-

725 1640 864 1696 sma
882 1624 1058 1682 hiatu
1077 1628 1292 1691 terrae,
1312 1619 1555 1696 sepultis
1585 1619 1931 1678 auctoribus
1962 1623 2123 1688 vivis,
2153 1625 2209 1678 et
2229 1637 2319 1678 ce·

728 1717 868 1772 teris
895 1712 1136 1772 caelesti
1163 1715 1296 1786 iqne
1324 1713 1704 1786 consumptis.
1743 1712 1894 1788 Quis
1921 1712 2049 1768 iam
2087 1708 2321 1770 dubita-

725 1807 874 1863 verit
903 1805 1014 1862 hoc
1050 1818 1174 1860 essc
1214 1800 1566 1859 sceleratius
1601 1803 2013 1869 commissum,
2050 1799 2209 1873 quod
2236 1807 2323 1858 est

724 1896 972 1971 yravias
997 1891 1408 1951 vindicatum?
1427 1891 1488 1948 ln
1509 1897 1718 1949 statera
1743 1906 1875 1964 ergo
1900 1889 2084 1947 divina
2110 1890 2321 1964 colligit

725 1986 1065 2060 Augustinus
1095 1985 1424 2056 gravitatem
1454 1981 1644 2040 delicti
1678 1997 1744 2039 ex
1781 1983 2050 2056 gravitate
2085 1999 2319 2055 poenae,

725 2092 838 2134 non
867 2082 1078 2134 tantum
1101 2074 1244 2131 vitae
1270 2072 1514 2145 suturae,
1547 2069 1644 2129 sed
1664 2072 1825 2130 etiam
1847 2072 2166 2146 praesentis,
2191 2088 2323 2147 ergo

726 2169 888 2225 etiam
937 2167 990 2223 in
1037 2171 1241 2224 statera
1287 2162 1421 2238 legis
1468 2163 1770 2235 humanae,
1801 2178 1942 2236 quse
1989 2161 2152 2220 debet
2177 2177 2321 2235 esse,

730 2257 914 2334 quoad
937 2257 1050 2315 fieri
1071 2256 1268 2329 possit,
1300 2253 1602 2311 conformis
1629 2252 1821 2310 rationi
1845 2251 2076 2325 divinae,
2109 2268 2175 2310 ex
2202 2269 2326 2328 gra-

730 2352 894 2407 vitate
927 2362 1134 2422 poenae
1169 2351 1322 2403 recte
1352 2343 1626 2418 colligitur
1655 2343 1894 2417 gravitas
1933 2347 2327 2416 transgressio-

729 2441 814 2497 nis
834 2438 1063 2512 legis,et
1083 2441 1488 2510 consequenter
1514 2435 1677 2492 etiam
1705 2435 1948 2508 gravitas
1975 2436 2231 2493 materiae
2258 2435 2327 2492 de

729 2546 790 2591 se
816 2529 1128 2587 sufficientis
1156 2526 1225 2586 ad
1253 2525 1538 2584 mortalem
1569 2524 1810 2598 culpam.
1841 2525 1912 2583 Et
1938 2529 2189 2598 quamvis
2216 2543 2326 2584 non

731 2634 949 2692 semper
975 2619 1193 2693 gravior
1227 2617 1396 2689 culpa
1425 2614 1571 2688 apud
1598 2617 1772 2673 Deum
1813 2615 2071 2689 puniatur
2093 2618 2327 2690 graviori

729 2725 905 2782 poena
935 2707 1098 2765 huius
1127 2709 1291 2779 vitae,
1322 2705 1674 2779 maximeper
1695 2705 1904 2780 iudices
1927 2706 2221 2780 humanos3
2248 2708 2329 2764 ni-

732 2799 1057 2868 hilominuS,
1105 2796 1327 2872 quando
1378 2796 1460 2854 lex
1512 2795 1686 2853 civilis
1737 2796 1967 2870 imponit
2014 2799 2325 2870 graviorem

735 2904 990 2962 poenam,
1023 2890 1241 2962 signum
1265 2892 1373 2958 est,
1404 2887 1690 2944 materiam
1718 2885 1842 2944 talis
1871 2885 2004 2961 legis
2034 2886 2323 2960 humanae,

736 2986 794 3038 et
819 2979 1130 3039 custodiam
1155 2977 1273 3036 eius
1301 2992 1422 3035 esse
1450 2978 1620 3050 magis
1647 2977 2012 3034 necessariam
2053 2977 2122 3036 ad
2161 2975 2327 3037 finem

735 3071 869 3146 legis
893 3078 953 3130 et
975 3069 1256 3150 potestatis
1283 3068 1454 3126 civilis
1471 3110 1486 3139 ,
1516 3084 1682 3142 quam
1711 3069 1784 3125 sit
1812 3067 1913 3125 alia
1942 3070 2167 3128 materia
2193 3072 2327 3128 alias

733 3163 1038 3234 honestior,
1070 3158 1156 3219 vel
1183 3159 1532 3218 excellentior
1569 3159 1718 3231 apud
1743 3161 1938 3216 Deum:
1971 3167 2027 3217 et
2053 3161 2128 3219 ita
2157 3162 2211 3218 in
2239 3179 2327 3220 or·-

731 3256 857 3314 dine
892 3253 959 3313 ad
994 3252 1378 3326 obligationem
1417 3250 1551 3324 legis
1590 3249 1858 3308 humanae
1879 3293 1895 3324 ,
1935 3266 2152 3323 semper
2193 3251 2328 3311 illud

733 3353 821 3404 est
847 3346 1115 3419 optimum
1147 3343 1363 3418 signum
1405 3341 1681 3422 materiae*
1705 3342 1839 3399 satis
1867 3343 2051 3415 gravis
2087 3348 2145 3402 et
2173 3343 2330 3400 suffi-

733 3438 928 3496 cientis
954 3435 1024 3494 ad
1053 3435 1277 3508 culpam
1303 3432 1615 3506 mortalem,
1645 3430 1866 3506 quando
1895 3430 2026 3488 alias
2047 3449 2116 3490 ex
2137 3439 2327 3492 tenore

734 3527 872 3600 legis
899 3531 1135 3598 constat,
1165 3541 1276 3583 non
1300 3540 1422 3582 esse
1447 3538 1586 3596 pure
1614 3522 1927 3596 poenalem3
1952 3528 2010 3580 et
2033 3523 2109 3579 ita
2129 3523 2331 3585 docent

735 3617 1066 3675 summistae
1089 3614 1258 3673 verbo
1277 3628 1487 3689 poena,
1507 3614 1767 3671 etCovar.
1783 3614 1834 3669 in
1852 3627 1970 3688 reg.
1977 3619 2318 3688 peccatum,

736 3713 792 3767 2.
825 3723 881 3780 p.
905 3714 940 3775 s
968 3710 1022 3777 5,
1053 3721 1110 3762 n.
1143 3709 1210 3776 3,
1241 3706 1296 3781 in
1322 3687 1460 3777 fine,
1488 3709 1546 3760 et
1570 3701 1776 3761 Medica
1803 3701 1949 3760 dicta
1975 3719 2032 3777 q.
2070 3706 2120 3763 7.
2150 3703 2222 3760 de
2248 3709 2326 3763 ie-

735 3800 926 3870 iunio,
953 3803 1010 3855 et
1034 3794 1224 3853 Armil.
1261 3794 1423 3852 verbo
1443 3798 1848 3868 praeceptam,
1886 3809 1942 3850 n.
1975 3796 2007 3851 6
2027 3835 2042 3864 ,
2072 3801 2132 3850 et
2159 3796 2327 3853 verbo

733 3885 852 3955 lex,
886 3903 942 3942 n.
967 3890 1031 3958 4,
1062 3891 1120 3942 et
1143 3884 1335 3942 Castro
1366 3883 1460 3940 lib.
1501 3886 1549 3942 l.
1581 3881 1653 3939 de
1687 3881 1813 3956 leqe
1837 3881 2080 3958 poenali
2106 3897 2229 3968 cap.
2266 3889 2324 3960 5,

734 3978 960 4037 docum.
994 3981 1049 4037 4.
1141 4023 1146 4028 .

815 4073 870 4128 4.
901 4068 1064 4126 Circa
1085 4063 1390 4124 secundum
1412 4069 1680 4137 punctum
1700 4063 1768 4120 de
1792 4063 1968 4120 verbis
1991 4061 2327 4137 simplicibus

739 4159 976 4218 dubitari
1004 4163 1202 4232 potest,
1220 4171 1287 4214 an
1316 4155 1386 4212 sit
1412 4152 1636 4230 aliquod
1663 4154 1889 4228 simplex
1919 4155 2151 4212 verbum
2173 4171 2329 4229 prae-

739 4248 993 4322 cipiendi,
1024 4264 1124 4305 seu
1151 4244 1358 4305 serendi
1390 4245 1598 4319 legem,
1629 4261 1740 4318 quo
1771 4244 1904 4302 haec
1933 4245 2193 4319 obligatio
2222 4246 2325 4303 sub

740 4339 956 4398 mortali
993 4337 1329 4396 sufficienter
1367 4334 1717 4410 significetur.
1758 4335 1828 4392 Et
1866 4335 2004 4392 ratio
2039 4334 2325 4394 dubitandi

738 4431 979 4487 sumitur
1004 4444 1072 4486 ex
1096 4427 1356 4487 Clement.
1383 4428 1604 4492 Excivit,
1629 4425 1694 4482 de
1720 4424 1933 4484 verbor.
1961 4425 2251 4507 significat.
2270 4435 2330 4486 et

719 4497 862 4595 cap.
895 4523 1081 4586 Est-iit,
1109 4518 1234 4578 eod.
1269 4519 1352 4576 tit.
1384 4519 1440 4574 in
1470 4521 1527 4585 6,
1557 4517 1648 4574 ubl
1677 4531 1742 4574 ex
1772 4517 1901 4588 hoc,
1932 4515 2078 4592 quod
2109 4517 2193 4574 lex
2222 4518 2329 4575 l'er·

741 4620 836 4671 tur
861 4625 959 4684 per
987 4609 1212 4667 verbum
1231 4610 1660 4684 praecipimus,
1698 4607 1782 4664 vel
1811 4607 2177 4680 aequivalens,
2209 4609 2329 4667 col-

740 4702 926 4776 ligitur
955 4698 1208 4772 obligatio
1247 4699 1376 4772 legis
1406 4697 1510 4754 sub
1546 4695 1782 4754 mortali.
1812 4696 1965 4755 Unde
2004 4697 2160 4756 multi
2202 4715 2325 4756 sen·

740 4789 1162 4860 tiunt,verbum
1191 4787 1546 4862 praecipiendi
1580 4786 1666 4864 vel
1691 4788 2036 4862 aequivalens
2073 4790 2325 4848 sufficere

741 4881 810 4939 ad
839 4880 1222 4954 obligationem
1248 4878 1378 4952 legis
1409 4878 1512 4936 sub
1531 4876 1746 4936 mortali
1769 4877 1952 4950 culpa.
1977 4878 2209 4937 lta-Soto
2228 4879 2321 4937 lib.

751 4979 800 5032 1.
831 4970 904 5028 de
928 4972 1118 5027 instit.
1147 4985 1202 5043 q.
1238 4973 1294 5042 6,
1327 4974 1428 5027 art.
1463 4973 1519 5043 4,
1548 4975 1604 5027 et
1631 4967 1776 5026 idem
1813 4967 2057 5026 sentiunt
2081 4969 2319 5045 Sylvest.

741 5061 909 5118 verbo
939 5063 1356 5136 praeceptum,
1389 5064 1604 5132 quaest.
1636 5063 1693 5129 2,
1726 5058 1918 5116 Armil.
1949 5074 2102 5116 num.
2139 5061 2192 5118 7.
2225 5057 2326 5116 Alii

740 5168 872 5210 vero
899 5151 1030 5208 licet
1054 5150 1159 5207 hoc
1188 5148 1482 5208 admittant
1498 5151 1554 5206 in
1575 5149 1780 5224 legibus
1800 5149 2078 5206 canonicis
2102 5158 2326 5223 propter

740 5242 892 5304 dicta
911 5243 1178 5300 canonica
1197 5240 1341 5317 iura,
1359 5256 1468 5299 non
1493 5246 1670 5302 tamen
1694 5237 1964 5313 civilibus,
1984 5240 2112 5314 quia
2131 5240 2185 5298 in
2207 5239 2324 5300 iure

2190 317 2393 370 mmm
2419 317 2525 370 111.

2393 443 2536 502 civili
2563 443 2687 503 talis
2714 443 3010 507 declaratio
3038 443 3147 506 non
3174 446 3429 524 habetur,
3454 465 3557 510 nec
3584 465 3653 510 ex
3682 460 3990 513 consuetu·

2389 534 2510 594 dine
2538 545 2780 610 constat,
2813 541 2892 597 sic
2918 555 3040 598 esse
3069 540 3232 598 verba
3262 540 3351 599 illa
3376 541 3742 616 intelligenda.
3774 544 3981 602 italie-

2390 623 2517 683 dina
2544 626 2693 685 dicto
2722 644 2847 703 cap.
2885 633 2937 690 7.
2970 627 3041 686 de
3060 631 3297 700 ieiunio,
3330 633 3523 690 Castro
3548 633 3697 692 dicto
3715 633 3809 691 lib.
3844 638 3893 694 1.
3920 634 3992 693 de

2392 713 2516 790 leqe
2534 716 2802 792 poenali.
2832 735 2956 794 cap.
2986 725 3042 790 5,
3066 727 3125 778 et
3151 718 3294 780 idem
3320 724 3376 779 in
3405 738 3465 779 re
3496 725 3664 781 sentit
3682 725 3885 783 Navar.
3912 725 3991 784 di·

2390 810 2479 862 cto
2510 821 2632 880 cap.
2662 813 2735 866 23
2754 850 2770 883 ‚
2799 825 2952 868 num.
2988 815 3096 872 502
3124 827 3250 876 nam
3278 811 3409 871 licet
3434 815 3591 886 prius
3620 815 3869 874 absolute
3896 815 3987 874 di-

2388 903 2501 970 cat,
2535 898 2766 956 verbum
2793 900 3162 973 praecipiendi
3198 902 3267 960 de
3298 918 3355 960 se
3384 919 3493 962 non
3520 905 3825 979 significare
3852 909 3992 964 satis

2388 995 2742 1058 praeceptum
2781 989 3026 1064 obligans
3055 991 3159 1048 sub
3189 993 3439 1067 mortali,
3470 993 3820 1054 nibilominus
3848 997 3989 1054 sub-

2388 1076 2564 1150 iungit
2590 1079 2645 1134 in
2675 1078 2888 1153 legibus
2916 1082 3199 1140 canonicis
3227 1083 3425 1141 habere
3452 1084 3595 1142 hanc
3622 1089 3731 1144 vim
3758 1104 3829 1146 ex
3856 1106 3987 1162 usu,

2387 1173 2525 1225 etex
2548 1167 2695 1226 dicta
2714 1170 2975 1230 Clement.
2992 1171 3084 1230 ubi
3106 1175 3413 1246 oppositum
3438 1177 3601 1234 sentit
3620 1175 3691 1234 de
3710 1177 3985 1236 civilibus.

2388 1256 2487 1314 Alii
2515 1257 2747 1333 denique
2782 1261 3123 1334 existimant,
3151 1265 3208 1321 in
3236 1263 3401 1322 nullis
3430 1264 3676 1340 legibuS,
3708 1283 3813 1326 nec
3846 1271 3989 1327 civi-

2386 1346 2528 1405 libus
2546 1393 2559 1420 ,
2590 1364 2691 1406 nec
2712 1349 3105 1410 ecclesiasticis
3132 1369 3202 1411 ex
3228 1355 3393 1412 verbo
3423 1359 3793 1431 praecipiendi
3820 1376 3985 1433 posse

2387 1436 2568 1511 colligi
2603 1438 2767 1496 talem
2799 1440 3201 1514 obligationem.
3238 1444 3315 1501 Ita
3340 1445 3507 1504 Caiet.
3552 1452 3607 1504 2.
3652 1452 3684 1506 2
3706 1489 3723 1518 ,
3753 1465 3813 1522 q.
3862 1455 3990 1524 186,

2388 1534 2493 1585 art.
2528 1533 2581 1588 9.
2614 1532 2769 1588 circa
2794 1531 2863 1589 ad
2893 1537 2945 1590 3.
2976 1533 3112 1602 Quin
3152 1535 3333 1606 potius
3374 1535 3443 1593 ibi
3488 1538 3798 1612 generalius
3840 1538 3994 1613 loqui

2389 1618 2604 1675 videtur
2628 1660 2643 1690 ‚
2667 1626 2723 1676 et
2742 1635 2963 1695 negare,
2986 1623 3209 1680 verbum
3226 1628 3633 1700 praecipimus
3660 1629 4007 1687 sufficienter·

2388 1708 2631 1766 indicare
2658 1710 2831 1784 legem
2874 1712 3201 1789 obligantem
3234 1713 3590 1792 quocumque
3632 1718 3823 1790 mod03
3860 1735 3987 1777 nam

2389 1798 2595 1872 aliquae
2620 1801 2967 1860 coniecturae
2987 1845 3003 1874 ,
3040 1819 3176 1878 quas
3204 1805 3459 1878 adducit,
3488 1823 3555 1865 ex
3583 1825 3691 1865 usu
3714 1809 3861 1866 illius
3889 1827 3985 1867 vo-

2389 1889 2467 1947 cis
2496 1890 2550 1946 in
2578 1891 2881 1965 evangelio,
2910 1899 2970 1950 et
3002 1893 3053 1950 ln
3092 1896 3287 1969 regula
3324 1899 3631 1970 Augustini,
3676 1899 3785 1956 buc
3808 1901 3995 1959 tende-

2390 1994 2450 2036 re
2469 1979 2746 2055 videntur,
2773 1988 3043 2055 quatenus
3070 1983 3197 2040 inde
3221 1985 3343 2043 elici
3371 1994 3572 2060 potest,
3602 1990 3881 2062 simplices
3905 2007 3993 2048 or·

2391 2067 2693 2127 dinationes
2719 2085 2783 2128 ac
2806 2071 3025 2146 regulas
3053 2089 3213 2146 saepe
3238 2075 3367 2133 ferri
3400 2093 3499 2150 per
3523 2079 3747 2136 verbum
3779 2081 3991 2152 praeci-

2390 2157 2587 2229 piendi,
2602 2167 2658 2218 et
2678 2161 2861 2218 vocari
2883 2171 3194 2239 praecepta3
3217 2164 3311 2222 sed
3333 2165 3677 2226 nihilominus
3696 2171 3817 2227 eius
3840 2187 3995 2228 mens

2392 2247 2571 2306 solum
2598 2249 2701 2312 fuit
2734 2249 2885 2326 loqui
2912 2251 2979 2308 de
3009 2259 3300 2327 praecepto
3332 2255 3606 2331 obligante
3632 2257 3698 2313 ad
3740 2260 3991 2333 mortale,

2392 2345 2579 2408 postea
2600 2355 2729 2398 vero
2748 2342 2903 2415 quasi
2933 2358 3028 2415 per
3050 2347 3475 2404 antonomasiam
3499 2347 3606 2405 hoc
3627 2348 3805 2407 solum
3830 2359 3994 2409 vocat

2397 2428 2713 2501 simpliciter
2754 2439 3146 2508 praeceptum3
3190 2441 3248 2492 et
3283 2439 3361 2494 ita
3406 2447 3601 2512 negat,
3644 2442 3995 2501 mendacium

2394 2519 2621 2592 simplex
2648 2522 2918 2594 prohiberi
2949 2532 3275 2599 praecepto,
3318 2535 3374 2585 et
3414 2529 3625 2588 similia.
3650 2531 3994 2592 Fundamen-

2394 2615 2510 2666 tum
2546 2625 2675 2684 ergo
2721 2611 2863 2669 illius
2904 2620 3019 2688 est,
3052 2615 3177 2688 quia
3216 2616 3447 2675 verbum
3470 2624 3779 2697 praecipio
3824 2639 3996 2698 aeque

2395 2701 2615 2772 ponitur
2656 2701 2828 2770 (adde
2853 2711 2911 2760 et
2945 2719 3076 2762 cum
3120 2705 3307 2764 eadem
3337 2711 3703 2785 proprietate)
3744 2713 3796 2769 in
3827 2714 3996 2771 rebus

2396 2791 2611 2864 peccati
2638 2793 2863 2850 venialis
2891 2809 2955 2852 ac
2986 2796 3252 2853 mortalis.

2475 2884 2529 2938 5.
2560 2881 2683 2938 Mihi
2706 2889 2884 2940 tamen
2910 2883 3207 2943 dicendum
3230 2885 3468 2959 videtur,
3494 2889 3640 2951 aliud
3660 2907 3783 2950 esse
3807 2894 3991 2968 inqui·

2395 2986 2539 3044 rere,
2572 2986 2640 3027 an
2666 2969 2751 3030 lex
2782 2972 2831 3030 vi
2862 2972 3096 3031 alicuius
3123 2976 3274 3034 verbi
3302 2977 3353 3036 in
3379 2993 3445 3038 ea
3470 2981 3631 3052 positi
3658 2982 3912 3042 absolute
3938 2992 3997 3043 et

2394 3061 2708 3137 simpliciter
2735 3063 2936 3138 obliget
2962 3065 3065 3123 sub
3093 3067 3307 3126 mortali
3336 3068 3531 3143 culpa,
3562 3088 3777 3145 semper
3807 3089 3875 3132 ac
3906 3075 3985 3132 in·

2394 3151 2763 3226 dependenter
2785 3154 2851 3212 ab
2873 3157 3022 3213 omni
3046 3155 3147 3215 alia
3170 3156 3480 3236 conditione
3499 3161 3653 3236 legis3
3678 3163 3828 3222 aliud
3850 3181 3981 3224 vero

2394 3258 2516 3300 esse
2538 3259 2825 3317 quaerere,
2852 3260 2919 3302 an
2938 3261 3003 3305 ex
3030 3253 3183 3319 parte
3202 3248 3497 3308 verborum
3519 3251 3648 3326 legis
3670 3255 3745 3309 sit
3764 3253 3989 3328 aliquod

2394 3334 2623 3392 verbum
2662 3335 2915 3408 simplex,
2950 3337 3102 3410 quod
3130 3337 3269 3395 hanc
3302 3339 3673 3413 obligationem
3712 3344 3989 3403 sufficien-

2397 3430 2477 3482 ter
2502 3424 2721 3482 indicet.
2754 3425 3049 3499 Loquendo
3097 3429 3267 3500 priori
3300 3430 3463 3488 modo
3493 3447 3621 3490 vera
3658 3439 3744 3491 est
3770 3441 3991 3494 senten-

2396 3514 2468 3571 tia
2492 3515 2756 3588 Caietani,
2788 3514 3001 3573 nullum
3040 3516 3249 3575 scilicet
3286 3535 3409 3578 esse
3450 3519 3557 3578 tale
3592 3523 3823 3596 simplex
3867 3541 3987 3583 ver-

2396 3603 2551 3678 bum,
2580 3612 2636 3662 et
2661 3605 3287 3680 sufficienter-probatur
3315 3609 3666 3671 fundamento
3692 3617 3833 3673 eius.
3852 3618 3989 3676 Nam

2399 3697 2443 3752 si
2466 3694 2686 3769 aliquod
2714 3702 2859 3753 esset
2885 3696 2990 3754 tale
3015 3697 3279 3772 verbum,
3312 3701 3543 3757 maxime
3579 3710 3727 3761 esset
3762 3705 3991 3764 verbum

2388 3789 2725 3863 praecipio.-
2752 3785 2848 3845 sed
2874 3786 2981 3844 hoc
3009 3803 3137 3860 non,
3168 3792 3299 3863 quia
3326 3793 3493 3849 etiam
3520 3807 3609 3848 res
3637 3793 3769 3852 levis
3799 3813 3899 3868 per
3930 3797 3993 3855 il-

2394 3875 2489 3934 lud
2518 3877 2743 3934 verbum
2768 3878 3138 3951 propriissime
3177 3881 3539 3956 praecipitur3
3570 3897 3729 3956 ergo,
3758 3902 3866 3942 non
3894 3889 3993 3944 ob·

2393 3973 2568 4025 stante
2593 3968 2705 4040 illo,
2728 3968 2961 4042 gravitas
2985 3968 3068 4025 vel
3106 3969 3295 4028 levitas
3324 3970 3668 4045 obligationis
3702 3974 3903 4046 pendet
3926 3994 3995 4036 ex

2393 4060 2648 4131 materia,
2689 4064 2751 4113 ut
2786 4067 3065 4116 ostensum
3091 4065 3216 4133 est;
3257 4075 3414 4135 ergo.
3456 4063 3527 4120 Et
3564 4065 3927 4125 confirmatur
3954 4083 3989 4124 a

2393 4149 2632 4218 sortiori3
2663 4163 2789 4205 nam
2814 4149 2978 4206 etiam
3005 4149 3168 4207 verba
3196 4152 3479 4225 complexa
3505 4153 3571 4211 ad
3594 4154 3698 4212 hoc
3728 4172 3837 4215 non
3870 4161 3986 4217 sus·

2391 4239 2620 4312 ficiunt,
2651 4239 2857 4296 etiamsi
2886 4239 3099 4297 dicatur
3141 4240 3245 4298 sub
3284 4243 3712 4304 interminatione
3743 4256 3991 4308 aeternae

2393 4344 2617 4402 poenae,
2646 4335 2757 4385 etc.
2790 4329 2893 4385 nisi
2925 4338 3265 4402 supponatur
3292 4335 3568 4405 capacitas
3596 4341 3855 4398 materiae
3876 4384 3891 4413 ,
3922 4349 3986 4399 ut

2394 4425 2673 4477 ostensum
2715 4427 2827 4493 est;
2874 4435 3005 4493 ergo
3048 4423 3223 4480 multo
3262 4424 3443 4481 minus
3484 4427 3719 4486 sufficiet
3758 4431 3987 4505 simplex

2394 4510 2757 4586 praecipiendi
2785 4511 3032 4568 verbum.
3066 4513 3203 4580 Quin
3232 4515 3414 4587 potius
3442 4517 3497 4573 in
3520 4517 3625 4575 hoc
3650 4528 3832 4591 potest
3853 4538 3987 4579 con-

2393 4606 2545 4662 stitui
2572 4602 2893 4675 differentia,
2920 4604 3056 4676 quia
3084 4605 3301 4677 quando
3331 4607 3495 4663 verba
3517 4614 3646 4665 sunt
3665 4612 3976 4684 complexa,

2390 4702 2448 4752 et
2474 4695 2527 4751 in
2553 4693 2659 4751 illis
2684 4692 2857 4751 fitilla
2884 4697 3225 4767 exaggeratio
3244 4737 3259 4768 ,
3291 4694 3373 4754 vel
3405 4698 3508 4754 alia
3536 4699 3758 4775 similis,
3790 4718 3859 4760 ex
3884 4704 3991 4761 illis

2394 4787 2630 4844 sumitur
2669 4801 2861 4858 magna
2902 4785 3178 4857 probatio,
3218 4786 3367 4862 quod
3404 4789 3627 4846 materia
3666 4793 3739 4849 sit
3778 4795 3985 4866 gravis,

2394 4877 2491 4933 nisi
2518 4875 2667 4933 aliud
2695 4877 2825 4931 satis
2853 4874 3001 4932 clare
3028 4882 3267 4934 constet:
3297 4893 3365 4934 ex
3386 4878 3615 4952 simplici
3646 4887 3833 4965 aulem
3864 4901 3985 4941 ver-

2391 4966 2461 5024 bo
2489 4963 2849 5039 praecipiendi
2876 4953 3249 5022 uou‘sumitur
3274 4966 3395 5023 talis
3426 4969 3676 5045 prolatio,
3700 4987 3803 5028 nec
3828 4974 3987 5030 suffi—

2393 5057 2541 5114 ciens
2556 5054 2925 5128 praesumptio
2940 5093 2957 5123 ,
2971 5055 3098 5129 quia
3120 5055 3186 5113 de
3198 5073 3258 5115 se
3271 5063 3356 5123 est
3382 5057 3707 5132 indifferens,
3730 5070 3788 5119 et
3808 5079 3985 5138 aeque

2393 5149 2610 5221 proprie
2646 5163 2711 5204 ac
2741 5147 2975 5204 univoce
3006 5147 3022 5222 (
3052 5153 3113 5205 ut
3148 5148 3228 5205 sic
3271 5164 3386 5206 rem
3414 5150 3679 5222 explicem
3711 5151 3728 5226 )
3756 5153 3905 5212 cadit
3932 5157 3989 5212 in

2390 5238 2673 5298 materiam
2692 5252 2915 5314 gravem
2938 5244 2997 5297 et
3016 5237 3208 5314 levem,
3231 5246 3500 5314 quantum
3520 5248 3607 5301 est
3632 5259 3701 5304 ex
3722 5245 3771 5302 vi
3806 5247 3987 5306 verbi.
