4325 6267
850 339 977 406 118

772 483 923 542 licta.
958 480 1112 540 Addo
1139 482 1303 537 etiam
1320 519 1336 552 ,
1363 492 1465 537 nec
1488 476 1819 536 habitualem
1845 477 2113 535 affectum
2135 475 2257 535 talis
2285 474 2371 533 di-

771 573 1018 633 lectionis
1050 570 1283 647 requiri,
1303 585 1427 626 nam
1450 569 1543 642 qui
1564 570 1721 627 estin
1745 575 1975 641 peccato
1998 566 2238 639 mortali,
2263 582 2371 624 non

770 672 1031 723 censetur
1059 662 1259 720 habere
1290 661 1442 718 illum
1473 658 1807 717 habitualem
1830 657 2120 727 affectum,
2150 664 2211 714 et
2233 657 2370 713 nihi·

769 757 1004 815 lominus
1033 758 1210 827 potest
1230 750 1451 825 aliquod
1472 755 1827 824 praeceptum
1849 748 2101 807 natu'rale
2120 747 2363 821 implere.

769 846 987 905 Sufficit
1016 860 1149 917 ergo
1169 843 1260 900 illa
1278 841 1540 899 naturalis
1564 838 1753 897 relatio
1774 856 1873 897 seu
1894 838 2168 897 tendentia
2183 878 2198 909 ,
2225 853 2366 912 quae

768 940 816 994 in
848 937 965 1009 ipso
1003 950 1169 1007 opere
1200 933 1426 990 honesto
1454 938 1653 989 natura
1680 946 1783 987 sua
1810 929 2149 1002 includitur,
2183 935 2248 986 ut
2275 944 2369 985 ex-

766 1029 1028 1103 plicatum
1059 1033 1165 1082 est.

846 1122 899 1176 3.
932 1118 1031 1173 Hic
1074 1130 1205 1172 vero
1248 1112 1583 1171 occurrebat
1618 1110 1912 1184 disputatio
1941 1125 2073 1168 cum
2101 1108 2364 1181 Gregorio

766 1209 860 1283 qui
902 1207 954 1264 in
983 1212 1015 1265 2
1038 1246 1053 1277 ,
1086 1204 1145 1263 d.
1180 1208 1288 1274 39,
1322 1220 1376 1277 q.
1417 1207 1475 1275 1,
1516 1210 1621 1259 art.
1662 1206 1721 1275 1,
1753 1217 1913 1260 conc.
1945 1206 2014 1273 2,
2043 1199 2206 1269 dixit,
2237 1198 2365 1255 nihil

766 1304 1017 1357 creatum
1046 1312 1167 1353 esse
1194 1294 1421 1359 honeste
1440 1292 1694 1367 diligibile
1722 1298 1941 1366 propter
1964 1308 2043 1363 se,
2069 1290 2166 1347 sed
2189 1289 2368 1347 solum

765 1393 959 1448 Deum.
1002 1387 1153 1446 Unde
1184 1388 1235 1443 in
1276 1392 1384 1443 art.
1425 1390 1491 1457 2,
1539 1383 1711 1441 corol.
1760 1386 1819 1455 1,
1860 1389 1915 1439 et
1941 1388 1997 1441 2.
2031 1382 2223 1453 insert,
2255 1395 2363 1436 non

764 1496 927 1555 posse
972 1478 1219 1535 homines
1258 1476 1483 1532 honeste
1524 1458 1782 1547 operari}
1806 1472 1907 1529 nisi
1934 1471 2208 1545 operando
2238 1486 2366 1543 pro-

764 1578 885 1645 pter
913 1572 1083 1627 Deum
1113 1567 1373 1624 dilectum
1390 1607 1405 1638 ,
1429 1566 1481 1621 in
1506 1581 1672 1638 quem
1690 1582 1853 1622 suum
1877 1571 2065 1621 actum
2094 1562 2358 1634 reserant,

672 1652 681 1663 ’
764 1659 851 1717 vel
881 1665 1032 1727 actu,
1062 1657 1146 1713 vel
1176 1657 1397 1726 virtute,
1430 1655 1485 1712 id
1511 1660 1598 1712 est
1623 1671 1689 1713 ex
1721 1656 1771 1710 vi
1801 1654 2037 1711 alicuius
2059 1651 2364 1710 dilectionis

764 1747 1160 1825 praecedentis.
1185 1744 1339 1813 Quod
1372 1744 1567 1816 probat
1586 1760 1652 1801 ex
1678 1745 1839 1801 variis
1863 1744 1999 1801 locis
2020 1742 2362 1817 Augustinus

764 1840 1088 1915 praesertim
1132 1836 1226 1894 lib.
1265 1840 1313 1895 1.
1348 1834 1419 1893 de
1445 1833 1630 1893 doctr.
1664 1836 1868 1892 christ.
1900 1849 2024 1906 cap.
2055 1838 2151 1906 27,
2183 1840 2238 1890 et
2269 1836 2359 1900 37,

764 1931 860 1988 lib.
892 1934 947 1989 9.
980 1927 1051 1985 de
1086 1930 1253 1985 Trin.
1282 1942 1403 1997 cap.
1442 1931 1569 1997 8,e,t
1594 1923 1689 1981 lib.
1720 1924 1811 1983 85.
1839 1942 1930 1998 qq.
1954 1940 2011 1997 q.
2040 1928 2140 1996 30,
2171 1922 2261 1980 ubi
2284 1920 2366 1980 di-

763 2024 859 2094 cit,
905 2034 1227 2093 perversum
1265 2031 1417 2089 esse,
1447 2015 1557 2071 frui
1587 2014 1765 2087 aliqua
1791 2030 1851 2070 re
1878 2020 2063 2095 qreata
2086 2056 2102 2087 ,
2133 2020 2360 2087 propter

761 2115 951 2170 Deum.
986 2109 1137 2168 Unde
1176 2107 1266 2164 lib.
1309 2106 1359 2165 1.
1394 2105 1467 2163 de
1493 2105 1701 2162 morib.
1734 2103 1959 2163 Eccles.
1992 2120 2116 2177 cap.
2156 2108 2246 2163 1⁴.
2277 2102 2361 2161 di-

763 2205 859 2275 cit,
891 2202 1069 2258 omnia
1110 2200 1254 2256 bona
1282 2212 1402 2253 esse
1430 2195 1712 2253 referenda
1738 2196 1793 2251 in
1820 2210 2099 2252 summum
2121 2194 2349 2267 bonum,

756 2309 823 2350 ex
851 2308 961 2365 quo
990 2289 1153 2347 insert
1188 2303 1313 2359 cap.
1350 2291 1439 2357 15,
1472 2285 1597 2341 nihil
1620 2301 1739 2342 esse
1762 2285 2054 2357 virtutem,
2078 2285 2183 2341 nisi
2207 2301 2356 2341 sum—

758 2397 910 2439 mum
938 2395 1181 2437 amorem
1223 2379 1339 2449 Dei,
1370 2383 1426 2433 et
1452 2392 1550 2448 per
1581 2376 1725 2433 bunc
1755 2392 1945 2433 omnes
1974 2375 2203 2433 virtutes
2233 2373 2362 2431 deii-

758 2475 859 2544 nit,
884 2479 940 2529 et
958 2469 1079 2528 ideo
1101 2469 1239 2527 libro
1269 2472 1358 2527 19.
1381 2465 1454 2524 de
1484 2468 1757 2534 Ciuitate,
1782 2481 1905 2538 cap.
1934 2470 2031 2538 25,
2059 2465 2212 2539 dicit,
2243 2480 2364 2522 esse

763 2561 1063 2635 superbum
1092 2556 1314 2632 diligere
1352 2563 1576 2630 propter
1604 2558 1809 2629 seipsas
1830 2555 1999 2613 etiam
2017 2558 2165 2628 ipsas
2190 2556 2361 2613 virtu·

762 2662 865 2712 tes,
898 2653 1053 2710 Ratio
1081 2665 1211 2706 vero
1247 2655 1365 2716 est,
1398 2650 1527 2722 quia
1554 2647 1706 2704 solus
1734 2649 1880 2705 Deus
1907 2654 1993 2704 est
2022 2662 2234 2704 summe
2261 2648 2362 2704 ho·

758 2761 895 2814 nus,
917 2749 973 2799 et
995 2740 1119 2799 ideo
1150 2739 1303 2797 solus
1324 2744 1409 2795 est
1430 2744 1653 2811 propter
1676 2752 1733 2793 se
1754 2736 2038 2794 volendus.
2064 2739 2200 2794 ltem
2228 2740 2359 2811 quia

757 2834 889 2892 alias
927 2830 1205 2906 quodlibet
1254 2830 1463 2886 bonum
1504 2834 1756 2886 creatum
1804 2833 1993 2900 posset
2034 2833 2260 2901 propter
2301 2844 2360 2885 se

760 2923 923 2997 diligi.

836 3018 891 3073 4.
923 3012 1317 3070 Verumtamen
1344 3024 1451 3065 non
1490 3015 1578 3066 est
1617 3008 1917 3081 praesentis
1944 3008 2055 3066 loci
2083 3007 2220 3065 haec
2249 3007 2360 3065 dis-

757 3106 999 3179 putatio,
1040 3119 1166 3159 nam
1195 3090 1425 3173 pertinet
1450 3100 1518 3157 ad
1556 3105 1604 3158 l.
1637 3106 1693 3174 2,
1723 3117 1780 3174 q.
1822 3105 1885 3158 18
1910 3143 1924 3171 ,
1956 3100 2047 3157 ubi
2077 3100 2144 3157 de
2175 3100 2360 3173 requi-

758 3197 873 3253 sitis
897 3194 964 3271 ρὰ
992 3193 1327 3249 honestatem
1348 3189 1612 3247 moralem
1634 3195 1793 3247 actus
1818 3189 2037 3247 humani
2060 3196 2352 3263 tractatur,

755 3288 885 3345 etin
913 3285 1139 3342 materia
1167 3282 1233 3340 de
1264 3282 1369 3339 fide
1391 3281 1659 3353 disputari
1678 3282 1845 3339 etiam
1866 3281 2007 3338 solet
2027 3289 2252 3354 propter
2275 3283 2358 3338 in-

756 3378 940 3435 fideles
972 3392 1079 3432 non
1109 3380 1466 3447 agnoscentes
1489 3375 1692 3442 Deum;
1717 3382 1775 3430 et
1797 3372 1916 3430 ideo
1940 3372 2180 3430 breviter
2202 3372 2352 3447 dico,

756 3469 1063 3541 opinionem
1106 3465 1253 3521 illam
1284 3464 1523 3536 Gregorii
1553 3464 1884 3536 probabilem
1914 3480 2023 3521 non
2050 3480 2203 3538 esse,
2235 3464 2358 3521 nul·

757 3559 920 3631 loque
964 3553 1226 3627 probabili
1264 3555 1361 3611 niti
1388 3550 1761 3611 fundamento.
1789 3555 1923 3611 Nam
1953 3555 2160 3612 bonum
2191 3554 2356 3611 hone-

758 3655 903 3705 stum
940 3650 1162 3718 propter
1200 3659 1259 3700 se
1290 3643 1515 3701 amabile
1542 3651 1625 3700 est
1644 3684 1659 3713 ,
1690 3652 1745 3701 et
1773 3645 1980 3702 sufficit
2006 3645 2073 3702 ad
2102 3646 2356 3703 honesta—

758 3746 868 3797 tem
904 3743 1085 3807 actus,
1117 3735 1332 3791 etiamsi
1359 3733 1426 3790 de
1453 3736 1566 3791 Deo
1591 3750 1698 3791 non
1728 3736 1997 3808 cogitetur
2018 3778 2033 3807 ,
2063 3752 2166 3793 nec
2197 3743 2355 3794 antea

754 3831 829 3887 ita
856 3826 1160 3900 cogitatum
1203 3825 1402 3895 fuerit,
1434 3830 1498 3880 ut
1524 3825 1813 3896 praeterita
1839 3827 1930 3883 Dei
1958 3824 2178 3884 dilectio
2206 3843 2355 3883 nunc

757 3919 945 3977 innuat
989 3916 1171 3988 aliquo
1212 3914 1375 3971 modo
1417 3915 1472 3969 in
1513 3917 1921 3987 actum.1tem,
1955 3914 2099 3972 aliud
2126 3922 2213 3973 est
2239 3915 2357 3974 dili-

754 4024 880 4084 gere
907 4004 1111 4080 aliquid
1147 4011 1211 4061 ut
1238 4019 1517 4061 summum
1544 4004 1780 4078 bonum;
1808 4004 1955 4061 aliud
1975 4020 2105 4062 vero
2126 4006 2354 4080 diligere

756 4098 983 4172 aliquid,
1008 4103 1071 4153 ut
1106 4095 1310 4152 bonum
1340 4110 1435 4166 per
1466 4109 1523 4150 se
1551 4092 1801 4151 amabile.
1834 4097 2080 4153 Primum
2108 4104 2196 4154 est
2226 4113 2355 4169 pro-

752 4190 933 4263 prium
958 4188 1080 4244 Dei:
1109 4200 1200 4243 sec
1218 4184 1427 4243 undum
1458 4191 1639 4242 autem
1670 4187 2143 4247 communicatum
2171 4194 2258 4243 est
2284 4188 2351 4245 ab

753 4280 870 4353 ipso
897 4283 1005 4337 Deo
1034 4278 1177 4333 omni
1222 4274 1363 4332 bono
1387 4274 1617 4331 honesto
1634 4316 1651 4347 ,
1673 4281 1731 4333 et
1756 4274 1875 4333 ideo
1901 4278 1981 4333 sic
2005 4277 2236 4334 amando
2260 4277 2355 4334 bo-

754 4386 889 4427 num
914 4369 1207 4424 honestum
1224 4407 1240 4439 ,
1262 4380 1371 4421 non
1401 4366 1460 4422 fit
1499 4365 1703 4439 aliquid
1730 4373 1922 4424 contra
1943 4369 2137 4425 Deum.
2162 4369 2353 4442 Neque

754 4460 875 4517 inde
905 4460 982 4532 lit,
1006 4459 1190 4514 omnia
1216 4456 1357 4513 bona
1398 4462 1585 4513 creata
1611 4472 1731 4512 esse
1752 4464 1975 4529 propter
1998 4473 2055 4514 se
2078 4457 2348 4531 amabilia,

756 4554 885 4625 quia
912 4548 1062 4606 nulla
1096 4552 1226 4605 sunt
1250 4546 1501 4604 inferiora
1520 4548 1662 4605 bona
1690 4546 1859 4613 utilia,
1888 4546 1968 4604 vel
1991 4547 2352 4621 delectabilia,

758 4656 897 4715 quae
948 4640 1053 4695 nisi
1092 4642 1317 4711 propter
1356 4637 1695 4694 honestatem
1736 4636 2037 4709 appetenda
2062 4654 2170 4696 non
2198 4645 2347 4696 sunt.

757 4731 999 4804 Denique
1048 4728 1177 4785 licet
1213 4727 1417 4783 bonum
1444 4726 1740 4783 honestum
1767 4734 2017 4785 creatum
2045 4735 2265 4801 propter
2293 4746 2353 4787 se

754 4828 1004 4894 ametur,
1040 4836 1149 4876 non
1176 4824 1393 4874 amatur
1422 4824 1487 4875 ut
1511 4817 1737 4875 ultimus
1759 4819 1900 4890 finis,
1924 4818 2020 4877 sed
2044 4820 2167 4877 talis
2195 4837 2352 4879 amor

754 4919 953 4970 natura
981 4926 1091 4967 sua
1118 4907 1288 4965 tendit
1315 4909 1370 4963 in
1400 4910 1601 4980 Deum,
1632 4914 1687 4966 et
1714 4910 1819 4967 hoc
1846 4916 1931 4967 est
1960 4913 2121 4985 satis,
2150 4918 2215 4969 ut
2241 4927 2351 4969 non

757 5004 977 5061 dicatur
1015 5000 1178 5058 homo
1206 4999 1313 5057 frui
1340 4998 1431 5056 tali
1448 4999 1623 5073 bono,
1647 5000 1743 5056 sed
1771 5001 1870 5073 uti,
1902 5006 2035 5057 tunc
2062 5008 2246 5059 autem
2273 5002 2352 5059 di-

758 5100 983 5152 ceretur
1028 5092 1121 5150 illo
1160 5090 1296 5163 frui,
1338 5090 1559 5163 quando
1599 5092 1652 5147 in
1691 5090 1783 5148 illo
1830 5108 1995 5149 suum
2030 5093 2188 5149 finem
2228 5094 2352 5152 ulti·

764 5200 919 5242 mum
959 5183 1351 5252 constitueret,
1393 5185 1449 5238 et
1474 5180 1580 5237 hoc
1607 5186 1721 5254 est,
1754 5180 1902 5256 quod
1930 5180 2065 5239 dixit
2089 5185 2354 5256 Augusti-

762 5293 868 5335 nus
896 5291 1018 5333 esse
1050 5272 1373 5347 superbum.
1404 5272 1475 5329 Et
1502 5272 1577 5330 ita
1605 5287 1707 5331 nec
1736 5275 2041 5333 auctoritas
2062 5276 2355 5351 Augustini

2239 349 2442 400 LIBER
2467 350 2546 399 11.

2441 476 2648 546 obstat,
2675 488 2777 533 nec
2800 473 2936 533 ratio
2957 472 3199 547 Gregorii
3219 474 3560 529 momentum
3579 468 3760 539 habet,
3783 468 4019 545 ideoque

2439 567 2557 625 eius
2600 567 2866 623 sententia
2907 563 3265 623 communiter
3313 561 3562 619 reiicitur
3603 577 3636 617 a
3672 559 3938 635 theologis
3971 563 4030 617 in

2437 659 2665 716 materia
2703 657 2770 715 de
2807 656 2908 713 lide
2931 696 2944 721 ,
2991 662 3054 713 ut
3089 671 3191 712 suo
3231 654 3389 728 loco,
3426 655 3538 711 Deo
3575 651 3772 724 dante,
3824 652 4031 711 videbi-

2441 765 2594 820 mus,
2626 754 2686 806 et
2713 747 2800 805 hic
2829 752 3075 805 tractant
3102 748 3234 804 Soto
3265 745 3357 802 lib.
3391 749 3446 804 2.
3477 742 3549 811 de
3573 746 3713 802 ἐπει.
3747 760 3804 818 q.
3835 748 3890 816 3,
3913 750 4020 801 art.

2446 846 2546 913 10,
2577 846 2633 897 et
2659 837 2797 895 Med.
2832 838 2931 907 ibi,
2963 842 3019 894 et
3045 853 3100 910 q.
3141 838 3234 910 18,
3262 841 3365 892 art.
3402 839 3454 894 9.

2518 934 2570 987 5.
2605 929 2858 986 Secundo
2886 926 3181 985 dicendum
3211 932 3464 998 superest
3491 923 3558 982 de
3581 922 3742 981 modo
3766 922 4026 997 operandi

2434 1029 2502 1078 ex
2531 1020 2753 1077 caritate
2782 1018 2992 1086 infusa,
3023 1017 3088 1074 de
3125 1033 3236 1091 quo
3266 1022 3523 1090 constat,
3551 1032 3660 1072 non
3689 1032 3810 1073 esse
3837 1031 3935 1089 per
3963 1033 4026 1073 se

2435 1112 2806 1171 necessarium
2855 1108 2925 1166 ad
2953 1108 3280 1182 implendam
3316 1109 3492 1181 legem
3521 1123 3658 1181 pure
3693 1106 4020 1180 naturalem,

2435 1219 2565 1260 cum
2589 1203 2658 1259 sit
2679 1202 2837 1273 longe
2860 1201 3160 1273 superioris
3181 1198 3404 1256 ordinis.
3429 1198 3668 1256 Dubitari
3689 1203 3870 1255 autem
3892 1213 4024 1270 pos-

2435 1299 2547 1366 set,
2579 1309 2680 1361 an,
2713 1292 2998 1363 supposita
3036 1289 3329 1346 elevatione
3369 1288 3599 1359 hominis
3641 1288 3709 1345 ad
3744 1288 3904 1345 finem
3931 1304 4028 1344 su-

2437 1383 2846 1458 pernaturalem
2864 1423 2880 1456 ,
2911 1383 2982 1439 sit
3010 1381 3144 1439 haec
3176 1381 3596 1439 circumstantia
3625 1380 3938 1436 necessaria
3959 1377 4029 1434 ad

2435 1474 2762 1549 implendam
2791 1474 2964 1546 ipsam
2997 1471 3173 1544 legem
3201 1472 3508 1529 naturalem
3535 1470 3742 1544 absque
3769 1475 4023 1542 peccato.

2432 1568 2513 1623 lta
2555 1566 2697 1622 enim
2729 1562 2992 1621 videntur'
3013 1565 3283 1635 sensisse,
3315 1562 3408 1636 qui
3437 1562 3726 1635 dixerunt,
3754 1562 4028 1619 hominem

2432 1672 2580 1714 nunc
2606 1654 2828 1727 implere
2850 1660 3142 1727 praecepta
3163 1652 3363 1724 divina,
3379 1668 3760 1727 quaecumque
3783 1651 3874 1709 illa
3895 1652 4024 1719 sint,

2432 1747 2538 1803 nisi
2580 1745 2760 1819 aliquo
2801 1743 2962 1801 modo
3000 1758 3069 1801 ex
3097 1746 3329 1801 caritate
3360 1750 3636 1816 operetur.
3668 1741 3826 1810 Quod
3853 1744 4027 1799 tenuit

2431 1838 2720 1913 Dionysius
2752 1834 2946 1892 cister.
2989 1834 3041 1891 in
3077 1836 3138 1907 1,
3167 1832 3223 1891 d.
3259 1836 3318 1892 17
3342 1877 3358 1906 ,
3387 1851 3442 1908 q.
3484 1839 3536 1904 1,
3568 1840 3672 1890 art.
3707 1838 3770 1905 3,
3802 1838 3858 1891 et
3881 1832 4027 1891 idem

2433 1937 2555 1986 ante
2583 1942 2798 2000 paucos
2839 1941 3018 1989 annos
3047 1924 3242 1983 docuit
3276 1924 3500 1982 michael
3527 1924 3718 1998 Baius,
3749 1924 3842 1998 qui
3869 1923 4024 1997 dixit,

2432 2034 2650 2075 omnem
2679 2023 2885 2088 actum,
2916 2016 3008 2089 qui
3030 2031 3139 2073 non
3159 2016 3220 2072 fit
3237 2030 3304 2072 ex
3327 2016 3578 2091 caritate,
3601 2030 3722 2073 esse
3743 2030 3812 2073 ex
3832 2014 4027 2073 vitiosa

2432 2107 2762 2181 cupiditate,
2791 2114 2849 2163 et
2877 2104 2994 2163 ideo
3024 2121 3146 2163 esse
3175 2104 3401 2163 malum.

2507 2201 2896 2257 Verumtamen
2925 2197 3189 2254 sententia
3216 2196 3353 2254 haec
3381 2212 3614 2269 prorsus
3641 2194 3778 2253 salsa
3796 2202 3852 2254 et
3869 2211 4026 2253 erro·

2431 2307 2532 2349 nea
2561 2296 2668 2360 est,
2701 2288 2786 2345 vel
2815 2304 3070 2361 magnam
3097 2287 3319 2361 praebet
3345 2287 3690 2345 occasionem
3709 2288 3936 2361 erroris,
3963 2293 4027 2345 ut

2431 2388 2617 2440 autem
2660 2379 2766 2437 hoc
2812 2377 3203 2449 ostendamus,
3241 2377 3588 2435 membratim
3623 2376 4021 2435 ostendendum

2431 2480 2532 2531 est.
2565 2472 2753 2529 Potest
2791 2471 2934 2526 enim
2973 2468 3060 2525 illa
3087 2467 3354 2525 sententia
3381 2468 3557 2539 primo
3584 2468 3803 2541 intelligi
3831 2468 3897 2525 de
3929 2469 4027 2525 ba-

2429 2564 2548 2621 bitu
2578 2560 2817 2620 caritatis
2839 2600 2852 2625 ,
2888 2576 2987 2617 seu
3013 2559 3162 2634 quod
3194 2558 3333 2616 idem
3363 2564 3448 2616 est
3466 2600 3483 2632 ,
3511 2558 3578 2617 de
3609 2566 3758 2616 statu
3785 2561 4014 2632 gratiae,

2429 2659 2484 2712 et
2511 2653 2590 2709 sic
2620 2666 2849 2709 erronea
2874 2655 2994 2722 est,
3012 2655 3071 2707 et
3089 2650 3141 2706 in
3168 2650 3490 2707 Lutheranis
3520 2650 3721 2707 virtute
3742 2649 4024 2723 damnata,

2429 2744 2484 2801 iu
2510 2742 2656 2800 Trid.
2694 2757 2831 2797 sess.
2865 2744 2921 2812 6,
2951 2756 3078 2797 can.
3109 2744 3160 2799 7.
3195 2741 3333 2797 Nam
3355 2740 3502 2797 iuxta
3525 2740 3667 2797 illam
3695 2742 4024 2799 sententiam

2429 2833 2610 2891 omnia
2639 2847 2806 2904 opera
2836 2830 2981 2887 sacta
3009 2836 3166 2887 extra
3193 2836 3393 2888 statum
3424 2833 3630 2903 gratiae
3672 2837 3859 2888 essent
3887 2848 4022 2889 con-

2427 2932 2512 2982 tra
2539 2928 2890 2996 praeceptum
2918 2920 3162 2978 divinum
3180 2964 3194 2992 ,
3218 2929 3275 2979 et
3301 2928 3559 2994 peccata3
3585 2920 3732 2983 unde
3761 2938 4020 2996 sequere·

2427 3020 2540 3086 tur,
2557 3014 2738 3071 omnia
2760 3028 2945 3085 opera,
2968 3011 3167 3086 quibus
3190 3018 3449 3097 peccator
3468 3018 3677 3070 remote
3701 3028 3758 3070 se
3778 3012 4025 3085 disponit

2428 3106 2497 3163 ad
2537 3104 2800 3177 gratiam,
2841 3118 2964 3159 esse
3000 3109 3260 3175 peccata,
3293 3101 3444 3175 quod
3473 3102 3542 3159 ibi
3569 3102 3884 3160 damnatum
3915 3108 4020 3175 est,

2427 3202 2482 3252 et
2510 3195 2732 3266 merito,
2762 3194 2892 3268 quia
2919 3193 2972 3248 in
2999 3194 3285 3264 Scriptura
3313 3208 3472 3249 sacra
3507 3192 3875 3268 consuluntur
3903 3209 4023 3250 sae-

2431 3286 2650 3359 pissime
2679 3282 2991 3341 huiusmodi
3023 3298 3217 3353 opera,
3245 3289 3310 3340 ut
3337 3281 3550 3339 divinus
3578 3283 3760 3353 timor,
3789 3283 4024 3341 eleemo-

2427 3392 2603 3453 syna,
2635 3376 2838 3445 oratio,
2869 3380 2925 3431 et
2968 3372 3177 3429 similia.
3225 3373 3335 3429 Sed
3362 3372 3504 3430 sorte
3540 3374 3892 3446 responderet
3917 3376 4044 3431 Ba·-

2427 3468 2546 3539 ius,
2577 3464 2906 3522 habitualem
2943 3462 3222 3520 caritatem
3261 3480 3383 3521 esse
3419 3464 3782 3522 necessariam
3810 3463 3879 3520 ad
3907 3480 4020 3521 non

2427 3557 2804 3632 peccandum,
2836 3569 2943 3610 non
2973 3560 3153 3611 tamen
3180 3569 3299 3610 esse
3327 3554 3688 3613 sufficientem
3705 3596 3721 3625 ,
3755 3562 3818 3613 ut
3844 3554 4014 3613 homo

2431 3652 2807 3719 consequatur
2833 3644 3206 3702 remissionem
3235 3646 3480 3718 peccati,
3505 3651 3686 3718 potest
3713 3646 3854 3703 enim
3881 3662 4018 3704 con-

2430 3738 2586 3810 sequi
2616 3734 2940 3792 habitualem
2970 3734 3232 3793 iustitiam
3253 3734 3461 3809 absque
3484 3737 3803 3793 remissione
3823 3751 4024 3809 pecca-

2429 3828 2491 3885 ti.
2523 3825 2628 3885 Sed
2659 3825 2793 3883 haec
2821 3826 3105 3897 responsio
3132 3825 3362 3883 involvit
3381 3812 3546 3883 alium
3569 3842 3834 3899 errorem,
3865 3828 4022 3884 nimi-

2426 3932 2552 3975 rum
2583 3932 2744 3990 posse
2768 3930 2950 3972 veram
2972 3916 3236 3973 iustitiam
3257 3922 3314 3972 et
3333 3917 3619 3973 caritatem
3639 3932 3763 3973 esse
3783 3915 3850 3973 de
3872 3917 4020 3975 facto

2429 4009 2480 4065 in
2498 4006 2717 4065 homine
2739 4006 3004 4065 existente
3029 4005 3082 4061 in
3106 4012 3362 4079 peccato,
3386 4005 3535 4080 quod
3555 4018 3644 4063 est
3664 4014 3854 4065 contra
3873 4008 4021 4067 idem

2425 4101 2594 4157 Conc.
2619 4096 2750 4155 dict.
2783 4112 2920 4153 sess.
2947 4100 3001 4169 6,
3035 4112 3160 4153 can.
3189 4099 3243 4165 7,
3269 4103 3324 4153 et
3351 4112 3462 4154 non
3487 4098 3657 4155 evitat
3677 4098 4016 4171 superiorem

2426 4189 2790 4247 definitionem
2807 4228 2822 4253 ,
2850 4188 2980 4259 quia
3007 4188 3060 4242 in
3091 4187 3178 4243 illa
3205 4188 3498 4246 concilium
3532 4188 3776 4263 loquitur
3803 4189 3872 4247 de
3894 4207 4023 4265 ope-

2428 4280 2586 4338 ribus
2629 4286 2756 4336 ante
2798 4277 3269 4351 iustificationem,
3299 4278 3448 4352 quod
3494 4294 3600 4336 non
3642 4278 3776 4338 dicit
3801 4288 4022 4344 tantum

2432 4370 2810 4428 remissionem
2847 4371 3096 4441 peccati}
3127 4369 3221 4427 sed
3249 4372 3484 4427 maxime
3511 4371 3835 4429 infusionem
3859 4373 4016 4431 iusti-

2427 4462 2567 4534 tiae,
2599 4466 2662 4518 ut
2701 4476 2768 4518 ex
2809 4458 3062 4516 doctrina
3087 4461 3331 4517 eiusdem
3357 4460 3582 4519 Concilii
3609 4468 3845 4520 constat.
3877 4465 4018 4522 Item

2426 4552 2555 4627 quia
2582 4550 2970 4624 dispositiones
2991 4557 3234 4609 remotae
3255 4568 3363 4609 non
3386 4553 3563 4609 solum
3585 4559 3716 4610 sunt
3733 4553 3803 4611 ad
3823 4556 4019 4613 remis-

2427 4644 2634 4701 sionem
2675 4643 2928 4714 peccati,
2987 4640 3084 4699 sed
3122 4644 3286 4699 etiam
3315 4641 3381 4699 ad
3405 4642 3732 4700 inlusionem
3755 4643 4018 4719 iustitiae3

2422 4748 2554 4807 ergo
2583 4731 2913 4804 impossibile
2938 4738 3056 4801 est,
3087 4746 3253 4804 opera
3283 4731 3410 4790 talia
3436 4748 3558 4791 esse
3584 4732 3726 4791 mala
3763 4740 3860 4793 aut
3885 4750 4021 4792 con-

2422 4831 2508 4882 tra
2527 4823 2702 4896 legem
2729 4822 2842 4878 Dei.

2500 4914 2740 4987 Denique
2779 4918 2866 4970 est
2907 4912 3140 4973 evidens
3171 4914 3343 4988 ratio,
3385 4916 3514 4990 quia
3541 4918 3840 4975 necessitas
3867 4916 4021 4977 habi-

2424 5004 2585 5063 tualis
2627 5004 2835 5077 gratiae
2870 5003 2953 5062 vel
2976 5004 3219 5062 caritatis
3247 5004 3316 5063 ad
3336 5007 3602 5065 servanda
3622 5010 3836 5084 singula
3857 5026 4020 5082 prae-

2423 5102 2584 5168 cepta
2611 5097 2726 5152 sine
2755 5111 2899 5153 nova
2919 5098 3349 5169 transgressione
3371 5138 3386 5171 ,
3410 5114 3510 5156 nec
3532 5104 3618 5157 est
3643 5116 3708 5157 ex
3732 5099 3852 5176 lege
3875 5118 4018 5174 pure

2425 5186 2689 5260 naturali,
2721 5192 2786 5243 ut
2819 5196 3102 5245 ostensum
3121 5193 3238 5259 est,
3267 5204 3369 5245 nec
3396 5195 3482 5246 est
3505 5206 3572 5247 ex
3598 5190 3718 5265 lege
3746 5200 4019 5250 connatu-

2424 5278 2527 5337 rali
2555 5278 2771 5352 ipsimet
2796 5279 3005 5351 gratiae
3031 5277 3314 5355 habituali,
3335 5279 3423 5337 vel
3449 5280 3684 5357 caritati,
3707 5283 3838 5355 quia
3859 5284 4016 5343 nulla
