4325 6267
1647 307 1857 402 catur
1886 337 2131 387 xxxlv.

240 469 399 529 Unde
428 472 483 528 in
512 485 637 543 cap.
670 473 757 527 De
795 465 1107 543 capitulis,
1142 465 1385 523 distinct.
1429 467 1515 523 10.
1553 463 1627 520 ait
1663 464 1847 521 Ponti-

240 561 359 631 fex,
390 578 449 618 se
478 576 709 624 curare,
744 563 814 616 ut
838 553 1221 633 imperatoris
1256 553 1407 630 leqes
1435 557 1760 616 serventur,
1792 559 1853 608 et

239 653 301 708 in
330 667 457 724 cap.
494 653 647 709 Cum
684 647 768 708 ad
793 664 1029 714 verum,
1065 646 1312 704 distinct.
1344 649 1434 704 96.
1467 643 1847 715 dicit,›Ponti-

238 745 381 799 tices
408 758 509 814 pro
538 757 711 799 cursu
740 737 1119 810 temporalium
1148 752 1332 793 rerum
1356 733 1747 807 temporalibus
1770 733 1845 789 le-

240 833 413 907 gibus
446 833 541 890 uti.
575 834 723 900 Quae
750 832 872 889 iura
899 826 1295 885 consuetudine
1323 827 1526 898 optima
1546 823 1730 898 legum
1757 824 1840 879 in-

244 930 491 994 terprete
520 923 840 978 confirmata
869 925 1017 975 sunt.
1049 919 1183 976 Nam
1219 914 1525 972 communis
1554 913 1835 971 Ecclesiae

244 1030 389 1070 usus
418 1012 601 1082 habet,
631 1016 705 1069 ut·
722 1007 1030 1067 huiusmodi
1060 1009 1206 1080 leges
1228 1006 1410 1063 civiles
1430 1021 1463 1062 a
1483 1005 1699 1062 clericis
1724 1020 1840 1061 ser·

244 1112 470 1174 ventur,
498 1119 607 1160 non
648 1109 870 1175 propter
912 1101 1181 1168 timorem,
1212 1095 1305 1154 sed
1347 1097 1575 1152 maxime
1616 1102 1841 1168 propter

245 1195 661 1262 conscientiam,
692 1198 885 1249 contra
912 1205 1078 1263 quam
1106 1203 1293 1246 omnes
1322 1187 1559 1244 timorati
1585 1186 1843 1243 ecclesia-

246 1286 370 1342 stici
399 1300 559 1358 agere
588 1283 854 1353 credunt,
886 1282 931 1337 si
960 1280 1091 1337 tales
1127 1278 1271 1351 leges
1304 1293 1407 1334 non
1438 1277 1760 1349 observent3
1793 1283 1849 1334 et

246 1375 339 1432 alii
366 1377 515 1433 cives
542 1389 712 1448 grave
746 1370 1065 1428 scandalum
1104 1375 1455 1440 paterentur,
1487 1369 1531 1424 si
1568 1368 1835 1440 viderent,

247 1464 386 1521 tales
428 1464 572 1536 leges
613 1477 647 1518 a
683 1460 899 1518 clericis
939 1476 1045 1516 non
1088 1459 1319 1530 servari,
1365 1465 1427 1515 ut
1469 1458 1709 1514 triticum
1751 1473 1845 1513 ca-

243 1555 365 1611 rius
395 1553 589 1621 vendi,
622 1567 787 1625 quam
816 1551 931 1623 lege
961 1557 1200 1608 taxatum
1228 1549 1328 1619 sit,
1362 1548 1445 1605 vel
1480 1547 1609 1620 quid
1648 1547 1839 1605 simile.

239 1649 421 1712 Quam
436 1641 890 1700 consuetudinem
906 1640 1328 1715 antiquissimam
1344 1655 1465 1696 esse
1482 1636 1759 1708 colligitur
1779 1653 1843 1694 ex

242 1732 591 1791 'l'heodoreto
620 1731 712 1788 lib.
744 1737 799 1790 4.
833 1730 1023 1788 histor.
1055 1745 1177 1802 cap.
1208 1732 1263 1800 7,
1290 1730 1378 1786 ubi
1406 1728 1471 1785 de
1502 1729 1705 1784 sanctis
1732 1729 1847 1799 epi-

245 1823 437 1896 scopis
466 1829 524 1880 et
551 1820 925 1878 sacerdotibus
954 1822 1029 1877 ait
1056 1822 1379 1891 imperator:
1406 1820 1626 1875 Sancte
1644 1821 1700 1873 et
1722 1819 1842 1873 sin-

241 1931 379 1971 cere
420 1919 547 1972 tum
587 1910 944 1970 mandatum
964 1913 1373 1986 praepotentis
1400 1911 1575 1981 Reqis
1604 1909 1717 1966 Dei
1747 1907 1842 1963 ob-

241 2009 508 2070 servant,
536 2008 664 2060 tum
690 2005 835 2058 meis
863 2000 1087 2074 leqibus
1115 2000 1531 2074 obsequuntur.

329 2097 381 2152 7.
416 2096 575 2152 Ratio
606 2108 733 2149 vero
764 2107 872 2149 non
899 2090 1053 2148 facile
1082 2091 1351 2148 redditur.
1376 2090 1555 2146 Prima
1581 2089 1833 2162 est,quia

246 2185 385 2242 licet
414 2183 498 2240 lex
526 2183 696 2240 civilis
732 2196 831 2253 per
870 2197 928 2236 se
968 2196 1073 2237 non
1114 2179 1316 2254 obliget
1351 2179 1623 2252 clericos,
1666 2179 1829 2235 etiam

246 2273 439 2348 quoad
467 2276 579 2330 vim
604 2273 926 2330 directivam
953 2287 1019 2328 ex
1046 2269 1267 2328 defectu
1294 2271 1574 2342 potestatis
1603 2311 1617 2340 ,
1662 2275 1724 2326 ut
1750 2270 1831 2324 vi-

247 2364 421 2421 detur
448 2362 679 2436 probare
706 2361 937 2419 obiectio
960 2361 1123 2430 facta,
1149 2359 1494 2418 nihilominus
1522 2359 1695 2431 posita
1715 2360 1833 2431 lege

247 2456 437 2527 civili,
471 2457 647 2512 oritur
687 2453 939 2525 obligatio
978 2451 1027 2509 id
1070 2449 1359 2518 servandi,
1402 2448 1548 2522 quod
1590 2449 1678 2506 illa
1721 2449 1836 2521 lege

249 2547 658 2618 praescriptum
701 2551 817 2613 est,
846 2558 912 2598 ex
944 2543 991 2598 vi
1018 2540 1241 2598 rationis
1268 2539 1529 2596 naturalis
1553 2539 1832 2610 dictantis,

250 2643 471 2708 partem
500 2651 607 2692 non
636 2634 834 2691 debere
861 2631 1177 2689 discordare
1204 2647 1235 2686 a
1264 2637 1400 2688 toto.
1432 2631 1502 2686 Et
1526 2629 1833 2701 explicatur

248 2727 337 2783 vis
370 2725 623 2794 rationis,
654 2723 782 2796 quia
812 2721 1052 2778 membra
1078 2719 1406 2794 reipublicae
1443 2721 1648 2776 ratione
1679 2728 1843 2775 natu·

249 2818 353 2874 rali
384 2815 697 2889 obligantur
727 2813 795 2870 ad
823 2829 889 2870 ea
914 2812 1209 2882 servanda,
1240 2827 1380 2884 quae
1415 2809 1481 2866 ad
1514 2810 1838 2867 convenien-

250 2915 369 2966 tem
399 2904 647 2963 ordinem
674 2910 731 2960 et
750 2918 940 2975 pacem
969 2901 1303 2974 reipublicae
1346 2909 1479 2957 sunt
1504 2902 1830 2970 necessaria3

252 2997 351 3053 sed
366 2996 555 3052 clerici
578 3000 705 3051 sunt
727 2993 970 3050 membra
983 2992 1309 3064 reipublicae
1329 2991 1523 3062 civilis,
1548 2998 1678 3049 sunt
1698 2991 1839 3047 enim

250 3087 405 3144 cives
421 3128 436 3159 ‚
472 3094 532 3143 ut
559 3085 661 3142 late
683 3084 925 3156 disputat
951 3083 1118 3140 Felin.
1144 3084 1198 3139 in
1223 3080 1371 3139 dicto
1392 3097 1514 3153 cap.
1540 3080 1837 3151 Ecclesia,

250 3194 411 3234 num.
454 3181 523 3235 69
542 3215 559 3247 ,
590 3177 717 3248 quia
744 3175 907 3231 etiam
936 3174 1037 3245 ipsi
1064 3173 1305 3247 indigent
1332 3174 1735 3246 communitate
1762 3174 1843 3228 ci-

252 3268 343 3324 vili
374 3274 429 3325 et
454 3266 671 3338 politica
699 3265 766 3322 ad
790 3265 953 3321 buius
984 3264 1120 3321 vitae
1147 3264 1619 3322 conservationem
1637 3305 1653 3336 ,
1685 3271 1741 3320 et
1768 3263 1836 3321 ad

252 3359 405 3415 hunc
444 3358 603 3414 finem
633 3357 897 3413 uniuntur
924 3369 1055 3411 cum
1083 3354 1237 3411 laicis
1261 3354 1314 3410 in
1338 3370 1447 3410 uno
1475 3370 1706 3427 corpore
1741 3371 1836 3426 po-

252 3449 408 3506 litico
436 3489 453 3519 ,
491 3464 589 3504 seu
626 3447 679 3503 in
717 3461 825 3503 una
852 3445 1107 3518 civitate;
1154 3452 1284 3501 sunt
1309 3459 1438 3518 ergo
1466 3445 1657 3516 cives,
1700 3459 1835 3518 ergo

253 3541 421 3596 etiam
449 3539 555 3610 ipsi
585 3529 839 3595 tenentur
866 3536 983 3594 iure
1011 3541 1240 3592 naturae
1267 3533 1336 3592 ad
1374 3550 1439 3594 ea
1458 3575 1473 3604 ,
1518 3550 1661 3608 quae
1690 3550 1841 3592 com-

251 3633 408 3688 muni
452 3629 590 3686 bono
635 3628 751 3684 talis
792 3627 1037 3699 corporis
1080 3626 1390 3682 necessaria
1428 3633 1580 3682 sunt.
1612 3629 1681 3682 At
1715 3641 1844 3682 vero

252 3719 453 3778 talium
483 3718 667 3792 legum
696 3719 1004 3774 commun‘as
1033 3716 1338 3774 observatio
1360 3716 1520 3772 etiam
1546 3716 1602 3772 in
1630 3714 1845 3771 clericis

252 3820 342 3869 est
370 3809 676 3868 necessaria
707 3807 771 3864 ad
804 3806 1146 3879 praedictum
1172 3807 1332 3862 finem
1351 3848 1366 3877 ,
1396 3807 1527 3879 quia
1568 3821 1697 3862 cum
1727 3821 1841 3861 ma-

254 3904 393 3960 teria
424 3900 615 3958 talium
645 3899 825 3971 legum
855 3897 1162 3954 communis
1193 3897 1263 3953 sit
1288 3896 1543 3953 omnibus
1568 3937 1583 3966 ,
1632 3895 1842 3952 unifor-

252 3995 416 4050 mitas
469 3991 521 4046 in
563 3985 664 4045 illis
701 3997 789 4045 est
814 3991 1126 4044 necessaria
1152 3986 1219 4044 ad
1248 3987 1443 4044 bonam
1484 3986 1836 4060 gubernatio-

253 4099 409 4154 nem,
454 4094 643 4152 pacem
666 4119 682 4150 ,
727 4077 834 4134 imo
874 4084 931 4135 et
970 4077 1035 4133 ad
1065 4078 1299 4134 iustitiae
1326 4077 1674 4150 aequitatem.
1706 4077 1841 4132 Nam

252 4179 547 4247 postquam
577 4169 661 4225 lex
686 4168 859 4225 civilis
893 4173 1043 4224 taxat
1063 4184 1115 4222 v.
1148 4183 1203 4240 g.
1231 4167 1308 4223 rei
1335 4166 1591 4238 pretium,
1621 4165 1713 4223 illa
1734 4183 1843 4224 non

252 4266 377 4337 plus
408 4262 573 4332 valet3
613 4275 741 4331 ergo
772 4257 1037 4314 naturalis
1064 4257 1273 4316 iustitia
1296 4259 1401 4313 iam
1429 4256 1629 4329 obligat
1654 4272 1843 4314 omnes

251 4356 413 4411 etiam
457 4350 689 4408 clericos
731 4348 795 4405 ad
836 4347 985 4404 illam
1026 4347 1201 4420 legem
1240 4348 1580 4404 servandam.
1624 4349 1760 4403 Item
1796 4349 1843 4403 si

250 4445 336 4501 lex
366 4440 546 4500 civilis
582 4438 761 4496 irritet
782 4443 1168 4495 testamentum
1190 4438 1371 4492 minus
1394 4436 1652 4508 solemne,
1678 4452 1845 4508 opor-

254 4540 377 4604 tet,
418 4537 483 4588 ut
522 4536 675 4587 extra
702 4528 877 4601 legata
904 4529 990 4600 pia
1012 4567 1027 4598 ,
1064 4528 1121 4582 in
1149 4526 1397 4584 omnibus
1426 4529 1590 4584 etiam
1617 4525 1836 4582 clericis

255 4625 447 4680 locum
488 4619 717 4691 habeat,
745 4617 871 4690 quia
906 4617 1039 4674 alias
1073 4633 1179 4673 non
1206 4624 1351 4673 esset
1378 4616 1627 4674 laudibus
1653 4623 1709 4674 et
1740 4615 1844 4674 liti·-

254 4715 361 4772 bus
394 4709 730 4768 sufficienter
757 4697 1061 4779 provis'um.

338 4809 393 4861 8.
418 4803 564 4858 Haec
593 4799 737 4856 ratio
761 4804 847 4855 est
874 4797 1163 4870 probabilis
1179 4837 1194 4868 ,
1217 4804 1274 4854 et
1300 4797 1348 4853 in
1371 4795 1643 4870 aliquibus
1676 4804 1844 4855 mate-

258 4897 380 4964 riis,
398 4893 718 4964 praesertim
742 4891 795 4945 in
820 4905 1003 4946 rerum
1026 4888 1209 4960 pretiis
1232 4887 1475 4944 taxandis
1500 4895 1687 4959 posset
1708 4888 1847 4945 forte

258 4983 537 5052 sufficere,
564 4979 818 5038 tamenin
843 4979 1155 5036 universum
1180 4994 1286 5035 non
1311 4978 1523 5035 videtur
1545 4993 1706 5050 posse
1726 4994 1847 5036 esse

259 5077 585 5148 adaequata.
616 5073 797 5129 Primo
816 5113 829 5140 ‚
858 5070 985 5143 quia
1011 5070 1145 5126 ratio
1177 5068 1441 5126 naturalis
1463 5085 1571 5124 non
1599 5068 1849 5127 absolute

260 5170 435 5237 dicta,
466 5169 675 5237 partem
712 5157 961 5233 col-poris
998 5159 1200 5234 politici
1244 5161 1415 5216 teneri
1454 5159 1763 5217 confirmari
1787 5163 1842 5218 in

149 5310 158 5321 .
260 5257 554 5329 omnibus,
594 5267 695 5312 seu
730 5251 783 5310 in
812 5251 1191 5310 communium
1228 5249 1411 5324 legum
1438 5249 1839 5326 observatione,

3301 320 3423 386 283

1920 464 2015 521 sed
2042 463 2145 522 sub
2175 464 2448 539 aliquibus
2487 465 2891 524 conditionibus
2915 507 2932 538 ,
2971 466 3264 538 nimirum,
3302 467 3404 524 nisi
3437 467 3506 524 sit

1919 553 2151 627 legitime
2181 551 2586 627 excusata,'vel
2616 557 2956 628 dispensata,
2987 563 3043 613 et
3077 556 3264 614 eadem
3295 557 3504 614 ratione

1922 644 2047 700 addi
2076 647 2309 718 poterit,
2341 647 2443 702 uisi
2472 648 2543 703 sit
2573 647 2806 719 legitime
2841 653 3093 719 exempta
3115 689 3129 716 ,
3169 647 3296 720 quia
3324 661 3520 704 exem·

1920 736 2031 806 ptio
2060 735 2146 791 vel
2175 744 2261 793 est
2289 735 2557 809 quaedam
2583 736 2933 810 dispensatio,
2959 737 3043 794 vel
3073 736 3276 810 aliquid
3306 737 3501 794 maius:

1920 827 2069 882 sicut
2104 841 2239 900 ergo
2276 826 2624 899 dispensatus
2663 844 2768 884 non
2797 828 3018 884 tenetur
3046 827 3376 884 conformari
3406 831 3508 886 toti

1919 915 2055 988 legis
2082 916 2469 989 observationi,
2507 919 2580 974 ita
2621 933 2796 990 neque
2837 923 3139 989 exemptus,
3179 918 3312 975 Item
3332 933 3509 991 quan-

1919 1005 1989 1062 do
2023 1007 2075 1061 in
2107 1005 2292 1080 aliquo
2334 1007 2580 1064 membro
2617 1006 2904 1064 intercedit
2937 1008 3073 1064 ratio
3100 1049 3115 1078 ,
3155 1007 3240 1064 vel
3267 1009 3506 1066 conditio

1918 1094 2157 1164 diversa,
2191 1112 2296 1152 non
2327 1102 2545 1154 tenetur
2573 1097 2920 1154 conformare
2949 1098 3072 1169 toti,
3098 1105 3164 1154 ut
3180 1099 3370 1155 nobilis
3393 1116 3504 1156 non

1920 1193 2139 1242 tenetur
2184 1193 2404 1260 propter
2443 1187 2869 1244 uniformitatem
2915 1186 3205 1244 observare
3243 1188 3428 1261 leges,
3474 1206 3508 1246 a

1920 1276 2123 1348 quibus
2154 1285 2384 1349 propter
2413 1278 2746 1335 nobilitatem
2775 1285 3036 1334 censetur
3063 1279 3296 1353 legitime
3325 1296 3508 1338 exem·

1921 1373 2070 1440 ptus,
2101 1367 2234 1422 alias
2262 1367 2539 1439 superflua
2569 1373 2624 1424 et
2649 1366 2855 1424 nullius
2876 1371 3137 1426 momenti
3161 1377 3308 1427 esset
3325 1387 3506 1428 exem·-

1918 1459 2061 1530 ptio;
2092 1473 2224 1531 ergo
2253 1459 2495 1516 similiter
2523 1458 2726 1528 clerici,
2761 1460 2804 1515 si
2831 1466 3054 1532 propter
3077 1468 3280 1518 statum
3305 1467 3362 1518 et
3381 1477 3503 1535 spe·

1920 1546 2114 1605 cialem
2154 1549 2636 1606 sanctificationem
2661 1553 2894 1621 exempti
2923 1556 3051 1607 sunt
3078 1567 3110 1606 a
3137 1549 3346 1623 legibus
3373 1552 3506 1608 civi-

1915 1638 2059 1696 libus
2086 1679 2101 1710 ,
2146 1655 2255 1695 non
2283 1647 2448 1696 erunt
2474 1648 2697 1712 propter
2726 1641 3145 1698 uniformitatem
3175 1642 3240 1698 ad
3267 1657 3360 1698 eas
3388 1658 3509 1699 ser-

1916 1727 2122 1785 vandas
2152 1729 2406 1802 obligati,
2439 1733 2566 1803 quia
2606 1737 2734 1787 sunt
2761 1731 3004 1788 membra
3032 1733 3252 1789 alterius
3281 1733 3506 1789 rationis

1916 1835 2019 1875 seu
2048 1819 2408 1891 conditioniS,
2441 1821 2496 1876 in
2533 1819 2734 1894 quibus
2777 1820 2867 1878 illa
2908 1822 3244 1878 uniformitas
3288 1841 3392 1880 non
3421 1831 3510 1880 est

1918 1911 2250 1966 necessaria.
2281 1911 2542 1982 Accedit,
2585 1910 2735 1983 quod
2773 1911 2900 1968 licet
2939 1911 3162 1968 daretur
3196 1915 3250 1969 in
3289 1913 3506 1971 clericis

1918 1999 2183 2074 obligatio
2213 2000 2462 2058 servandi
2490 2001 2588 2056 has
2618 2001 2763 2074 leges
2787 2007 3007 2073 propter
3030 2001 3203 2059 solam
3227 2002 3510 2061 uniformi-

1918 2096 2115 2162 tatem,
2142 2089 2232 2146 illa
2259 2106 2368 2147 non
2395 2096 2539 2147 esset
2563 2091 2746 2162 gravis
2777 2106 2842 2147 ex
2873 2107 2973 2147 suo
3001 2107 3218 2163 genere,
3248 2095 3377 2166 quia
3397 2110 3508 2151 non

1916 2180 2249 2237 conformari
2280 2180 2380 2238 toti
2409 2182 2788 2238 communitati
2815 2181 2869 2237 in
2899 2182 2978 2238 his
3005 2182 3192 2256 rebus,
3214 2185 3268 2239 in
3299 2185 3501 2257 quibus

1918 2272 2049 2328 alias
2092 2270 2256 2328 homo
2294 2287 2404 2327 non
2448 2277 2667 2328 tenetur
2693 2312 2708 2338 ,
2744 2287 2852 2328 non
2889 2277 2976 2328 est
3002 2272 3180 2344 gravis
3223 2273 3385 2345 culpa
3412 2291 3501 2331 se-

1916 2362 2073 2420 cluso
2102 2360 2391 2432 scandalo;
2426 2369 2483 2418 et
2509 2361 2626 2418 ideo
2653 2361 2998 2433 dispensatus
3024 2362 3079 2418 in
3109 2362 3228 2436 lege
3257 2363 3500 2422 bumana

1918 2455 2033 2509 sine
2065 2453 2213 2508 iusta
2239 2466 2439 2522 causa,
2469 2467 2576 2508 non
2604 2458 2858 2508 censetur
2896 2466 3132 2524 peccare
3165 2455 3495 2525 mortaliter,

1916 2542 2121 2601 utendo
2148 2542 2547 2614 dispensatione
2576 2551 2632 2599 et
2657 2541 3036 2601 conservando
3061 2543 3258 2618 legem,
3283 2545 3496 2604 etiamsi

1916 2632 2123 2707 absque
2152 2649 2321 2690 causa
2347 2649 2457 2688 non
2487 2633 2864 2689 conformetur
2893 2634 3022 2704 toti,
3051 2649 3184 2706 ergo
3225 2633 3370 2693 idem
3398 2637 3502 2692 erit

1918 2739 1949 2779 a
1976 2722 2186 2778 fortiori
2215 2723 2265 2778 in
2293 2722 2532 2794 clerico,
2563 2723 2660 2796 qui
2689 2738 2756 2779 ex
2790 2738 2961 2780 causa
2989 2723 3289 2782 rationabili
3317 2742 3507 2783 cense-

1916 2818 2007 2868 tur
2041 2818 2350 2883 exemptus.
2382 2814 2669 2869 Praeterea
2709 2814 3072 2886 transgressio
3112 2814 3254 2871 illius
3283 2815 3421 2891 legis
3451 2818 3507 2874 in

1915 2901 2117 2958 clerico
2143 2917 2250 2956 non
2280 2903 2386 2958 erit
2424 2901 2810 2973 inobedientia,
2843 2903 2970 2975 quia
2996 2920 3103 2959 non
3133 2904 3403 2979 obligatur
3433 2924 3504 2966 ex

1914 2991 1965 3046 vi
1996 2991 2304 3063 praecepti,
2335 2997 2391 3048 et
2419 2997 2815 3066 consequenter
2853 3008 2961 3048 non
2989 3001 3076 3050 est
3109 3003 3306 3052 contra
3335 2999 3505 3055 virtu-

1923 3087 2027 3137 tem
2050 3080 2341 3152 specialem
2359 3121 2373 3150 ,
2406 3082 2460 3137 in
2488 3082 2648 3137 cuius
2681 3083 2903 3138 materia
2931 3090 3187 3142 versatur
3216 3086 3335 3160 lex,
3369 3091 3503 3162 quia

1914 3170 2094 3226 solum
2122 3185 2188 3226 ex
2217 3170 2268 3224 vi
2291 3169 2419 3246 legis
2441 3170 2612 3226 civilis
2639 3179 2800 3228 actus
2821 3179 2941 3228 erat
2961 3176 3304 3248 necessarius
3327 3179 3383 3234 in
3411 3179 3503 3236 tali

1914 3261 2143 3317 materia
2179 3259 2394 3317 virtutis
2421 3301 2436 3330 ,
2478 3266 2536 3318 et
2558 3261 2646 3318 lex
2674 3261 2878 3334 civiliS,
2904 3269 2966 3320 ut
2995 3266 3352 3338 supponitur,
3385 3285 3498 3326 non

1918 3349 2083 3406 habet
2119 3348 2262 3406 illam
2283 3351 2546 3408 virtutem
2575 3367 2731 3409 suam
2757 3360 3016 3426 respectu
3043 3353 3230 3412 clerici
3264 3377 3276 3412 :
3319 3373 3500 3433 neque

1914 3443 2076 3498 etiam
2104 3448 2193 3498 est
2231 3447 2424 3498 contra
2449 3442 2765 3514 caritatem,
2794 3445 2923 3518 quia
2953 3447 3310 3516 supponimus
3343 3448 3500 3506 vitari

1914 3530 2238 3588 scandalum
2267 3547 2370 3590 nec
2401 3538 2594 3589 contra
2619 3533 2882 3590 iustitiam
2918 3533 3143 3607 legalem
3169 3577 3184 3610 ‚
3226 3537 3353 3609 quia
3378 3540 3502 3597 nul-

1914 3622 2029 3679 lum
2058 3624 2312 3696 sequitur
2340 3631 2734 3682 nocumentum
2761 3638 3073 3698 commune3
3105 3643 3237 3700 ergo
3265 3636 3497 3702 nonest,

1919 3713 2060 3770 unde
2090 3711 2256 3783 culpa
2283 3713 2370 3770 illa
2397 3715 2468 3769 sit
2493 3715 2697 3786 gravis.

1993 3809 2047 3862 9.
2078 3804 2229 3862 Unde
2259 3805 2489 3861 ulterius
2537 3805 2788 3878 sequitur
2813 3845 2828 3876 ,
2868 3805 3130 3863 clericum
3177 3806 3499 3868 vendentem

1918 3896 2159 3952 triticum
2188 3895 2404 3966 carius,
2435 3909 2600 3967 quam
2640 3895 2724 3952 lex
2762 3895 2930 3952 civilis
2977 3897 3345 3970 praescribat,
3387 3916 3498 3958 non

1915 3985 2084 4044 teneri
2124 3984 2192 4041 ad
2232 3987 2632 4043 restitutionem
2658 4007 2672 4059 3
2703 3986 2852 4059 quod
2891 3994 2974 4044 est
3001 3986 3198 4045 falsum
3225 3995 3282 4046 et
3306 3997 3502 4048 contra

1917 4074 2223 4149 praedictos
2252 4082 2535 4132 auctores.
2559 4077 2628 4132 Et
2656 4076 2878 4149 sequela
2899 4084 3071 4150 patet,
3096 4079 3224 4151 quia
3245 4096 3353 4137 non
3374 4096 3504 4153 pec-

1914 4173 2007 4223 cat
2046 4170 2240 4222 contra
2279 4165 2570 4234 iustitiam,
2603 4173 2664 4222 ut
2702 4166 2991 4238 probatum
3017 4175 3137 4254 lest.
3184 4170 3300 4237 Quo
3341 4187 3504 4245 argu-

1914 4265 2099 4314 mento
2130 4262 2401 4328 urgentur
2427 4257 2622 4313 Castro
2649 4263 2705 4312 et
2745 4258 2895 4313 loan.
2927 4258 3132 4316 Medina
3154 4301 3169 4330 ,
3199 4267 3255 4316 et
3282 4276 3505 4332 respon-

1913 4347 2076 4419 dent,
2110 4361 2344 4420 peccare
2373 4353 2566 4404 contra
2594 4346 2877 4418 iustitiam,
2903 4350 3034 4420 quia
3057 4351 3332 4420 supposita
3357 4349 3499 4425 lege,

1912 4439 2022 4495 iam
2051 4438 2295 4495 triticum
2321 4453 2431 4493 non
2459 4437 2620 4502 valet,
2653 4436 2753 4493 nisi
2783 4439 2915 4494 tanti
2939 4441 2990 4494 in
3015 4439 3108 4496 tali
3128 4440 3278 4512 loco;
3303 4447 3360 4498 et
3379 4441 3500 4500 ideo

1915 4529 2103 4585 nullus
2134 4529 2557 4604 sive-exemptus
2583 4569 2598 4599 ,
2639 4527 2750 4583 sive
2785 4534 3006 4586 exterus
3035 4536 3214 4602 potest
3239 4533 3382 4588 iuste
3411 4549 3505 4590 ca-

1917 4622 2031 4677 rius
2060 4619 2192 4677 illud
2221 4618 2470 4675 vendere.
2505 4617 2613 4675 Sed
2651 4623 2882 4690 contra,
2923 4621 3054 4693 quia
3093 4620 3219 4678 licet
3253 4623 3497 4683 triticum

1914 4709 2180 4777 laicorum
2210 4714 2422 4766 taxetur
2451 4724 2546 4780 per
2581 4707 2885 4764 efficaciam
2914 4709 3034 4766 talis
3063 4710 3200 4784 legis
3225 4753 3241 4781 ,
3280 4729 3390 4769 non
3414 4719 3495 4772 ta-

1915 4815 2039 4856 men
2067 4799 2312 4856 triticum
2339 4797 2665 4855 clericorum
2687 4816 2702 4870 ς
2735 4803 2852 4854 tum
2877 4799 3006 4871 quia
3033 4800 3194 4860 etiam
3220 4800 3362 4860 bona
3387 4805 3497 4861 cle-

1915 4891 2013 4947 rici
2042 4895 2172 4946 sunt
2199 4895 2444 4961 exempta
2462 4930 2477 4961 ,
2509 4895 2625 4946 tum
2653 4888 2815 4945 etiam
2843 4891 2972 4962 quia
2994 4906 3102 4949 non
3123 4890 3337 4951 videtur
3365 4875 3500 4953 limi-

1908 4981 2019 5038 ‘tari
2046 4981 2282 5052 pretium
2311 4979 2385 5035 rei
2415 4994 2508 5052 per
2549 4979 2764 5053 legem,
2804 4979 2906 5037 nisi
2949 4988 3219 5053 quatenus
3245 4981 3498 5044 dominus

1917 5070 2189 5144 obligatur
2217 5084 2312 5143 per
2341 5069 2512 5143 legem
2539 5109 2555 5142 ,
2596 5086 2662 5126 ne
2692 5069 2874 5127 carius
2903 5072 3135 5143 vendat,
3183 5081 3238 5130 at
3263 5073 3498 5136 clericus

1918 5177 2025 5218 nou
2062 5167 2246 5234 potest
2284 5160 2356 5218 ita
2397 5159 2622 5234 obligari
2661 5159 2778 5234 lege
2818 5161 3001 5235 civili,
3043 5171 3104 5222 ut
3141 5167 3490 5243 supponitur3

1916 5268 2051 5328 ergo
2080 5267 2181 5310 nec
2207 5252 2327 5310 eius
2348 5249 2592 5310 triticum
2617 5257 2800 5327 potest
2819 5251 3032 5314 limitari
3057 5253 3237 5334 quoad
3258 5256 3496 5322 valorem
