4325 6267
1797 364 2008 413 CAPUT
2035 364 2139 411 111.

392 494 482 547 12.
513 490 665 548 Unde
707 491 1061 564 colligimus,
1109 491 1490 547 necessitatem
1533 486 1666 561 legis
1705 486 1914 544 divinae

301 578 566 651 positivae
593 594 702 636 non
720 578 892 635 fuisse
913 580 1300 635 necessitatem
1323 577 1634 633 absolutam
1649 578 1704 631 in
1724 574 1914 631 ordine

308 666 377 724 ad
407 670 568 724 tinem
597 666 1072 740 supernaturalem
1090 706 1106 736 ,
1132 666 1226 723 sed
1251 667 1420 723 tuisse
1443 664 1822 722 necessitatem
1847 678 1911 721 ea

301 757 678 828 suppositione
715 756 1080 813 institutionis
1110 756 1433 831 synagogae
1451 795 1467 827 ,
1494 754 1578 809 vel
1608 751 1910 823 Ecclesiae,

303 851 565 917 respectu
597 845 760 903 cuius
787 846 1002 903 censeri
1033 851 1216 917 potest
1241 846 1541 902 necessitas
1565 843 1907 915 simpliciter,

307 936 441 993 licet
485 941 740 1007 respectu
781 935 951 1005 ipsius
991 936 1111 990 linis
1139 936 1208 991 sit
1237 936 1420 1007 potius
1448 932 1514 991 ad
1543 933 1738 989 melius
1763 948 1909 998 esse,

301 1033 360 1083 et
395 1025 462 1083 ad
493 1027 754 1083 maiorem
787 1025 1069 1082 hominum
1095 1024 1549 1087 instructionem,
1575 1021 1656 1077 vel
1689 1027 1914 1093 propter

300 1130 498 1171 eorum
531 1114 750 1170 nimiam
781 1114 1136 1186 caecitatem,
1160 1120 1216 1169 et
1243 1113 1568 1184 depravatos
1597 1126 1814 1183 mores,
1841 1108 1910 1165 ad

303 1202 652 1261 cohibendos
677 1203 800 1260 illos
817 1241 833 1274 ,
863 1203 944 1260 vel
969 1208 1192 1275 propter
1213 1204 1474 1259 maiorem
1499 1200 1908 1273 perfectionem,

303 1300 365 1350 et
395 1293 580 1351 lumen
621 1292 688 1349 ad
718 1291 1110 1364 perfectionem
1143 1292 1364 1349 virtutis
1399 1297 1456 1349 et
1496 1290 1798 1347 sanctitatis
1827 1304 1913 1343 as-

306 1381 667 1456 sequendam.
704 1382 858 1439 Ratio
885 1388 1004 1443 est.
1025 1381 1156 1454 quia
1178 1379 1297 1438 licet
1333 1380 1516 1453 aliqua
1541 1378 1624 1435 lex
1647 1393 1912 1451 superna·

305 1470 532 1540 turalis,
567 1472 716 1527 sicut
753 1477 810 1527 et
845 1469 1286 1542 supernaturalis
1312 1468 1550 1541 cognitio
1571 1509 1586 1538 ,
1614 1467 1785 1525 suerit
1813 1482 1908 1523 ne-

303 1560 582 1627 cessaria,
614 1558 873 1616 sufficere
904 1564 1120 1630 poterat
1148 1557 1264 1629 illa,
1295 1572 1434 1629 quae
1464 1564 1549 1613 est
1577 1564 1910 1613 connatura-

306 1648 375 1705 lis
415 1650 516 1721 ipsi
543 1648 779 1724 gratiae,
813 1648 1114 1704 necessitas
1151 1662 1284 1721 ergo
1320 1645 1552 1703 addendi
1581 1644 1804 1702 alteram
1837 1646 1910 1701 le·

303 1754 433 1812 gem
473 1740 758 1811 positivam
789 1742 910 1794 orta
935 1743 1022 1794 est
1047 1752 1112 1794 ex
1143 1735 1406 1807 peculiari
1429 1736 1765 1793 institutione
1785 1751 1908 1792 cor-

303 1829 456 1901 poris
491 1828 712 1903 mystici
750 1827 1073 1899 spiritualis,
1108 1832 1170 1883 ut
1199 1827 1278 1882 sic
1317 1826 1517 1883 dicam.
1549 1826 1666 1893 Qua
1696 1825 1911 1882 institu-

305 1920 466 1975 tione
494 1917 812 1991 supposita,
845 1922 1076 1988 possunt
1104 1918 1308 1988 optime
1339 1916 1600 1989 applicari
1628 1930 1757 1971 cum
1787 1930 1914 1986 pro-

305 2009 561 2079 portione
597 2007 832 2063 rationes
858 2005 916 2061 d.
948 2005 1186 2061 'rhomae
1217 2004 1284 2061 acl
1308 2004 1446 2060 hanc
1477 2005 1650 2076 legem
1674 2003 1911 2062 divinam

309 2097 624 2169 positivam.
660 2096 806 2163 Quae
850 2095 1079 2151 ulterius
1120 2092 1386 2151 subdividi
1419 2093 1560 2150 solet
1589 2094 1641 2149 in
1671 2099 1908 2149 veterem

301 2192 366 2241 et
405 2200 638 2241 novam:
681 2199 850 2258 quam
894 2184 1242 2254 partitionem
1288 2184 1340 2238 10
1375 2182 1465 2238 1111.
1499 2182 1588 2238 lx.
1623 2188 1677 2240 et
1705 2183 1768 2237 Χ.
1802 2180 1909 2238 late

307 2290 508 2331 sumus
537 2272 878 2346 explicaturi.
1575 2314 1584 2321 .

399 2368 484 2421 13.
519 2364 782 2433 Superest
817 2360 1110 2419 dicendum
1143 2360 1210 2418 de
1241 2361 1358 2434 lege
1387 2360 1616 2433 positiva
1647 2359 1908 2431 humana,

307 2468 452 2527 quae
482 2454 554 2509 ita
576 2452 962 2510 denominatur
984 2467 1013 2508 a
1038 2452 1282 2524 proximo
1308 2452 1601 2523 principio,
1629 2448 1773 2506 unde
1797 2464 1914 2505 ma-

307 2550 423 2599 nat.
454 2544 574 2601 Non
612 2544 754 2599 enim
792 2541 995 2599 dicitur
1025 2542 1108 2598 lex
1140 2541 1414 2611 humana,
1446 2540 1573 2611 quia
1603 2539 1912 2595 hominibus

304 2632 563 2705 imposita
591 2633 693 2703 sit,
723 2646 826 2687 nec
863 2632 995 2702 quia
1025 2631 1074 2686 in
1105 2629 1208 2686 illis
1233 2632 1337 2696 sit,
1369 2634 1431 2686 ut
1459 2631 1516 2685 in
1549 2628 1662 2699 his,
1691 2630 1784 2700 qui
1815 2643 1911 2699 per

309 2722 458 2778 illam
498 2720 840 2796 gubernandi
881 2725 1039 2793 sunt,
1086 2717 1214 2791 quia
1241 2718 1368 2774 licet
1397 2720 1500 2776 hoc
1531 2732 1587 2773 re
1617 2732 1746 2772 vera
1775 2732 1910 2772 con-

309 2812 494 2868 veniat
531 2809 660 2866 huic
695 2808 834 2881 legi,
867 2824 974 2865 noa
1013 2813 1097 2864 est
1133 2810 1416 2879 proprium
1444 2808 1563 2863 eius
1585 2848 1600 2875 ,
1631 2804 1726 2863 sed
1757 2821 1911 2861 com-

306 2916 477 2957 mune
505 2906 591 2957 est
620 2898 766 2956 omni
798 2897 935 2972 legi,
963 2898 1032 2955 de
1059 2914 1172 2971 qua
1199 2904 1529 2970 tractamus,
1563 2897 1676 2953 sive
1703 2895 1908 2966 divina,

306 2990 422 3045 sire
459 2989 726 3047 naturalis
767 2988 856 3044 sit.
888 2986 1040 3047 Unde
1080 2987 1389 3045 secundum
1418 2988 1566 3044 illam
1592 2986 1909 3044 denomina-

306 3080 512 3137 tionem
553 3079 985 3151 distingueretur
1025 3078 1210 3149 potius
1249 3077 1332 3134 lex
1377 3076 1608 3134 humana
1651 3076 1718 3133 ab
1746 3091 1912 3149 ange·

306 3170 414 3227 lica
433 3211 449 3241 ,
481 3169 534 3226 id
556 3174 642 3226 est
671 3183 704 3225 a
735 3169 852 3240 lege
884 3168 1090 3243 angelis
1117 3168 1366 3240 imposita
1385 3210 1400 3238 ,
1424 3166 1492 3224 de
1525 3182 1634 3239 qua
1665 3182 1772 3222 non
1805 3172 1914 3223 tra-

306 3259 718 3316 ctamus..ltem
759 3272 869 3314 non
909 3256 1112 3313 dicitur
1153 3256 1238 3313 lex
1281 3255 1522 3313 humana
1561 3270 1626 3311 ex
1657 3254 1910 3325 materia,

305 3350 440 3421 quia
472 3346 725 3403 videlicet
760 3345 827 3403 de
865 3346 1032 3403 rebus
1075 3346 1358 3417 humanis,
1385 3352 1444 3401 et
1475 3360 1580 3399 000
1610 3344 1804 3399 divinis
1832 3342 1912 3402 se·-

311 3444 504 3508 ratur3
535 3451 660 3492 nam
701 3434 834 3493 licet
873 3435 1105 3492 sortasse
1149 3434 1282 3491 haec
1322 3434 1684 3490 denominatio
1711 3434 1912 3492 cadere

307 3526 485 3598 possit
515 3526 566 3581 in
593 3524 791 3597 legem,
823 3540 990 3598 quam
1019 3523 1326 3597 philosophi
1349 3523 1642 3579 humanam
1665 3524 1912 3580 nomina-

310 3624 476 3688 runt,
507 3631 569 3671 re
605 3631 736 3671 vera
775 3631 884 3671 non
919 3622 1006 3671 est
1035 3613 1102 3670 ab
1127 3614 1206 3671 eis
1235 3614 1472 3683 intenta,
1503 3628 1605 3668 nec
1633 3620 1720 3669 est
1753 3612 1912 3669 adae-

307 3713 476 3778 quata
499 3748 514 3777 ,
545 3706 674 3777 quia
705 3704 788 3761 lex
817 3703 1056 3760 humana
1087 3702 1248 3759 latius
1277 3707 1458 3774 patet,
1491 3707 1555 3758 ut
1584 3700 1908 3757 videbimus.

307 3794 520 3851 Dicitur
555 3807 692 3866 ergo
727 3792 964 3848 humana
993 3791 1078 3848 lex
1106 3833 1121 3863 ,
1151 3792 1278 3863 quia
1311 3790 1554 3862 proxime
1581 3790 1652 3864 ab
1680 3789 1914 3846 homini-

311 3885 416 3940 hus
447 3883 664 3941 inventa
691 3890 748 3941 et
781 3886 954 3954 posita
978 3888 1082 3938 est.
1109 3880 1238 3937 nico
1259 3877 1444 3937 aut'em
1460 3882 1756 3951 proxime,
1786 3880 1913 3952 quia

309 3972 732 4045 primordialiter
774 3972 949 4027 omnis
991 3971 1074 4027 lex
1119 3970 1355 4027 humana
1399 3968 1684 4025 derivatur
1729 3969 1912 4042 aliquo

311 4062 476 4119 modo
506 4077 536 4117 a
566 4060 683 4134 lege
713 4068 965 4131 aeterna,
997 4062 1151 4116 iuxta
1179 4056 1342 4115 illud:
1370 4060 1488 4115 Per
1513 4074 1607 4113 me
1635 4073 1796 4131 reyes
1821 4073 1916 4115 re·

311 4156 533 4225 quant,
550 4148 847 4257 ,ewm
870 4147 1202 4244 cgnditores
1229 4149 1394 4204 iusta
1413 4146 1753 4213 decemant,
1785 4148 1916 4203 Pro-

313 4241 469 4298 verb.
518 4247 585 4314 83
627 4246 682 4296 et
722 4236 904 4312 quoad
929 4232 1038 4294 irim
1065 4236 1332 4309 obligandi
1362 4244 1546 4294 manat
1583 4253 1615 4292 a
1643 4244 1914 4307 potestate

314 4332 420 4387 Deo
449 4329 580 4385 data
601 4371 616 4402 ,
644 4330 771 4401 quia
799 4343 916 4383 non
942 4332 1028 4384 est
1051 4330 1340 4401 potestas,
1371 4330 1488 4383 nisi
1510 4343 1552 4383 a
1581 4329 1716 4391 Deo,
1750 4329 1912 4385 Rom.

322 4424 406 4478 13.
437 4419 802 4477 Nihilominus
843 4424 1022 4474 tamen
1054 4415 1138 4473 lex
1167 4417 1284 4489 ipsa
1303 4426 1485 4490 ,quae
1515 4416 1754 4473 humana
1781 4417 1912 4474 dici-

313 4516 437 4581 tur,
469 4512 633 4565 actus
655 4513 744 4565 est
765 4506 996 4562 hominis
1012 4544 1028 4570 ,
1055 4512 1112 4561 01
1141 4505 1211 4562 ita
1233 4503 1415 4563 abillo
1437 4508 1684 4576 proxime
1711 4505 1912 4575 fertur,

313 4606 370 4656 et
407 4597 534 4655 inde
574 4598 808 4654 humana
851 4602 1103 4653 vocatur.
1148 4596 1236 4651 Sic
1266 4593 1402 4653 dixit
1427 4595 1635 4651 Plutar.
1671 4596 1725 4651 in
1755 4596 1918 4652 Com·

189 4676 200 4690 ⁹
313 4696 548 4745 mentar.
575 4689 628 4743 in
653 4686 896 4759 principe
919 4685 1122 4757 requiri
1144 4682 1474 4741 doctrinam.
1503 4686 1752 4742 Iustitia
1772 4683 1916 4759 leqis

311 4784 398 4837 est
408 4778 566 4851 finis
579 4796 599 4844 ,·
623 4775 726 4833 lea:
745 4778 950 4833 autem
965 4776 1256 4847 principis
1281 4789 1425 4847 opus
1446 4791 1464 4837 ,·
1483 4776 1762 4847 princeps
1784 4788 1918 4829 vero

315 4870 422 4924 Dei
438 4862 838 4922 simulacrum
853 4861 1342 4920 administrantis
1360 4864 1656 4918 universa.
1681 4863 1752 4918 Et
1766 4864 1912 4934 Aug.

313 4956 403 5013 1111.
433 4954 508 5011 de
545 4968 693 5011 vera
730 4951 904 5025 reliq.
934 4968 1058 5022 cap.
1103 4956 1204 5010 31:
1243 4950 1558 5021 Conditor,
1599 4951 1802 5024 inquit,
1834 4949 1917 5009 10-

313 5062 454 5119 90111
481 5040 906 5117 temporalium
923 5086 937 5109 ,
969 5045 1022 5098 si
1047 5043 1144 5098 vir
1171 5040 1352 5099 bonus
1370 5045 1457 5097 est
1477 5046 1533 5097 et
1551 5043 1810 5115 sapiens,
1837 5040 1916 5098 le-

315 5150 444 5208 90111
485 5138 800 5191 aeternam
839 5128 1123 5198 consulit,
1165 5134 1226 5186 ut
1264 5128 1590 5188 secundam
1629 5134 1761 5188 eius
1803 5132 1916 5188 im·

317 5222 632 5282 mutabiles
669 5218 908 5295 requlas
925 5266 938 5288 ,
973 5220 1118 5293 quat
1154 5224 1234 5279 sit
1264 5236 1382 5295 pro
1421 5225 1680 5295 tempore
1718 5220 1917 5279 iuben-

3418 350 3501 417 13

1984 484 2130 542 dum
2159 484 2590 561 vetandumque
2616 486 2937 547 discernat.
2972 490 3039 547 Et
3070 496 3233 547 tract.
3271 496 3323 551 6.
3355 493 3406 548 10
3436 494 3583 552 loan.

1982 572 2145 646 dicit,
2192 576 2361 631 Deum
2402 592 2498 648 per
2548 577 2904 649 imperatores
2951 573 3297 636 distribuisse
3344 581 3586 641 humano

1987 665 2175 737 generi
2215 664 2331 721 iura
2364 664 2623 722 humana.
2654 668 2751 721 Est
2779 684 2913 742 ergo
2944 669 3025 727 lex
3060 670 3295 729 bumana
3321 690 3463 745 opus
3492 672 3588 730 ho'·

1990 754 2147 809 minis
2166 796 2181 827 ,
2212 754 2279 811 ab
2305 756 2425 811 eius
2454 762 2729 827 potestate
2754 765 2811 814 et
2851 758 3140 830 prudentia
3184 763 3429 833 proxime
3473 780 3588 819 ma·

1985 860 2154 915 nans,
2187 850 2241 901 et
2284 850 2543 917 tanquam
2590 846 2775 919 regula
2814 852 2869 903 et
2910 864 3167 906 mensura
3205 854 3585 921 operationum

1985 932 2217 990 subditis
2250 936 2447 1006 posita.

2075 1025 2157 1079 14.
2194 1022 2349 1081 Unde
2378 1025 2539 1081 etiam
2570 1025 2727 1082 facile
2748 1030 3147 1099 constat,quae
3170 1028 3240 1083 sit
3261 1028 3581 1100 necessitas,

1983 1110 2066 1165 vel
2098 1110 2303 1167 utilitas
2332 1110 2499 1169 huius
2530 1113 2683 1187 legis.
2718 1116 2790 1173 Ut
2813 1114 2956 1170 enim
2990 1118 3202 1172 notavit
3221 1114 3277 1171 d.
3302 1117 3493 1173 Thom.
3521 1134 3581 1192 q.

1984 1202 2048 1257 91
2076 1240 2090 1267 ,
2121 1215 2174 1255 a.
2210 1204 2240 1258 3
2260 1240 2275 1271 ,
2308 1202 2607 1259 necessitas
2638 1210 2819 1260 manat
2844 1218 2912 1261 ex
2938 1219 3036 1276 eo,
3067 1203 3216 1276 quod
3248 1205 3332 1262 1011
3360 1217 3587 1264 natura-

1984 1288 2049 1343 lis
2089 1288 2173 1343 vel
2210 1288 2391 1346 divina
2426 1292 2700 1363 generalis
2736 1298 2852 1361 est,
2892 1298 2947 1349 et
2974 1292 3157 1349 solum
3197 1295 3585 1366 complectitur

1981 1376 2253 1448 quaedam
2291 1379 2551 1452 principia
2596 1397 2811 1438 morum
2844 1396 2941 1453 per
2968 1396 3026 1438 se
3056 1388 3185 1439 nota
3206 1425 3220 1451 ,
3248 1389 3305 1439 et
3332 1383 3399 1441 ad
3429 1401 3601 1442 sum-·

1983 1480 2136 1521 mum
2174 1467 2488 1525 extenditur
2524 1469 2591 1525 ad
2630 1486 2727 1541 ea,
2758 1486 2899 1542 quae
2931 1473 3239 1529 necessaria
3265 1480 3325 1529 et
3350 1474 3587 1532 evidenti

1983 1552 2221 1611 illatione
2250 1570 2319 1612 ex
2350 1555 2453 1612 illis
2474 1559 2755 1630 principiis
2778 1568 3232 1633 consequuntur3
3261 1568 3475 1634 praeter
3500 1564 3588 1620 illa
3654 1614 3665 1628 ‚

1985 1658 2112 1699 vero
2141 1644 2317 1701 multa
2342 1646 2447 1702 alia
2476 1656 2607 1703 sunt
2630 1650 2937 1706 necessaria
2960 1651 3013 1705 in
3033 1651 3319 1722 republica
3340 1649 3581 1709 bumana

1986 1731 2052 1788 ad
2091 1732 2215 1788 eius
2258 1742 2466 1791 rectam
2508 1735 2956 1809 gubernationem
2990 1745 3045 1795 et
3086 1742 3578 1813 conservationem

1982 1819 2106 1877 ideo
2153 1824 2528 1881 necessarium
2573 1826 2701 1898 suit,
2750 1831 2808 1883 ut
2848 1842 2945 1899 per
2986 1828 3277 1884 humanam
3318 1831 3581 1888 rationem

1981 1909 2169 1983 aliqua
2194 1916 2367 1986 magis
2390 1916 2445 1969 in
2468 1916 2789 1987 particulari
2808 1916 3306 1975 determinarentur
3326 1921 3478 1977 circa
3498 1936 3586 1993 ea,

1983 2016 2124 2073 quae
2153 2017 2253 2073 per
2280 2003 2449 2060 solam
2480 2005 2742 2062 rationem
2766 2006 3076 2064 naturalem
3095 2006 3304 2064 deliniri
3329 2026 3435 2066 non
3459 2026 3587 2081 pos·

1983 2098 2148 2162 01101,
2181 2099 2235 2148 et
2276 2091 2383 2149 hoc
2428 2094 2483 2150 lit
2524 2109 2622 2166 per
2664 2095 2835 2167 legem
2878 2094 3207 2167 humanam,
3237 2104 3294 2155 et
3329 2098 3451 2155 ideo
3480 2099 3584 2157 1011

1983 2180 2138 2236 valde
2182 2186 2515 2239 necessaria.
2558 2184 2711 2241 Unde
2752 2185 2905 2242 Plato
2950 2186 3041 2242 lib.
3089 2190 3143 2244 9.
3178 2185 3445 2262 (10109111.
3477 2206 3587 2245 000

1987 2269 2146 2342 longe
2176 2285 2205 2325 a
2232 2272 2369 2328 tine:
2403 2276 2649 2329 Necesse
2674 2286 2784 2341 est,
2820 2275 2999 2347 inquit
3025 2317 3039 2346 ,
3070 2273 3223 2348 10900
3242 2276 3586 2335 hominibus

1981 2374 2217 2432 ponere,
2244 2365 2311 2417 ut
2338 2359 2661 2417 secundam
2690 2361 2843 2435 10900
2871 2368 3096 2431 vivant:
3119 2381 3265 2421 nam
3286 2368 3339 2422 si
3364 2366 3587 2441 absque

1978 2448 2073 2504 liis
2101 2451 2393 2517 vixerint,
2431 2450 2579 2507 1111111
2608 2450 2827 2522 aseris
2866 2456 3256 2511 atrocissimis
3281 2453 3587 2531 discrepa-

1979 2540 2124 2594 rint.
2158 2540 2229 2596 Et
2250 2538 2407 2595 simili
2436 2539 2597 2597 modo
2618 2540 2752 2598 dixit
2775 2543 2942 2599 Arist.
2970 2542 3060 2599 1111.
3096 2549 3141 2600 1.
3166 2543 3343 2601 Polit.
3370 2560 3495 2617 cap.
3523 2550 3583 2603 2:

1988 2629 2066 2686 Ut
2099 2627 2460 2701 perfectione
2501 2636 2807 2703 suscepta,
2844 2634 3129 2705 optimum
3158 2636 3423 2691 omnium
3450 2638 3588 2692 ani·

1983 2713 2241 2773 maltum
2284 2721 2372 2775 est
2407 2718 2619 2785 ltomo‚·
2646 2722 2737 2775 ita
2763 2722 2816 2776 si
2841 2718 3074 2778 alienas
3088 2720 3213 2794 fiat
3240 2739 3284 2780 a
3309 2721 3431 2797 1090
3456 2727 3513 2781 et
3538 2739 3583 2781 a

1979 2804 2259 2869 iudiciis,
2283 2810 2612 2881 pessimam
2645 2813 2731 2865 est
2757 2812 3025 2866 omnium
3050 2809 3439 2870 animalium.

2057 2895 2126 2951 Et
2151 2910 2221 2951 ex
2264 2903 2501 2969 utroque
2546 2895 2674 2952 licet
2710 2897 2945 2969 amplius
2990 2900 3253 2956 rationem
3284 2900 3581 2972 explicare.

1982 2988 2114 3043 Nam
2143 2985 2193 3040 in
2226 2983 2333 3043 hoc
2362 2972 2656 3058 fundatur,
2689 2986 2839 3060 quod
2868 2986 3034 3044 homo
3062 2995 3145 3047 est
3173 2990 3374 3045 animal
3408 2991 3589 3048 socia-

1981 3072 2119 3142 bile,
2163 3080 2363 3130 natura
2404 3090 2503 3130 sua
2546 3076 2829 3147 postulans
2872 3079 3036 3132 vitam
3078 3076 3294 3134 civilem
3334 3085 3394 3136 et
3431 3094 3585 3135 com·

1984 3165 2411 3219 municationem
2442 3180 2573 3221 oum
2602 3163 2721 3221 aliis
2752 3164 3058 3222 hominibus
3080 3205 3095 3235 ,
3128 3172 3183 3221 et
3212 3165 3331 3223 ideo
3360 3182 3585 3225 necesse

1980 3260 2064 3309 est
2097 3261 2156 3310 ut
2186 3262 2337 3310 recte
2370 3256 2537 3323 vivat,
2562 3270 2667 3310 non
2699 3254 2875 3311 solum
2906 3259 2967 3311 ut
2996 3256 3201 3326 privata
3224 3270 3457 3327 persona
3474 3264 3581 3328 est,

1985 3342 2079 3399 sed
2109 3344 2273 3399 etiam
2307 3350 2367 3400 ut
2393 3351 2480 3401 est
2507 3359 2635 3414 pars
2656 3343 3096 3415 communitatis3
3115 3344 3263 3417 quod
3286 3362 3351 3402 ex
3376 3345 3587 3419 legibus

1983 3433 2425 3505 uniuscuiusque
2448 3433 2867 3490 communitatis
2892 3434 3125 3491 maxime
3144 3432 3356 3507 pendet.
3378 3435 3584 3492 Deinde

1982 3529 2233 3594 oportet,
2270 3528 2331 3578 ut
2362 3522 2742 3595 unusquisque
2772 3538 2882 3579 000
2908 3529 3121 3582 tantum
3146 3524 3275 3591 sibi,
3301 3523 3397 3581 sed
3418 3524 3588 3583 etiam

1981 3612 2098 3667 asiis
2135 3612 2427 3683 consulat,
2470 3628 2663 3684 pacem
2704 3620 2761 3668 et
2798 3612 3061 3671 iustitiam
3098 3613 3403 3687 servando,
3434 3614 3585 3688 quod

1983 3702 2096 3759 sine
2127 3701 2580 3759 convenientibus
2610 3702 2820 3775 legibus
2848 3703 2959 3759 lieri
2984 3718 3091 3761 non
3115 3710 3314 3776 potest.
3344 3706 3476 3763 item
3499 3720 3591 3761 ne-

1981 3806 2138 3847 cesse
2159 3798 2243 3847 001
2260 3834 2275 3865 ,
2302 3796 2362 3847 ut
2382 3806 2475 3863 ea,
2500 3806 2641 3865 quae
2661 3790 2729 3847 ad
2753 3806 3046 3849 commune
3068 3791 3273 3848 honum
3304 3792 3587 3850 hominum

1986 3897 2084 3937 seu
2115 3879 2447 3953 reipublicae
2476 3888 2759 3953 spectant,
2782 3882 3077 3953 praecipue
3106 3882 3511 3953 custodiantur,
3536 3889 3593 3941 et

1987 3970 2385 4027 observentur:
2421 3970 2619 4042 singuli
2660 3977 2847 4027 autem
2885 3969 3133 4028 homines
3162 3978 3219 4028 et
3243 3970 3465 4029 difficile
3497 3988 3591 4030 co·

1983 4066 2264 4132 gnoscunt
2295 4060 2378 4126 id,
2411 4057 2558 4132 quod
2586 4059 2805 4131 expedit
2834 4060 2902 4116 ad
2934 4075 3225 4116 commune
3264 4059 3502 4132 bonum,
3533 4067 3591 4119 et

1987 4165 2112 4204 raro
2143 4147 2278 4204 illud
2311 4164 2408 4219 per
2438 4164 2497 4205 se
2528 4148 2843 4220 intendunt3
2876 4154 2933 4205 et
2958 4147 3076 4205 ideo
3107 4150 3447 4206 necessariae
3475 4150 3593 4207 1110-

1987 4245 2120 4295 runt
2147 4238 2294 4311 leges
2337 4237 2634 4305 humanae,
2674 4252 2817 4309 quae
2844 4238 3123 4292 communi
3153 4237 3294 4293 hono
3334 4238 3592 4295 consule-

1987 4336 2144 4399 rent,
2182 4325 2517 4383 ostendendo
2547 4325 2674 4399 quid
2706 4324 2978 4398 agendum
3008 4324 3079 4383 sit
3106 4332 3330 4399 propter
3364 4328 3467 4383 tale
3492 4327 3591 4383 bo-

1987 4434 2118 4474 num
2141 4457 2157 4488 ,
2189 4424 2246 4472 et
2272 4415 2551 4489 cogendo,
2586 4422 2647 4472 ut
2672 4416 2782 4473 fiat.
2816 4414 2969 4473 Unde
3000 4416 3166 4472 Arist.
3200 4415 3289 4472 lib.
3334 4418 3421 4487 to,
3458 4430 3584 4489 cap.

1987 4511 2050 4565 9:
2085 4505 2396 4571 Publica,
2431 4493 2641 4576 inquit,
2671 4503 3011 4577 111119οη11αο
3032 4548 3045 4571 ,
3074 4509 3251 4577 atque
3272 4521 3453 4563 caras
3478 4520 3591 4581 per

1985 4594 2138 4669 10900
2167 4596 2313 4670 fieri
2334 4596 2613 4661 00110101,
2662 4594 2849 4653 bonas
2888 4598 3089 4653 autem
3124 4610 3235 4668 per
3274 4593 3607 4661 studiosos.-

1989 4688 2220 4759 Propter
2246 4684 2393 4759 quod
2418 4686 2491 4741 ait
2514 4684 2684 4759 Cyril.
2710 4683 2800 4741 lib.
2828 4690 2882 4743 3.
2914 4688 3128 4741 contra
3148 4682 3266 4740 101.
3294 4700 3399 4741 non
3430 4684 3591 4757 longe

1987 4777 2052 4832 ab
2093 4775 2271 4831 initio:
2320 4778 2514 4849 Neque
2551 4772 2796 4830 dubium
2825 4778 2938 4840 est,
2970 4776 3113 4845 quin
3141 4771 3291 4846 10900
3320 4771 3591 4846 dirigant

1989 4862 2074 4920 ad
2092 4864 2326 4930 bonum,
2344 4867 2400 4918 et
2420 4878 2463 4919 a
2484 4860 2871 4918 deterioribus
2890 4859 3160 4918 recedere
3180 4864 3416 4933 croyait&
3438 4860 3591 4918 tonde

1986 4970 2159 5011 nemo
2176 4994 2191 5023 ,
2234 4954 2336 5025 qui
2376 4956 2569 5008 mente
2601 4949 2917 5025 praeditas
2956 4954 3059 5019 est,
3095 4949 3477 5024 redarguerit
3500 4948 3594 5007 vel

1987 5041 2146 5115 10900
2174 5040 2263 5097 vel
2290 5038 2677 5113 leyislatores.
2712 5042 2958 5095 Fuerunt
2985 5054 3117 5111 ergo
3148 5038 3292 5111 leges
3324 5042 3584 5111 positivae

1985 5139 2040 5189 et
2071 5130 2229 5189 utiles
2256 5138 2311 5187 et
2340 5130 2703 5186 necessariae.
2737 5127 2889 5187 Unde
2914 5128 3043 5184 olim
3064 5128 3283 5201 quando
3305 5129 3451 5201 leges
3476 5129 3589 5183 ina-

1986 5222 2220 5278 nimatae
2248 5217 2497 5276 conditae
2530 5233 2637 5274 non
2666 5217 2915 5291 fueraut,
2940 5216 3216 5290 principes
3242 5224 3400 5275 erant
3428 5218 3588 5291 quasi
