4325 6267
861 336 948 400 22

777 479 832 534 in
871 478 990 547 ipso
1029 477 1268 550 principe
1307 475 1483 550 legem
1521 493 1644 536 esse
1679 481 1942 538 rationem
1967 480 2088 538 eius
2110 495 2245 538 cum
2278 497 2371 536 vo·

777 564 982 622 luntate
1017 605 1034 638 ,
1074 571 1132 622 et
1175 564 1420 624 declarat
1456 566 1603 626 illam
1639 585 1762 628 esse
1801 569 2135 628 voluntatem
2172 568 2371 641 ligandi

775 653 1088 724 subditum,
1119 661 1182 712 ut
1221 671 1416 728 supra.
1449 657 1602 716 Unde
1643 659 1788 716 sicut
1822 659 2050 717 liberum
2087 659 2369 717 arbitrium

773 741 982 800 definiri
1016 742 1186 816 solet,
1217 759 1340 802 esse
1373 745 1686 805 facultatem
1717 747 2012 806 voluntatis
2039 759 2095 807 et
2120 749 2364 820 rationis3

777 833 852 890 ita
883 831 996 902 lex,
1031 847 1170 905 quae
1191 832 1476 891 arbitrium
1505 836 1761 910 principis
1789 837 2046 910 appellari
2077 837 2237 910 solet,
2260 854 2368 894 non

771 920 1040 978 immerito
1069 926 1249 992 potest
1267 924 1567 982 existimari
1587 933 1750 982 actus
1771 927 2054 1000 utriusque
2069 926 2364 984 facultatis.

857 1007 995 1066 Addi
1017 1011 1179 1068 etiam
1209 1018 1417 1083 potest,
1446 1012 1578 1071 iicet
1603 1030 1800 1072 nomen
1828 1014 1962 1088 legis
1989 1014 2286 1094 adaequate
2314 1023 2370 1074 et

774 1096 1060 1169 complete.
1083 1105 1384 1173 utrumque
1411 1108 1598 1160 actum
1627 1103 2066 1176 complectatur,
2095 1105 2369 1164 nihilomi-

778 1203 886 1244 nus
930 1187 1240 1246 secundum
1287 1190 1444 1248 aliam
1490 1192 1986 1252 considerationem
2024 1203 2134 1253 tam
2178 1203 2367 1252 actum

776 1275 1110 1349 voluntatis,
1153 1293 1322 1352 quam
1361 1280 1674 1340 intellectus
1715 1299 1874 1357 posse
1914 1284 2020 1342 dici
2061 1285 2233 1358 legem
2263 1285 2368 1342 sub

773 1365 1004 1424 diversis
1040 1369 1368 1443 rationibus;
1400 1373 1492 1430 cui
1521 1373 1684 1431 modo
1711 1373 1965 1447 loquendi
1986 1389 2093 1432 non
2122 1373 2369 1432 dissonat

777 1459 1016 1528 August.
1061 1457 1113 1514 in
1139 1456 1197 1514 d.
1233 1460 1356 1518 loco
1381 1466 1592 1520 contra
1619 1465 1936 1530 Faustum.
1971 1470 2027 1520 et
2051 1463 2368 1523 declaratur

773 1544 830 1600 in
855 1544 1006 1604 hunc
1057 1545 1302 1605 modum.
1335 1550 1472 1606 Nam
1499 1552 1543 1608 si
1571 1553 1625 1608 in
1655 1551 1770 1628 lege
1797 1552 2115 1612 attendatur
2141 1556 2223 1611 vis
2252 1571 2369 1614 mo·

775 1635 969 1706 vendi,
1007 1643 1064 1694 et
1101 1636 1220 1694 ideo
1249 1637 1334 1698 lex
1361 1639 1578 1698 dicatur
1605 1642 1686 1710 id,
1715 1644 1867 1716 quod
1903 1650 1991 1701 est
2019 1644 2070 1701 in
2099 1645 2363 1717 principe,

772 1724 925 1798 quod
955 1732 1156 1798 moret,
1179 1735 1237 1785 et
1254 1728 1456 1803 obligat
1473 1730 1544 1789 ad
1565 1732 1858 1806 agendum,
1883 1736 1964 1791 sic
1986 1734 2072 1792 lex
2093 1741 2181 1792 est
2202 1741 2365 1792 actus

777 1815 1112 1876 voluntatis:
1157 1819 1202 1874 si
1241 1827 1424 1876 autem
1465 1830 1776 1893 spectetur,
1813 1840 1880 1883 ac
1907 1825 2288 1884 consideretur
2312 1828 2363 1883 in

777 1903 899 1977 lege
927 1905 1006 1962 vis
1029 1904 1301 1980 dirigendi
1329 1908 1400 1966 ad
1425 1909 1502 1982 id,
1525 1911 1898 1984 quod·bonum
1917 1922 1974 1971 et
1993 1917 2365 1972 necessarium

775 2001 886 2064 est,
917 1995 996 2050 sic
1017 1998 1252 2066 pertinet
1269 1997 1336 2054 sd
1359 1998 1726 2072 intellectum;
1749 2010 1806 2060 et
1827 2003 2042 2060 videtur
2063 2005 2366 2062 consistere

775 2084 830 2140 in
860 2083 1060 2142 iudicio
1087 2087 1330 2158 practico
1357 2096 1416 2146 et
1443 2097 1608 2161 prout
1635 2094 1798 2148 estin
1828 2094 2100 2166 principe,
2133 2109 2241 2150 non
2272 2107 2366 2150 an-

772 2171 1024 2232 tecedere
1063 2175 1420 2247 voluntatem,
1450 2178 1545 2235 sed
1573 2180 1860 2256 subsequi,
1893 2198 1998 2242 non
2022 2181 2245 2255 quidem
2270 2199 2367 2254 per

771 2261 996 2319 modum
1030 2270 1192 2322 actus
1219 2264 1562 2338 impellentis,
1592 2270 1687 2342 qui
1709 2270 1974 2328 iudicium
1997 2287 2108 2329 non
2130 2274 2207 2328 sit
2234 2271 2364 2347 (boc

771 2349 914 2408 enim
953 2352 1086 2408 satis
1113 2352 1480 2425 improbatum
1505 2365 1593 2416 est
1614 2358 1651 2430 l,
1679 2358 1776 2417 sed
1803 2376 1899 2432 per
1923 2360 2148 2418 modum
2178 2362 2364 2420 iudicii

771 2431 998 2512 pr'actici
1029 2481 1044 2512 ,
1076 2459 1209 2517 quo,
1241 2452 1418 2502 stante
1443 2445 1820 2529 decretusne,
1853 2453 2106 2524 princeps
2134 2450 2363 2524 iudicat,

775 2527 884 2586 boc
926 2545 1052 2588 esse
1087 2533 1306 2591 omnino
1341 2525 1615 2608 agendum
1653 2555 1683 2594 a
1718 2539 1980 2611 subditis,
2009 2540 2211 2613 quibus
2239 2557 2364 2613 pro-

773 2624 964 2690 pterea
997 2621 1358 2680 intimandum
1383 2631 1471 2682 est
1499 2619 1604 2683 tale
1629 2627 1935 2686 decretum.
1969 2630 2082 2686 Hoc
2111 2633 2255 2688 enim
2284 2631 2365 2688 iu-

776 2707 984 2766 dicium
1025 2710 1286 2785 subsequi
1325 2713 1656 2773 voluntatem
1699 2717 1750 2774 in
1793 2725 1972 2776 mente
2013 2720 2271 2792 principis
2310 2720 2364 2778 in

779 2800 1046 2869 superiori
1083 2803 1266 2874 capite
1303 2801 1611 2876 declaravi,
1652 2814 1712 2864 et
1743 2804 1866 2864 ideo
1891 2806 1998 2864 sub
2019 2806 2128 2864 'bac
2159 2809 2365 2866 ratione

779 2885 886 2945 dici
914 2897 1097 2960 potest
1122 2890 1206 2948 lex
1233 2894 1440 2966 scripta
1467 2893 1518 2950 in
1547 2902 1724 2954 mente
1747 2896 1891 2967 eius,
1921 2911 1952 2954 a
1978 2913 2086 2971 qua
2115 2897 2366 2970 procedit

779 2979 956 3034 omnis
995 2978 1082 3038 lex
1121 2983 1382 3040 exterior.
1409 2983 1482 3041 Et
1505 2984 1673 3042 simile
1703 2985 1962 3044 iudicium
1979 3027 1995 3059 ,
2025 2986 2176 3060 quod
2202 2989 2364 3045 estin

775 3067 1056 3140 subiecto,
1099 3073 1206 3128 erit
1231 3077 1491 3146 tanquam
1519 3072 1604 3132 lex
1631 3075 1951 3148 participata
1979 3075 2046 3134 ab
2074 3076 2162 3134 illa
2180 3117 2197 3149 ,
2225 3092 2367 3151 quae

775 3163 864 3214 est
887 3157 940 3214 in
968 3160 1234 3232 principe.

855 3251 943 3306 12.
972 3248 1082 3305 Hae
1117 3251 1413 3309 sententiae
1449 3251 1754 3325 probabiles
1780 3261 1912 3313 sunt
1931 3297 1946 3328 ,
1976 3262 2030 3314 et
2059 3257 2251 3316 ultima
2280 3273 2366 3316 sa-

775 3335 850 3392 tis
893 3336 1063 3394 facilis
1093 3344 1153 3394 et
1189 3337 1516 3412 plausibilis3
1557 3341 1904 3402 nihilominus
1937 3352 2150 3416 tamen,
2180 3354 2246 3405 ut
2272 3347 2367 3405 ali·

777 3424 930 3500 quod
969 3425 1234 3486 iudicium
1271 3427 1344 3487 de
1383 3445 1444 3486 re
1483 3431 1893 3503 tolereremus,
1923 3437 2263 3492 secernimus
2291 3436 2366 3494 le-

771 3529 896 3586 gem
937 3515 1238 3574 naturalem
1261 3558 1276 3589 ,
1317 3525 1376 3575 et
1413 3527 1814 3592 consequenter
1852 3523 2014 3580 etiam
2053 3531 2362 3595 aeternam,

773 3603 904 3676 quia
945 3604 994 3660 in
1023 3604 1132 3661 illis
1157 3613 1246 3663 est
1269 3607 1522 3678 specialis
1549 3609 1845 3667 difficultas
1873 3611 1927 3668 in
1955 3627 2015 3668 re
2043 3611 2188 3683 ipsa,
2220 3628 2287 3670 an
2314 3618 2370 3670 et

774 3692 1052 3766 quomodo
1093 3694 1328 3753 habeant
1365 3711 1548 3754 veram
1589 3706 1647 3756 et
1685 3702 1964 3772 propriam
1998 3703 2263 3759 rationem
2293 3702 2367 3760 le-

772 3782 878 3856 gis,
902 3798 1066 3856 quam
1091 3785 1228 3842 libro
1257 3789 1510 3862 sequenti
1537 3789 1917 3846 tractabimus.
1943 3792 2205 3848 Praesens
2232 3806 2366 3867 ergo

773 3875 1149 3932 controversia
1169 3876 1352 3934 solum
1372 3885 1458 3935 est
1475 3876 1544 3934 de
1566 3878 1682 3952 lege
1701 3881 1880 3952 posita
1903 3895 2001 3953 per
2027 3881 2365 3938 voluntatem

779 3961 1014 4020 alicuius
1041 3965 1354 4036 superioris.
1387 3969 1463 4026 De
1489 3983 1598 4040 qua
1625 3957 1968 4040 certum‘est‚
2003 3971 2088 4027 vel
2113 3977 2367 4029 constare

773 4065 840 4108 ex
869 4058 1000 4110 actu
1027 4055 1256 4112 rationis
1280 4063 1340 4113 et
1359 4057 1676 4129 voluntatis,
1701 4059 1783 4116 vel
1805 4066 1958 4116 certe
1981 4077 2086 4118 non
2108 4075 2231 4119 esse
2252 4063 2366 4119 sine

775 4148 1044 4217 utroque3
1087 4145 1162 4200 ita
1204 4151 1266 4202 ut
1303 4146 1348 4203 si
1385 4153 1472 4204 est
1507 4147 1644 4205 alter
1670 4148 1888 4206 illorum
1917 4156 2157 4222 tantum,
2192 4151 2259 4208 ab
2286 4151 2363 4208 al-

778 4238 895 4290 tero
939 4233 1285 4293 nihilominus
1320 4238 1610 4295 intrinsece
1637 4238 1887 4310 pendeat.
1916 4243 2034 4299 Hoc
2059 4243 2203 4298 enim
2232 4258 2364 4299 eon-

775 4321 1008 4381 vincunt
1027 4326 1208 4381 omnia
1229 4325 1467 4384 adducta
1489 4343 1588 4399 pro
1609 4327 1826 4386 duabus
1850 4330 2038 4402 primis
2057 4332 2358 4389 sententiis.

825 4413 1032 4485 .Atque
1071 4411 1196 4471 hinc
1233 4416 1516 4473 inserimus
1553 4418 1821 4490 secundo,
1855 4426 2110 4477 neutrum
2139 4419 2361 4478 modum

775 4497 1030 4573 loquendi
1068 4501 1282 4562 illarum
1313 4505 1629 4577 opinionum
1655 4523 1816 4580 posse
1843 4507 2143 4566 efficaciter
2170 4510 2365 4581 proba-

759 4589 844 4650 .ri.
875 4592 1010 4648 Nam
1043 4594 1352 4650 testimonia
1379 4593 1620 4654 adducta
1641 4597 1692 4653 in
1715 4597 1890 4669 prima
1909 4598 2159 4670 opinione
2182 4599 2360 4656 solum

778 4680 1029 4752 probant,
1060 4679 1234 4755 legem
1263 4698 1368 4739 non
1399 4685 1524 4742 l'erri
1551 4687 1664 4742 sine
1690 4685 1990 4744 directione
2011 4688 2356 4759 prudentiae.

776 4768 928 4826 Unde
955 4768 1262 4844 philosophi
1289 4773 1360 4829 ibi
1387 4773 1626 4847 allegati,
1653 4791 1782 4832 cum
1807 4775 1982 4850 legem
2005 4779 2259 4836 tribuunt
2275 4795 2362 4836 ra-

779 4860 932 4932 tioni,
965 4875 1074 4917 non
1099 4860 1404 4934 loquuntur
1423 4863 1491 4920 de
1513 4872 1644 4922 actu
1669 4866 1997 4936 intellectus,
2021 4869 2189 4941 quiin
2216 4871 2362 4941 prin-

777 4949 898 5020 cipe
925 4951 1172 5023 sequitur
1199 4967 1268 5008 ex
1295 4953 1594 5026 voluntate,
1623 4970 1734 5027 qua
1762 4956 1882 5013 vult
1909 4954 2148 5032 obligare
2178 4955 2365 5014 subdi·

781 5043 901 5109 tos,
941 5040 1036 5098 sed
1065 5040 1132 5098 de
1160 5039 1359 5098 iudicio
1387 5043 1765 5110 antecedente,
1797 5045 2060 5118 dirigente
2083 5091 2096 5114 ,
2125 5052 2182 5102 et
2207 5047 2365 5121 quasi

777 5127 1062 5202 regulante
1099 5129 1248 5186 illam
1277 5130 1643 5204 voluntatem,
1675 5133 1855 5192 solum
1881 5136 2026 5192 enim
2049 5135 2262 5208 dicunt,
2292 5136 2363 5194 ad

777 5217 950 5291 legem
994 5235 1102 5278 non
1129 5219 1386 5279 sufficere
1412 5222 1750 5282 voluntatem
1777 5224 2059 5300 principis,
2090 5225 2191 5282 nisi
2220 5225 2363 5292 iusta

2272 357 2473 406 mmm
2500 358 2551 406 1.

2443 483 2515 538 sit
2540 487 2595 538 et
2622 487 2795 553 recta,
2826 487 2883 540 et
2908 479 3027 538 ideo
3052 479 3251 538 debere
3279 480 3409 538 oriri
3428 495 3493 538 ex
3518 485 3672 538 meto
3692 488 3748 538 et
3768 478 4028 553 prudenti

2439 570 2676 645 iudicio,
2718 571 2785 628 de
2824 587 2935 645 quo
2971 571 3171 628 iudicio
3199 576 3440 642 constat,
3470 586 3579 627 non
3606 585 3727 627 esse
3756 571 3949 643 legem,
3980 571 4029 627 si

2439 675 2537 732 per
2566 676 2649 734 se,
2676 666 2730 716 et
2762 667 2823 718 ut
2848 659 2995 732 prior
3022 659 3303 716 voluntate
3330 665 3643 731 spectetur:
3678 665 3874 716 vocant
3894 675 4029 733 ergo

2440 747 2611 820 legem
2643 755 2850 806 rectam
2878 747 3143 806 rationem
3170 747 3353 821 quoad
3384 749 3641 818 radicem,
3672 746 4031 806 sicutCicero

2438 839 2490 896 in
2520 839 2711 896 eodem
2741 838 2834 897 lib.
2864 838 2935 895 de
2960 839 3158 912 Leqib.
3190 838 3358 910 dixit,
3388 839 3644 896 virtutem
3670 853 3792 895 esse
3820 845 4029 895 rectam

2438 929 2581 986 vitae
2618 931 2905 987 rationem.
2948 930 3206 986 Rationes
3234 935 3419 986 autem
3455 928 3629 986 sactae
3656 943 3755 1000 pro
3782 927 3871 984 illa
3904 942 4027 990 aen·v

2438 1019 2609 1076 tentia
2634 1018 3005 1077 confirmando
3034 1018 3331 1088 secundam
3354 1017 3569 1075 solutae
3590 1023 3739 1073 sunt.
3763 1017 4024 1074 Testimo-

2436 1109 2523 1166 nia
2559 1124 2690 1166 vero
2726 1107 2965 1166 adducta
3002 1109 3055 1165 in
3084 1106 3327 1164 secunda
3355 1108 3621 1168 sententia
3646 1107 3699 1163 in
3730 1107 3909 1178 rigore
3934 1121 4027 1162 so·

2435 1197 2551 1254 lum
2578 1198 2833 1268 probant,
2864 1197 2996 1272 legis
3019 1196 3397 1270 obligationem
3420 1211 3637 1254 manare
3660 1213 3727 1254 ex
3751 1194 4027 1252 voluntate

2437 1285 2791 1358 legislator-ie,
2834 1302 2959 1344 nam
3002 1285 3105 1342 hoc
3134 1287 3265 1343 satis
3290 1294 3399 1358 est,
3430 1292 3495 1344 ut
3520 1285 3817 1356 observans
3842 1285 4019 1359 legem

2436 1376 2559 1446 Dei,
2596 1374 2818 1432 dicatur
2854 1375 3032 1433 lacere
3068 1375 3403 1433 voluntatem
3428 1376 3569 1446 eius,
3602 1377 3683 1432 vel
3712 1374 4051 1433 secundum*

2435 1464 2769 1524 voluntatem
2808 1465 2959 1536 eius,
2990 1470 3045 1522 et
3070 1481 3101 1522 e
3128 1474 3414 1522 converso.
3451 1465 3705 1522 Rationes
3733 1471 3917 1520 autem
3944 1463 4023 1520 fa-

2434 1559 2557 1611 ctae
2590 1569 2691 1626 pro
2730 1553 2820 1612 illa
2856 1553 3123 1610 sententia
3156 1554 3497 1626 urgentiores
3524 1553 3652 1612 mibi
3680 1552 3949 1626 videntur,
3980 1551 4025 1608 si

2434 1657 2832 1716 supponamus,
2862 1643 3037 1716 legem
3066 1658 3187 1701 esse
3214 1650 3400 1702 actum
3430 1642 3583 1700 illum
3611 1643 3865 1715 principis
3883 1681 3899 1709 ,
3926 1641 4022 1716 qui

2434 1747 2532 1804 per
2563 1749 2623 1790 se
2648 1740 2707 1790 et
2733 1733 2783 1788 vi
2810 1748 2912 1790 sua
2942 1731 3155 1789 inducit
3180 1733 3585 1806 obligationem,
3610 1739 3664 1788 et
3684 1731 3819 1806 ligat
3838 1729 4024 1788 subdi-

2434 1829 2575 1880 tum.
2617 1824 2735 1881 Dici
2778 1838 2906 1881 vero
2948 1827 3159 1894 potest,
3200 1838 3389 1880 vocem
3426 1822 3557 1896 legis
3586 1838 3693 1880 non
3720 1822 4025 1895 significare

2434 1919 2623 1969 actum
2652 1911 2929 1985 ligantem,
2960 1910 3055 1968 sed
3086 1913 3304 1984 signum
3330 1910 3479 1968 illius
3508 1918 3693 1982 actus,
3720 1911 3807 1968 vel
3834 1916 4023 1968 actum

2435 2001 2766 2073 intellectus,
2797 2016 2830 2059 a
2856 2017 2968 2075 quo
2996 2003 3241 2074 proxime
3275 2001 3383 2058 tale
3410 2003 3623 2074 signum
3652 2001 3919 2074 procedit.

2521 2096 2611 2152 13.
2654 2091 2807 2150 Unde
2846 2091 2987 2150 addo
3028 2093 3222 2160 tertio,
3254 2091 3551 2166 spectando
3580 2091 3647 2150 ad
3685 2109 3803 2166 rem
3830 2094 4020 2168 ipsam,

2434 2181 2629 2238 melius
2657 2181 2901 2255 intelligi,
2930 2189 2987 2238 et
3013 2179 3229 2238 facilius
3258 2180 3495 2252 defendi,
3526 2181 3701 2255 legem
3730 2184 4023 2242 mentalem

2435 2270 2527 2344 (ut
2552 2271 2630 2326 sic
2658 2269 2862 2343 dicam)
2904 2272 2959 2326 in
2988 2271 3105 2343 ipso
3136 2270 3439 2344 legislatore
3464 2286 3583 2328 esse
3616 2277 3801 2329 actum
3830 2274 4025 2330 volun-

2432 2359 2561 2417 tatis
2590 2361 2766 2418 iustae
2792 2365 2849 2418 et
2874 2365 3089 2431 rectae,
3128 2376 3243 2434 quo
3280 2363 3533 2432 superior
3564 2360 3683 2419 vult
3716 2362 4023 2421 inferiorem

2432 2448 2676 2522 obligare
2712 2448 2779 2505 ad
2816 2449 2923 2506 hoc
2944 2489 2960 2510 ,
2992 2447 3076 2506 vel
3112 2449 3245 2508 illud
3284 2448 3610 2506 faciendum.
3642 2451 3759 2508 Hoc
3789 2451 4024 2522 probant

2432 2538 2562 2594 mihi
2594 2540 2833 2596 rationes
2870 2540 3049 2598 sactae
3086 2555 3185 2612 pro
3222 2540 3467 2598 secunda
3492 2541 3762 2612 opinione.
3791 2544 3929 2600 Nam
3957 2542 4023 2602 li-

2403 2634 2417 2649 ·
2432 2634 2524 2685 cet
2553 2627 2685 2686 haec
2712 2627 2967 2686 voluntas
2987 2644 3095 2686 non
3118 2629 3293 2700 possit
3313 2629 3513 2688 habere
3533 2631 3787 2688 effectum
3808 2633 3861 2688 in
3884 2632 4013 2688 sub-

2430 2716 2571 2788 dito,
2592 2718 2695 2774 nisi
2714 2720 2763 2776 ei
2782 2717 3117 2776 sufficienter
3136 2725 3499 2790 proponatur,
3525 2719 3657 2777 haec
3682 2728 3866 2778 autem
3888 2736 4016 2792 pro-

2432 2806 2624 2880 positio
2648 2821 2711 2864 se
2738 2806 2919 2875 habet,
2952 2813 3015 2865 ut
3032 2807 3327 2882 applicatio
3346 2823 3549 2866 causae
3568 2807 3881 2883 obligantis,
3908 2824 4017 2865 non

2432 2902 2501 2953 ut
2520 2895 2738 2968 propria
2761 2911 2931 2954 causa
2958 2903 3017 2956 et
3040 2897 3179 2954 ratio
3206 2895 3567 2970 obligationis.

2520 2989 2603 3044 Η.
2638 2984 2841 3044 Ultimo
2882 3001 3011 3042 vero
3050 3001 3271 3057 assero,
3303 2985 3639 3058 respiciendo
3678 2985 3745 3044 ad
3786 2988 4020 3046 nominis

2434 3074 2566 3146 legis
2604 3074 3035 3145 impositionem,
3078 3074 3245 3132 videri
3280 3074 3430 3146 prius
3459 3075 3697 3146 positum
3724 3074 3793 3132 ad
3818 3078 4023 3150 signiti-

2433 3162 2673 3222 candum
2700 3171 2991 3222 externum
3017 3164 3299 3236 imperium
3317 3205 3331 3234 ,
3354 3171 3413 3222 et
3431 3165 3649 3237 signum
3674 3167 4017 3226 ostensivum

2434 3253 2731 3312 voluntatis
2759 3254 3157 3327 praecipientis.
3188 3253 3313 3339 ideo
3338 3255 3479 3312 enim
3506 3256 3671 3315 Arist.
3706 3261 3791 3314 10.
3816 3259 4012 3315 Echio.

2432 3341 2585 3414 dixit,
2612 3343 2785 3415 legem
2805 3358 2927 3400 esse
2954 3357 3262 3400 sermonem
3283 3357 3316 3400 a
3336 3344 3593 3416 sapientia
3614 3345 3943 3417 profectum,
3964 3352 4023 3402 et

2434 3431 2485 3488 in
2526 3431 2682 3488 Rhet.
2726 3431 2795 3490 ad
2836 3431 2989 3488 Alex.
3028 3430 3194 3502 dixit,
3224 3446 3345 3488 esse
3384 3448 3713 3492 consensum
3754 3435 3939 3507 populi
3966 3436 4019 3491 in

2436 3520 2655 3592 scriptis
2682 3521 2960 3592 positum,
2990 3526 3045 3576 et
3072 3519 3310 3578 Isidorus
3339 3521 3443 3578 hoc
3472 3523 3759 3595 supponit,
3782 3539 3915 3581 cum
3936 3524 4018 3582 di-

2436 3610 2537 3678 cit,
2558 3608 2735 3682 legem
2756 3625 2789 3666 a
2814 3608 3041 3682 legendo
3056 3627 3179 3668 esse
3200 3611 3423 3682 dictam,
3440 3620 3506 3669 ·et
3527 3613 3725 3671 debere
3750 3631 3869 3671 esse
3888 3615 4023 3672 scri·

2436 3705 2605 3771 ptam.
2640 3701 2795 3756 luxta
2826 3698 2967 3756 banc
2998 3715 3131 3772 ergo
3159 3702 3312 3758 vocis
3348 3702 3787 3774 significationem
3820 3705 4021 3775 optime

2434 3786 2654 3846 defendi
2698 3793 2906 3859 potest,
2952 3787 3123 3861 legem
3154 3789 3205 3844 in
3232 3790 3475 3863 principe
3502 3807 3623 3847 esse
3650 3799 3839 3849 actum
3866 3791 4021 3850 illum

2434 3878 2777 3950 intellectus,
2808 3895 2919 3952 quo
2947 3881 3195 3951 proxime
3213 3879 3384 3936 dictat
3404 3880 3579 3954 legem
3597 3887 3907 3953 externam,
3932 3883 4017 3940 vel

2432 3966 2502 4024 de
2518 3983 2579 4025 se
2602 3974 2791 4040 aptum
2814 3967 2883 4028 ad
2904 3967 3215 4026 dictandam
3241 3975 3298 4026 et
3320 3968 3675 4027 exhibendam
3694 3970 3863 4028 illam.
3883 3974 4019 4030 Nam

2434 4058 2581 4116 sicut
2618 4057 2855 4115 exterior
2894 4065 2979 4116 est
3018 4058 3173 4132 quasi
3210 4059 3452 4130 proxima
3492 4059 3682 4132 regula
3723 4059 4019 4122 voluntatis

2434 4148 2783 4205 subditorum
2800 4187 2815 4218 ,
2839 4148 2913 4205 ita
2940 4163 3073 4205 cum
3092 4148 3439 4220 proportione
3462 4147 3547 4205 lex
3567 4148 3677 4218 illa,
3700 4151 3858 4222 quasi
3876 4153 4019 4207 scri-

2434 4245 2525 4310 pta
2552 4241 2605 4294 in
2634 4237 2915 4294 intellectu
2936 4237 3219 4308 principis,
3240 4243 3327 4294 est
3346 4237 3539 4310 regula
3556 4237 3802 4296 eiusdem
3824 4233 4021 4296 volun-

2432 4330 2555 4385 tatis
2584 4327 2787 4385 subditi
2804 4368 2820 4395 ,
2850 4339 2883 4382 a
2908 4341 3018 4398 qua
3043 4326 3281 4397 proxime
3304 4327 3549 4399 procedit
3571 4328 4021 4400 regulaexterio-

2430 4417 2509 4474 ris
2535 4417 2691 4490 legis,
2708 4413 2927 4488 quando
2948 4413 3163 4472 subdito
3185 4418 3525 4487 proponitur.
3552 4416 3813 4474 Procedit
3830 4427 4019 4476 autem

2432 4506 2499 4566 ab
2538 4505 2629 4562 illa
2658 4506 2747 4578 (ut
2772 4505 2953 4576 aiunt)
2982 4519 3079 4576 per
3116 4504 3343 4562 modum
3384 4505 3606 4563 alterius
3642 4506 4015 4582 intimationis,

2431 4596 2517 4653 vel
2546 4594 2849 4669 impulsus,
2882 4595 3017 4652 haec
3048 4599 3229 4650 antem
3256 4594 3517 4653 intimatio
3536 4593 3667 4652 nihil
3688 4602 3774 4652 est
3798 4605 4021 4669 praeter

2432 4687 2762 4746 locutionem
2788 4687 3111 4742 exteriorem
3128 4721 3144 4747 ,
3166 4697 3333 4758 quam
3360 4685 3563 4758 dirigit,
3588 4692 3648 4743 et
3665 4689 3825 4759 quasi
3848 4687 4022 4746 dictat

2428 4775 2743 4835 intellectus
2784 4774 3041 4847 principis
3082 4789 3176 4847 per
3214 4773 3346 4831 illud
3384 4773 3649 4832 iudicium
3676 4776 3783 4832 iam
3814 4792 4014 4848 appro-

2430 4849 2627 4923 batum'
2662 4880 2759 4938 per
2798 4879 2957 4922 suam
2996 4863 3365 4934 voluntatem,
3396 4861 3477 4919 vel
3518 4869 3683 4934 prout
3706 4871 3793 4923 est
3816 4864 3887 4923 de
3914 4865 4013 4923 tali

2430 4961 2561 5014 actu
2579 4996 2594 5023 ,
2630 4965 2693 5012 ut
2728 4957 2839 5010 iam
2864 4953 3082 5010 delinito
3102 4994 3117 5023 ,
3146 4960 3198 5008 et
3228 4952 3451 5009 decreto
3484 4967 3581 5024 per
3606 4959 3794 5026 actum
3821 4954 4018 5013 volun·

2434 5048 2555 5104 tatis
2581 5044 2824 5104 eiusdem
2848 5043 3131 5117 principis,
3162 5049 3227 5099 ut
3254 5044 3387 5100 satis
3412 5057 3478 5100 ex
3504 5041 3670 5100 dictis
3696 5049 3930 5104 constat.
