4325 6267
824 323 954 393 324

748 469 902 543 quod
936 468 1005 527 de
1046 470 1489 531 universitatibus
1517 474 1590 533 ait
1622 474 1863 550 Felinus‚
1894 490 2056 551 posse
2082 477 2340 537 nimirum

736 560 931 619 -facere
957 567 1183 635 statuta,
1200 563 1351 638 quod
1377 564 1541 622 etiam
1568 566 1637 625 de
1667 568 2017 631 universitate
2044 568 2338 642 magistro·

738 666 897 723 rum,
922 668 1023 709 seu
1044 653 1342 727 academia,
1356 655 1441 713 vel
1470 656 1653 715 studio
1680 658 1922 731 generali
1952 658 2189 717 affirmat
2215 660 2334 737 Syl-

750 750 888 801 vest.
920 744 1088 803 verbo
1114 744 1233 816 lex,
1266 764 1326 821 q.
1358 752 1414 807 4.
1443 749 1603 819 Nam,
1646 748 1924 808 deficiente
1964 750 2341 809 iurisdictione

748 832 803 889 in
844 834 1197 894 universitate
1213 880 1228 909 ,
1268 838 1677 913 intelligendum
1706 838 1811 897 hoc
1838 846 1925 897 est
1952 840 2019 898 de
2046 846 2252 899 statuto
2279 842 2340 899 fi-

734 923 1005 997 delitatis,
1036 933 1102 984 ut
1136 926 1264 1000 dixi,
1296 934 1352 985 et
1390 936 1477 987 est
1516 930 1757 1002 optimus
1791 936 1973 988 textus
2002 931 2055 987 in
2082 948 2208 1005 cap.
2240 936 2341 989 Ex

738 1014 981 1085 litteris,
998 1018 1067 1075 de
1095 1019 1316 1076 constit.
1340 1020 1393 1075 in
1421 1019 1653 1093 princip.
1670 1020 1737 1078 ibi
1756 1038 1769 1073 ι
1792 1024 1956 1079 Licet
1972 1038 2017 1079 a
2032 1020 2196 1078 vobis
2209 1018 2340 1092 fide

739 1110 1041 1182 praestita
1060 1106 1261 1180 suerit
1296 1111 1702 1179 constitutum,
1741 1109 1834 1168 ubi
1862 1117 1980 1169 tota
2014 1112 2097 1168 vis
2132 1113 2340 1168 consti-

744 1198 971 1255 tutionis
1008 1198 1274 1257 eiusmodi
1312 1200 1539 1273 ponitur
1576 1202 1631 1257 in
1670 1202 1996 1275 iuramento,
2025 1202 2111 1259 vel
2147 1209 2334 1275 pacto,

736 1297 804 1348 et
830 1288 951 1348 ideo
982 1291 1375 1363 sustinetur,et
1399 1292 1471 1349 ita
1495 1291 1805 1364 exponitur,
1830 1300 1896 1351 ut
1916 1308 2021 1350 non
2048 1298 2342 1350 contrave·

742 1381 930 1439 niatur
963 1382 1289 1439 iuramento.
1323 1385 1379 1440 Si
1406 1398 1517 1457 qua
1552 1398 1683 1441 vero
1709 1389 1797 1442 est
1818 1384 2165 1454 universitas,
2196 1400 2336 1458 quae

740 1488 845 1529 nec
893 1472 1324 1531 iurisdictionem
1369 1473 1533 1530 habet
1576 1473 1645 1531 ad
1692 1474 1940 1532 facienda
1974 1481 2200 1547 statuta,
2231 1490 2334 1533 nec

740 1574 999 1636 pactum,
1048 1570 1146 1621 aut
1190 1564 1756 1637 compromissionem,
1806 1581 1905 1623 seu
1952 1568 2325 1624 iuramentum

736 1654 1113 1711 membrorum
1149 1655 1265 1712 eius
1292 1654 1359 1712 de
1396 1654 1477 1711 bis
1504 1655 1883 1729 observandis,
1912 1672 2055 1731 quae
2082 1674 2151 1715 ex
2175 1672 2328 1715 com·

734 1746 889 1802 muni
916 1760 1192 1803 consensu
1221 1744 1303 1801 vel
1330 1747 1598 1818 omnium,
1628 1746 1716 1803 vel
1747 1745 1988 1818 plurium
2018 1749 2329 1806 constituta

738 1835 961 1907 fuerint3
987 1835 1075 1893 illa
1100 1842 1297 1893 neutro
1327 1834 1487 1893 modo
1509 1836 1715 1909 poterit
1736 1843 2001 1910 statuere,
2029 1846 2091 1896 ut
2112 1846 2336 1897 constat

728 1924 809 1983 <le
852 1926 955 1983 bac
1002 1933 1192 1985 nostra
1222 1928 1580 1986 Universitate
1628 1928 2067 2002 conimbricensi,
2096 1938 2154 1989 et
2181 1931 2330 1989 idem

726 2018 854 2075 -l'ere
885 2018 1137 2076 existimo
1162 2020 1218 2074 in
1244 2018 1359 2076 aliis
1384 2019 1572 2076 multis
1602 2018 1903 2077 observari.

764 2148 769 2153 -
820 2112 875 2167 9.
907 2109 1171 2181 Superest
1198 2107 1493 2166 dicendum
1524 2107 1592 2166 de
1618 2109 1890 2182 capitulo,
1921 2109 2049 2167 sede
2076 2104 2329 2185 vacante,

721 2218 811 2258 —an
839 2200 1010 2273 possit
1046 2200 1228 2257 facere
1266 2200 1439 2273 legem
1466 2216 1565 2272 pro
1591 2207 1703 2258 tota
1729 2198 1987 2273 dioecesi,
2004 2218 2115 2259 non
2146 2211 2212 2260 ut
2238 2218 2332 2260 ca-

740 2294 970 2365 pitulum
1007 2298 1113 2362 est,
1145 2290 1241 2351 sed
1282 2298 1347 2349 ut
1382 2290 1807 2350 iurisdictionem
1836 2293 2199 2365 episcopalem
2231 2309 2331 2367 pro

740 2390 880 2440 tuno
909 2382 1273 2455 administrat,
1296 2384 1445 2439 iuxta
1472 2397 1597 2454 cap.
1628 2385 1781 2441 Cum
1807 2382 1969 2451 olim,
2001 2384 2067 2441 de
2096 2372 2327 2444 maiorit.

736 2480 798 2533 et
835 2474 1107 2532 obedient.
1134 2464 1203 2533 'et
1240 2489 1364 2546 cap.
1406 2474 1553 2529 unic.
1586 2474 1803 2545 eodem,
1846 2474 1899 2531 in
1942 2478 1995 2545 6,
2027 2482 2087 2533 et
2112 2492 2238 2549 cap.
2270 2480 2334 2537 Si

732 2569 1071 2642 episcopus,
1105 2571 1162 2621 et
1186 2579 1310 2635 cap.
1336 2563 1435 2620 ult.
1468 2563 1535 2620 de
1556 2562 1843 2637 supplend.
1868 2565 2069 2641 neglig.
2096 2568 2324 2639 praelat.

742 2658 796 2713 in
825 2661 881 2723 6,
920 2662 978 2712 et
1000 2652 1241 2711 Trident.
1275 2670 1413 2711 sess.
1448 2658 1543 2725 24,
1575 2670 1698 2726 ουρ.
1739 2656 1825 2713 16.
1856 2656 1915 2711 ln
1954 2671 2067 2729 qua
2101 2672 2163 2714 re
2190 2656 2330 2715 duas

741 2746 952 2802 invenio
1001 2744 1315 2801 sententias.
1344 2742 1525 2801 Prima
1570 2750 1625 2800 et
1669 2742 1823 2801 valde
1870 2747 2178 2803 communis
2223 2754 2329 2823 est,

739 2851 901 2909 posse
940 2834 1241 2908 capitulum
1282 2832 1431 2907 leges
1466 2833 1803 2906 episcopales
1828 2834 1990 2907 ferre,
2022 2851 2161 2909 quae
2190 2854 2332 2897 sem·

739 2942 839 3001 per
876 2925 1135 3001 obligent,
1180 2924 1354 2982 donec
1395 2940 1427 2981 υ
1455 2923 1788 2982 succedente
1814 2924 1865 2981 in
1891 2926 2215 2999 episcopatu
2245 2944 2332 2986 re-

734 3025 1028 3076 vocentur.
1055 3016 1200 3073 Haec
1229 3014 1333 3073 suit
1360 3016 1541 3087 opinio
1567 3013 1789 3072 Freder.
1816 3030 1932 3071 sen.
1950 3014 2001 3072 in
2028 3018 2326 3087 consil.16‚

738 3106 889 3181 quod
938 3108 1155 3179 incipit:
1194 3103 1539 3181 Capitulum
1586 3102 1883 3171 ecclesiae,
1936 3120 2103 3179 quam
2152 3109 2329 3167 secuti

622 3246 627 3258 .
738 3196 1347 3256 suntAncharr.1mol.
1367 3202 1425 3253 et
1450 3184 1651 3254 Anion.
1682 3211 1822 3269 quos
1849 3196 2035 3266 refert,
2067 3204 2124 3256 et
2151 3199 2330 3272 sequi-

724 3299 828 3347 tur
853 3289 1015 3347 etiam
1040 3287 1209 3346 Felin.
1239 3288 1296 3343 in
1326 3285 1383 3342 d.
1414 3301 1538 3358 ουρ.
1576 3287 1732 3344 Cum
1758 3301 1974 3353 omnes,
2004 3286 2070 3345 de
2098 3290 2322 3346 constit.

734 3398 795 3438 ιι.
830 3385 885 3439 9.
916 3378 1175 3453 Sequitur
1219 3377 1381 3435 etiam
1426 3376 1563 3434 Abb.
1599 3377 1649 3433 in
1698 3392 1820 3449 cap.
1858 3379 2013 3435 Cum
2060 3377 2223 3446 olim,
2260 3380 2328 3438 de

737 3471 973 3529 maiorit.
1012 3475 1068 3526 et
1104 3467 1373 3525 obedient.
1407 3484 1463 3524 n.
1495 3472 1591 3539 24,
1622 3466 1859 3543 sylvest.
1889 3468 2057 3525 verbo
2094 3472 2328 3546 capitu.-

734 3561 883 3629 lum,
921 3579 978 3636 q.
1014 3564 1069 3630 6,
1097 3566 1154 3616 et
1180 3560 1460 3615 Francisc.
1488 3558 1852 3615 Pavin.tract.
1882 3556 1955 3614 de
1984 3564 2196 3633 potest«.
2226 3578 2328 3619 ca.-

725 3652 926 3729 pituli,
964 3667 1019 3725 q.
1056 3652 1111 3721 6,
1143 3648 1440 3707 reserentes
1481 3647 1669 3722 plures
1708 3648 1863 3719 alios,
1906 3654 1962 3705 et
2000 3648 2224 3721 addens,
2268 3668 2326 3710 se

734 3760 846 3802 non
882 3739 1150 3799 invenisse
1189 3739 1481 3797 doctorem
1504 3738 1773 3795 famosum
1800 3738 2077 3797 dicentem
2103 3748 2326 3799 contra-

726 3835 903 3892 rium.
926 3832 1367 3891 Fundamentum
1386 3828 1732 3901 potissimum
1755 3836 1858 3900 est,
1872 3831 2001 3902 quia
2022 3831 2323 3903 capitulum

738 3923 991 3984 succedit
1018 3923 1068 3978 in
1098 3919 1474 3979 iurisdictione
1496 3919 1734 3993 episcopi
1759 3916 1939 3993 quoad
1964 3926 2130 3978 totam
2154 3921 2326 3981 admi-

734 4012 1119 4073 nistrationem
1148 4012 1199 4067 in
1228 4009 1599 4083 spiritualibus
1626 4015 1679 4066 et
1707 4006 2122 4080 temporalibus,
2154 4021 2220 4081 ut
2247 4011 2325 4069 di-

737 4112 875 4163 cunt
899 4105 1019 4162 iura
1048 4101 1304 4174 allegata3
1334 4115 1465 4173 ergo
1495 4102 1695 4172 potest.
1736 4096 2000 4173 quidquid
2028 4100 2323 4173 episcopus

728 4202 933 4271 potest,
964 4193 1113 4269 quod
1162 4190 1233 4249 illi
1262 4207 1367 4247 non
1397 4191 1468 4248 sit
1495 4189 1799 4263 specialiter
1825 4188 2192 4264 prohibitum,
2227 4190 2322 4251 sed

736 4282 1039 4343 concedere
1065 4282 1239 4356 legem
1267 4286 1354 4337 est
1378 4278 1447 4337 de
1472 4285 1737 4353 potestate
1757 4278 2089 4353 episcopi,et
2108 4297 2214 4341 non
2243 4283 2324 4340 in·

731 4378 947 4435 venitur
975 4373 1305 4448 prohibitum
1331 4371 1603 4444 capitulo:
1636 4387 1765 4446 ergo
1794 4387 1901 4429 non
1940 4378 2024 4430 est
2049 4370 2125 4430 illi
2161 4373 2322 4432 dene-

732 4466 995 4543 gandum.
1026 4462 1411 4532 confirmatur,
1443 4463 1570 4535 quia
1598 4466 1781 4549 potest
1804 4477 2101 4519 occurrere
2130 4478 2321 4521 neces-

732 4562 869 4616 sitas
896 4553 1207 4628 corrigendi
1238 4552 1451 4627 aliquas
1478 4568 1671 4625 pravas
1693 4550 2152 4623 consuetudines3
2183 4569 2316 4630 ergo

730 4652 911 4722 potest
938 4644 1236 4719 capitulum
1258 4657 1357 4715 per
1389 4648 1596 4699 statuta
1622 4642 1866 4715 poenalia
1892 4643 1980 4701 tali
2006 4644 2320 4703 necessitati

729 4735 1044 4811 providere-3
1074 4740 1237 4793 erunt
1275 4747 1407 4816 ergo
1448 4732 1513 4791 de
1536 4748 1593 4790 se
1620 4738 1904 4806 perpetua,
1936 4734 2067 4808 quia
2094 4732 2198 4791 hoc
2230 4743 2317 4795 est

730 4826 801 4884 de
840 4826 1045 4883 ratione
1086 4826 1295 4895 statuti,
1339 4830 1395 4881 et
1437 4823 1562 4896 quia
1606 4824 1733 4889 nibil
1761 4824 2099 4897 praeiudicat
2127 4825 2315 4884 futuro

732 4916 1017 4989 episcopo,
1046 4930 1174 4971 cum
1200 4914 1374 4987 possit
1400 4913 1489 4970 illa
1515 4929 1799 4985 revocare,
1829 4916 1873 4971 si
1906 4914 2159 4988 expedire
2187 4932 2317 4973 cen-

736 5007 926 5065 suerit.
960 5008 1040 5063 Ex
1076 5021 1187 5079 quo
1233 5006 1394 5062 etiam
1442 5002 1652 5063 addunt
1683 5006 1869 5063 Pavin.
1905 5004 2074 5063 Felin.
2105 5012 2162 5063 et
2197 5006 2312 5079 alii,

732 5114 895 5170 posse
930 5094 1231 5168 capitulum
1266 5108 1523 5153 revocare
1554 5101 1758 5153 statuta
1785 5095 2166 5168 praecedentis
2203 5099 2316 5170 epi-

635 5206 641 5214 ·
734 5186 925 5260 scopi,
976 5188 1022 5242 si
1068 5189 1358 5257 oporteat,
1396 5191 1452 5242 et
1485 5186 1760 5242 contraria
1784 5190 2047 5260 statuere,
2072 5187 2202 5261 quia
2229 5195 2317 5245 est

732 5275 977 5351 aequalis
1017 5272 1091 5333 illi
1124 5276 1179 5340 in
1214 5273 1611 5343 iurisdictione,
1652 5279 1712 5334 et
1744 5281 1829 5335 est
1862 5276 2170 5352 posterius,
2211 5292 2312 5338 seu

2211 348 2430 405 LIBER.
2439 351 2538 402 lv.

2407 486 2542 539 actu
2589 478 2737 540 illam
2771 478 2966 557 babet,
3006 481 3226 559 quando
3262 482 3404 543 alter
3447 482 3556 543 iam
3599 482 3749 543 illam
3788 485 4002 544 amisit.

2407 569 2563 639 Quod
2601 570 2646 628 si
2685 571 2941 643 obiicias,
2982 574 3114 649 quia
3155 574 3448 651 collegium
3495 574 3888 649 cardinalium,
3917 576 4008 633 vel

2407 660 2700 719 concilium
2733 664 2983 723 omnium
3029 667 3416 740 episcoporum
3443 666 3724 725 Ecclesiae
3760 675 3868 724 non
3898 683 4002 741 po·

2411 757 2550 824 test,
2595 760 2824 812 vacante
2859 739 2996 813 Sede
3030 755 3348 830 apostolica,
3380 772 3643 815 revocare
3677 758 4010 816 Pontificum

2405 838 2576 916 leges,
2621 857 2722 901 nec
2749 859 2920 902 novas
2947 846 3278 903 universales
3306 846 3490 904 facere
3515 863 3615 921 pro
3643 854 3759 905 tota
3797 846 4000 906 Eccle-

2407 932 2508 1004 sia,
2549 939 2613 990 ut
2651 950 2819 1006 supra
2856 935 3067 993 dictum
3107 944 3212 1007 est3
3241 952 3375 1011 ergo
3401 937 3546 996 idem
3575 939 3679 996 erit
3699 954 3830 998 cum
3865 954 4003 1012 pro-

2406 1022 2654 1094 portione
2699 1024 2753 1091 in
2791 1026 3056 1098 capitulo.
3087 1027 3467 1101 Respondetur
3513 1027 3756 1103 negando
3805 1045 4008 1087 conse·

2405 1113 2712 1187 quentiam,
2757 1116 2886 1189 quia
2934 1116 3579 1189 iurisdictio.Pontificis,
3627 1118 3718 1177 illo
3753 1125 4004 1191 mortuo,

2403 1215 2514 1257 non
2553 1201 2864 1262 devolvitur
2903 1204 2973 1263 ad
3010 1206 3349 1282 Ecclesiam,
3391 1208 3475 1265 vel
3515 1209 3808 1267 concilium
3837 1250 3855 1283 ,
3901 1216 4008 1267 aut

2407 1290 2699 1366 collegium
2751 1294 3139 1369 cardinalium,
3185 1299 3314 1371 quia
3353 1297 3441 1354 illa
3479 1298 3784 1355 iurisdictio
3838 1300 4010 1359 datur

2405 1380 2713 1440 secundum
2752 1384 3144 1445 institutionem
3183 1386 3441 1460 divinam,
3472 1394 3532 1445 et
3569 1391 3710 1466 Deus
3751 1387 3857 1445 hoc
3885 1405 3998 1446 non

2402 1470 2664 1531 instituit:
2697 1475 3024 1547 episcopalis
3050 1484 3234 1535 autem
3259 1477 3564 1537 iurisdictio
3594 1478 3759 1535 datur
3779 1495 3880 1552 per
3901 1478 4006 1535 ho-

2403 1560 2597 1643 mines,
2625 1574 2684 1622 et
2721 1565 2838 1623 iure
2865 1566 3104 1629 humano
3142 1574 3415 1626 statutum
3441 1575 3548 1641 est,
3580 1576 3642 1626 ut
3668 1570 4002 1627 devolvatur

2402 1646 2470 1707 ad
2499 1654 2826 1728 capitulum,
2855 1662 2914 1713 et
2937 1656 3060 1715 ideo
3090 1664 3272 1731 potest
3298 1658 3566 1731 perillam
3592 1660 3740 1733 leges
3766 1660 3933 1717 ferre.

2484 1747 2573 1801 10.
2599 1745 2852 1802 Secunda
2879 1748 3142 1805 sententia
3167 1755 3349 1824 negat,
3372 1764 3538 1821 posse
3559 1751 3861 1823 capitulum
3886 1757 4003 1808 sta-

2403 1838 2528 1890 tuta
2573 1838 2798 1907 propria
2846 1826 3116 1911 condere,
3165 1839 3216 1896 id
3253 1846 3340 1896 est
3365 1838 3661 1913 durabilia,
3689 1843 3849 1900 etiam
3877 1852 4009 1915 post

2401 1923 2636 1983 ablatam
2655 1927 2722 1984 ab
2743 1928 2863 2000 ipso
2885 1928 3127 2003 capitulo
3147 1929 3597 1989 iurisdictionem.
3615 1933 3722 1991 Pro
3743 1932 3847 1989 bac
3873 1950 4004 1991 sen·

2401 2017 2568 2073 tentia
2603 2023 2785 2089 potest
2819 2018 3040 2092 allegari
3075 2019 3266 2078 Glossa
3303 2020 3356 2077 in
3392 2037 3516 2092 cap.
3549 2022 3620 2079 Si
3657 2038 3782 2096 qwa
3805 2021 3880 2079 dc
3905 2040 4005 2081 re-

2402 2103 2527 2173 bus,
2561 2110 2652 2177 12,
2675 2124 2734 2181 q.
2760 2112 2819 2180 2,
2842 2115 3116 2182 quatenus
3144 2112 3240 2181 ait,
3271 2110 3398 2169 sede
3425 2117 3675 2179 vacante,
3693 2128 3802 2170 non
3829 2130 4000 2185 posse

2401 2196 2706 2267 capitulum
2737 2197 3026 2257 immutare
3054 2206 3324 2259 statutum
3347 2202 3622 2277 episcop-i:
3653 2219 3778 2260 nam
3797 2204 3994 2263 eadem

2399 2291 2484 2341 est
2510 2288 2650 2344 ratio
2688 2286 2756 2345 de
2797 2288 3108 2347 conditione
3135 2292 3256 2363 novi
3285 2295 3499 2363 statuti,
3531 2308 3674 2368 quae
3707 2296 3776 2352 de
3802 2296 4006 2353 immu-

2401 2376 2603 2434 tatione
2633 2380 2820 2437 statuti
2860 2381 3270 2454 praeexistentis.
3299 2384 3372 2441 Et
3395 2383 3534 2441 idem
3557 2385 3756 2442 sentire
3781 2385 4004 2445 videtur

2399 2465 2473 2523 ibi
2502 2467 2933 2528 Archid.Verum
2957 2472 3319 2543 est,Glossam
3339 2490 3446 2530 non
3474 2474 3656 2533 dicere
3679 2480 3993 2544 statutum,

2401 2562 2464 2613 ut
2489 2557 2708 2614 Felinus
2735 2559 2922 2631 refert,
2955 2560 3050 2618 sed
3080 2569 3307 2634 statum,
3333 2569 3511 2621 tamen
3535 2580 3603 2621 ex
3633 2581 3742 2623 uno
3767 2565 3996 2623 videtur

2399 2647 2552 2705 aliud
2579 2648 2781 2721 inferri,
2815 2657 2876 2708 ut
2901 2651 3039 2709 inira
3065 2652 3474 2725 explicabimus.
3499 2656 3786 2713 Praeterea
3811 2656 3988 2714 Felin.

2399 2754 2572 2811 supra
2601 2754 2656 2795 n.
2691 2744 2779 2813 10,
2803 2742 2970 2800 verbo
2997 2742 3268 2813 sectando,
3299 2745 3374 2802 ita
3399 2746 3588 2803 limitat
3608 2749 3848 2819 priorem
3875 2762 4002 2804 sen-

2399 2829 2651 2903 tentiam,
2675 2836 2739 2887 ut
2764 2830 2914 2888 illam
2939 2843 3186 2891 evertere
3214 2833 3482 2892 videatur.
3499 2837 3636 2893 Dicit
3659 2838 3828 2910 enim,
3843 2838 3997 2912 quod

2401 2920 2494 2977 ubi
2534 2936 2644 2977 non
2689 2921 3000 2980 immineret
3043 2926 3343 2982 necessitas
3371 2926 3665 3000 statuendi,
3697 2943 3808 2985 non
3833 2943 4000 3000 posse

2397 3010 2736 3083 capitulum,
2767 3009 2895 3069 sede
2922 3020 3182 3087 vacante,
3223 3014 3406 3073 iacere
3441 3022 3668 3088 statuta,
3711 3018 3841 3090 quia
3867 3017 4002 3075 deti·

2397 3101 2575 3157 ciente
2615 3103 2938 3160 necessitate
2979 3109 3136 3161 actus
3175 3110 3264 3161 est
3289 3105 3623 3164 voluntariae
3650 3105 3994 3165 iurisdictio-

2398 3192 2513 3264 nis,
2555 3192 2704 3250 iuxta
2742 3192 2989 3251 Glossam
3025 3196 3081 3251 in
3105 3192 3256 3253 dicto
3285 3198 3462 3268 capite
3495 3199 3648 3255 Cum
3675 3212 3907 3259 omnes.
3939 3203 4003 3256 et

2395 3282 2606 3355 Lapum
2645 3298 2771 3356 cap.
2812 3290 2859 3343 1.
2901 3282 2969 3340 de
3003 3286 3225 3344 constit.
3259 3288 3314 3342 in
3345 3290 3398 3344 6.
3430 3289 3501 3343 At
3526 3303 3654 3345 vero
3689 3288 3740 3344 in
3771 3288 4000 3349 iurisdi-

2395 3372 2575 3431 ctione
2615 3373 2956 3448 voluntaria,
2985 3377 3216 3433 maxime
3243 3378 3289 3431 si
3317 3384 3618 3436 concernat
3645 3384 3814 3436 totam
3843 3378 3994 3437 dioe-

2395 3463 2602 3536 cesim,
2642 3480 2753 3522 non
2799 3463 3052 3523 succedit
3096 3466 3430 3538 capitulum,
3477 3467 3628 3526 iuxta
3662 3467 3912 3527 Glossam
3941 3470 3996 3527 in

2392 3554 2656 3611 Clement.
2694 3558 2743 3625 1,
2773 3562 2806 3622 s
2843 3560 2891 3613 ι.
2921 3553 2987 3612 de
3017 3554 3277 3614 haeretic.
3306 3558 3474 3615 verbo
3509 3556 3781 3633 capituli,
3818 3575 3993 3634 quam

2395 3648 2450 3702 in
2480 3646 2588 3703 hoc
2617 3646 2867 3720 sequitur
2895 3648 3207 3704 Dominicus
3243 3648 3472 3708 18.dist.
3499 3647 3551 3704 in
3579 3665 3815 3706 summa.
3832 3649 3994 3718 Quod

2397 3736 2444 3791 si
2486 3736 2590 3793 boc
2621 3751 2812 3793 verum
2840 3744 2944 3808 est,
2979 3752 3260 3810 nunquam
3291 3740 3493 3810 poterit
3517 3739 3824 3812 capitulum
3849 3742 3995 3798 ferre

2394 3825 2592 3900 legem,
2617 3825 2746 3883 sede
2775 3832 3021 3899 vacante,
3035 3832 3154 3885 tum
3179 3828 3308 3901 quia
3333 3844 3617 3904 nunquam
3643 3846 3766 3889 esse
3793 3833 3997 3904 poterit

2393 3905 2785 3989 necessarium,
2800 3917 2930 3991 quia
2955 3916 3022 3974 ad
3050 3916 3484 3977 subveniendum
3515 3921 3771 3978 omnibus
3799 3936 3993 3980 neces-

2392 4006 2643 4064 sitatibus
2688 4008 3108 4065 occurrentibus
3151 4006 3359 4066 sufficit
3405 4009 3706 4082 temporale
3760 4026 3992 4084 praece·

2391 4103 2546 4170 ptum
2567 4140 2582 4169 ,
2627 4096 2776 4171 quod
2825 4096 2990 4156 duret
3031 4112 3210 4172 usque
3253 4097 3322 4156 ad
3355 4101 3597 4173 episcopi
3625 4102 3986 4177 creationem3

2390 4193 2510 4244 tum
2529 4188 2696 4245 etiam
2721 4188 2850 4261 quia
2873 4203 3089 4260 semper
3111 4190 3213 4246 erit
3231 4188 3437 4247 morale
3457 4189 3684 4249 dubium
3709 4191 3777 4249 de
3798 4192 3992 4251 valore

2393 4277 2510 4335 talis
2538 4278 2696 4351 legis,
2719 4278 2851 4352 quia
2877 4293 3160 4352 nunquam
3182 4285 3365 4351 potest
3387 4279 3456 4338 de
3483 4286 3634 4339 tanta
3659 4282 3992 4342 necessitate

2390 4367 2596 4427 serendi
2643 4368 2820 4443 legem
2870 4376 3212 4445 perpetuam,
3255 4379 3676 4444 nonexpectato
3700 4373 3987 4448 episcopo,

2389 4466 2667 4517 constare.

2461 4552 2618 4609 Ratio
2649 4566 2777 4607 vero
2806 4566 2836 4607 a
2864 4551 3031 4623 priori
3056 4564 3154 4623 pro
3181 4550 3284 4609 bac
3313 4558 3470 4625 parte
3497 4568 3618 4610 esse
3643 4551 3826 4627 debet,
3849 4556 3983 4628 quia

2386 4641 2516 4699 licet
2542 4641 2840 4714 capitulum
2879 4642 3149 4700 succedat
3177 4641 3228 4699 in
3267 4641 3634 4701 iurisdictione
3659 4644 3984 4720 episcopali,

2385 4748 2492 4789 non
2521 4739 2700 4789 tamen
2729 4730 3067 4805 simpliciter,
3095 4731 3190 4789 sed
3219 4733 3369 4790 iuxta
3395 4732 3468 4805 id,
3497 4733 3646 4808 quod
3675 4735 3724 4791 in
3749 4737 3872 4793 iure
3899 4743 3989 4795 est

2386 4821 2813 4897 praescriptum,
2845 4821 2956 4898 boc
2993 4828 3176 4879 autem
3202 4838 3309 4879 non
3349 4826 3514 4881 estin
3553 4826 3674 4882 iure
3711 4828 3987 4899 praescri-

2384 4920 2568 4986 ptum,
2597 4928 2751 4987 ergo.
2785 4914 3038 4970 Maiorem
3076 4914 3280 4972 indicat
3315 4912 3464 4972 dicta
3503 4916 3693 4973 Glossa
3729 4918 3785 4973 in
3827 4918 3982 4976 dicto

2383 5004 2552 5061 verbo
2576 5000 2846 5078 capituli,
2878 5002 2968 5061 ubi
3001 5003 3059 5058 in
3086 5002 3245 5060 simili
3273 5003 3442 5073 dubio
3463 5005 3532 5063 de
3559 5005 3887 5079 visitatione,
3909 5023 3980 5065 an

2381 5099 2657 5168 competat
2683 5093 2949 5167 capitulo,
2981 5091 3108 5151 sede
3133 5101 3391 5168 vacante,
3423 5097 3504 5153 sic
3531 5103 3972 5170 argumentatur:

2383 5189 2509 5244 Hoc
2537 5201 2655 5241 non
2673 5188 2759 5241 est
2782 5187 2916 5241 iure
2945 5199 3326 5259 expressum;
3347 5200 3486 5261 erqo
3512 5202 3617 5245 uec
3643 5186 3982 5246 attribuen-

2379 5275 2548 5347 dum5
2573 5274 2845 5351 habetque
2873 5273 2964 5335 hic
2993 5271 3192 5335 modus
3219 5276 3632 5352 argumentandi
3655 5278 3984 5339 fundamen-
