4325 6267
1830 370 2041 421 captu·
2066 373 2133 421 V·

3393 350 3518 415 319

348 492 499 551 linus
526 510 654 567 cap.
696 496 853 553 Cum
880 510 1097 563 omncs,
1134 494 1201 553 de
1229 498 1518 554 constitut.
1562 513 1715 555 num.
1768 501 1856 570 ll,
1896 507 1953 555 et
2016 496 2262 555 claratur
2291 498 2346 553 in
2382 511 2508 569 cap.
2539 494 2644 552 ult.
2669 493 2736 551 de
2765 493 2946 553 officio
2974 493 3162 569 legati,
3190 493 3608 552 ubiPanormit.

346 581 578 641 Archid.
609 599 675 643 ex
704 590 859 642 textu
892 586 963 641 ibi
990 586 1165 659 capite
1192 585 1259 643 de
1286 589 1724 653 consecratione.
1756 586 1946 647 distin·

345 675 533 731 ctione
562 678 616 732 3.

425 770 483 823 2.
514 764 763 823 Tertium
791 764 1021 823 dubium
1050 773 1157 837 est,
1189 765 1321 841 quid
1350 766 1647 825 dicendum
1670 768 1741 825 sit
1765 767 1833 825 de
1855 784 1951 824 su-

345 855 657 928 perioribus
680 855 957 930 praelatis,
982 864 1045 913 ut
1066 864 1197 914 sunt
1216 857 1637 931 archiepiscopi.
1666 861 1943 930 primateS,

348 962 453 1005 seu
482 946 847 1019 patriarchae.
879 949 956 1005 De
982 947 1187 1021 quibus
1211 951 1267 1005 in
1290 949 1477 1022 primis
1500 955 1717 1007 certum
1738 958 1844 1021 est,
1867 951 1949 1007 iu-

347 1053 411 1095 re
441 1040 723 1096 communi
748 1038 889 1096 idem
918 1055 1077 1110 posse
1108 1040 1160 1095 in
1188 1040 1304 1096 suis
1330 1030 1755 1112 particularibus
1794 1040 1944 1097 dioe-

348 1128 595 1195 cesibus,
626 1125 771 1201 quod
801 1128 1115 1201 episcopus,
1138 1132 1267 1203 quia
1290 1129 1505 1187 illarum
1524 1132 1767 1203 episcopi
1789 1137 1943 1188 sunt.

347 1216 553 1274 Deinde
574 1215 869 1275 dicendum
890 1224 997 1291 est,
1024 1218 1153 1276 nihil
1174 1218 1429 1292 amplius,
1453 1220 1538 1277 vel
1560 1221 1723 1293 intra,
1748 1220 1833 1278 vel
1854 1237 1948 1278 ex·

348 1312 441 1364 tra
463 1308 581 1365 illas
601 1324 785 1380 posse,
800 1308 901 1365 nisi
922 1309 1141 1381 speciali
1164 1310 1303 1383 iure,
1328 1317 1425 1367 aut
1444 1312 1787 1384 praescripta
1806 1327 1941 1369 con·

350 1392 668 1465 suetudine,
700 1398 785 1455 vel
812 1398 1089 1471 privilegio
1108 1400 1188 1455 eis
1208 1416 1541 1458 consensum
1562 1401 1651 1457 sit.
1678 1403 1755 1459 lta
1775 1402 1947 1459 sumi-

350 1492 451 1545 tur
476 1503 545 1545 ex
574 1504 699 1561 cap.
730 1493 785 1547 4.
819 1505 997 1559 usque
1022 1488 1091 1546 ad
1120 1506 1246 1561 cap.
1284 1492 1667 1564 conquestus,
1707 1495 1763 1563 9,
1795 1509 1851 1566 q·
1887 1498 1943 1563 3,

353 1584 413 1635 et
438 1594 563 1652 cap.
594 1582 731 1637 Duo
758 1578 961 1643 simul,
992 1579 1061 1637 de
1080 1583 1265 1639 officio
1284 1581 1561 1639 ordinarii.
1586 1583 1741 1640 Ratio
1764 1591 1973 1641 autem·

352 1674 461 1741 est,
490 1671 619 1743 quia
646 1670 747 1727 hae
772 1668 1085 1745 dignitates»,
1108 1678 1377 1745 quatenus
1402 1672 1711 1745 superiores
1732 1672 1953 1744 episco-

353 1761 443 1832 pis
468 1768 624 1833 sunt,
656 1761 877 1819 omnino
905 1768 1035 1819 sunt
1060 1759 1127 1817 de
1150 1761 1267 1820 iure
1290 1762 1529 1820 humano
1549 1762 1947 1837 ecclesiastico,

354 1857 415 1907 et
440 1850 563 1908 ideo
590 1851 717 1908 nihil
746 1853 958 1909 ratione
998 1852 1215 1911 illarum
1256 1852 1369 1911 lieri
1408 1858 1613 1926 potest,
1656 1855 1761 1910 nisi
1801 1852 1951 1927 quod

354 1942 671 2014 specialiter
697 1948 1027 2000 concessum
1054 1950 1159 2015 est3
1191 1944 1512 2016 praesertim
1540 1960 1669 2001 cum
1699 1945 1773 2001 ita
1798 1945 1869 2002 sit
1894 1946 1949 2000 in

354 2033 525 2091 dictis
552 2034 765 2091 iuribus
793 2033 1157 2091 declaratum.
1186 2032 1339 2091 Unde
1370 2032 1520 2108 quod
1547 2034 1620 2091 ait
1659 2034 1852 2091 Glossa
1890 2036 1947 2091 in

354 2124 629 2197 principio
656 2124 903 2183 distinct.
943 2130 1031 2191 18,
1061 2123 1228 2181 verbo
1256 2122 1764 2194 constituendum,
1801 2124 1952 2182 scili-

357 2222 451 2271 cet
477 2215 799 2288 episcopum
820 2230 982 2288 posse
1000 2214 1239 2273 condere
1258 2230 1498 2273 canones
1518 2216 1877 2289 episcopales,
1894 2222 1951 2275 et

358 2306 837 2379 archiepiscopum
860 2304 1237 2378 provinciales,
1252 2305 1657 2379 intelligendum
1675 2314 1760 2364 est
1777 2300 1845 2364 de
1865 2322 1952 2364 ar·

358 2395 715 2469 chiepiscopo
746 2411 879 2454 cum
905 2395 1143 2453 concilio
1170 2396 1509 2468 provinciali.
1540 2396 1675 2453 alias
1716 2398 1821 2455 iuri
1862 2414 1951 2456 re-

358 2494 663 2561 pugnaret,
694 2492 760 2543 ut
786 2486 1097 2543 constat'ex
1132 2485 1351 2543 iuribus
1386 2486 1569 2543 citatis
1589 2528 1604 2559 ,
1635 2490 1953 2559 praesertim

358 2592 427 2633 es
461 2591 585 2649 cap.
618 2574 839 2633 Nullus
858 2579 1117 2650 primas,
1154 2580 1211 2649 9,
1239 2584 1454 2650 quaest.
1489 2582 1544 2634 3.
1588 2576 1825 2653 Ideoque
1866 2596 1956 2637 ae·

358 2667 673 2740 quiparatio
700 2666 791 2723 illa
817 2666 1217 2740 archiepiscopi
1254 2682 1383 2724 cum
1422 2668 1683 2740 episcopo
1722 2684 1832 2726 non
1870 2678 1958 2727 est

360 2755 672 2815 omnimoda
692 2759 857 2815 etiam
880 2758 1203 2830 respective,
1228 2773 1353 2815 nam
1374 2760 1668 2831 episcopus
1688 2760 1843 2816 solus
1860 2777 1956 2833 po-

360 2853 474 2905 test
500 2846 685 2904 lacere
710 2863 951 2905 canones
977 2848 1335 2921 episcopales,
1358 2864 1467 2905 non
1488 2851 1569 2906 sic
1592 2848 1959 2922 archiepisco-

362 2954 471 3009 pus
500 2938 883 3010 provinciales.

444 3032 501 3085 3.
532 3030 713 3101 Atque
732 3044 799 3085 ex
819 3027 901 3085 his
927 3027 1083 3085 facile
1103 3026 1355 3102 intelligi,
1388 3043 1487 3085 seu
1515 3028 1751 3102 expediri
1778 3037 1961 3104 potest

364 3122 627 3191 quartum
656 3116 908 3190 dubium,
930 3117 1165 3187 scilicet,
1190 3133 1354 3191 quam
1376 3126 1699 3192 potestatem
1728 3119 1961 3177 habeant

364 3206 435 3264 ad
464 3206 782 3264 condendas
808 3206 957 3281 leges
984 3206 1287 3265 cardinales
1308 3250 1324 3279 ,
1354 3209 1579 3267 abbates
1604 3213 1837 3284 exempti
1863 3211 1961 3268 ha-

362 3298 556 3355 bentes
596 3297 1027 3356 iurisdictionem
1062 3298 1461 3372 episcopalem,
1502 3299 1587 3357 vel
1628 3300 1718 3357 alii
1759 3300 1959 3359 similes

362 3388 614 3461 praelati,
644 3396 741 3445 aut
767 3389 933 3445 etiam
964 3389 1177 3462 legatus
1204 3390 1495 3447 Pontificis.
1525 3390 1707 3448 Primo
1730 3392 1871 3449 enim
1891 3391 1961 3450 de

364 3477 737 3536 cardinalibus
765 3479 1059 3536 dicendum
1094 3486 1217 3551 est,
1264 3496 1361 3552 per
1398 3496 1459 3537 se
1490 3490 1549 3539 et
1583 3483 1791 3539 ratione
1830 3496 1963 3539 suae

364 3569 644 3641 dignitatis
670 3568 849 3625 solum
870 3586 1029 3641 posse
1051 3569 1199 3644 leges
1222 3570 1366 3628 serre
1386 3570 1439 3627 in
1458 3571 1709 3629 ecclesiis
1730 3587 1959 3629 suorum

364 3658 678 3717 titulorum.
710 3659 1002 3732 Probatur,
1031 3660 1161 3733 quia
1188 3664 1395 3717 tantum
1424 3661 1475 3717 in
1504 3661 1605 3718 illis
1645 3660 1843 3718 habent
1882 3662 1962 3718 iu·

366 3747 743 3805 risdictionem
768 3748 1158 3821 episcopalem,
1186 3756 1253 3805 ut
1274 3756 1470 3823 aperte
1488 3752 1725 3809 sumitur
1744 3766 1811 3809 ex
1833 3766 1958 3824 cap.

364 3841 499 3906 His,
532 3854 705 3912 quae,
740 3837 809 3895 de
836 3840 1143 3897 maioritate
1170 3846 1228 3897 et
1254 3839 1523 3898 obedient.
1554 3849 1611 3899 et
1636 3857 1759 3914 cap.
1807 3844 1962 3918 Que-

364 3927 582 3996 relam,
618 3928 687 3986 de
712 3928 873 3986 elect.
908 3929 999 3987 ubi
1030 3928 1083 3986 id
1112 3936 1267 3987 notat
1292 3932 1587 3991 Panormit.
1614 3933 1793 3989 citans
1808 3933 1956 3989 loan.

366 4019 543 4078 Andr.
576 4025 632 4077 et
658 4020 819 4091 alios,
849 4026 905 4077 et
938 4020 1153 4077 Hieron.
1183 4020 1442 4078 Hansred.
1476 4030 1639 4080 tract.
1684 4022 1753 4079 de
1790 4020 1969 4079 cardi·

369 4110 537 4167 nalib.
583 4112 715 4167 Dec.
753 4114 878 4169 134.
925 4110 1177 4168 Secundo
1217 4110 1509 4168 dicendum
1534 4121 1645 4184 est,
1684 4111 1965 4169 inferiores

370 4200 672 4273 praelatos,
705 4199 831 4256 licet
856 4198 1163 4257 cardinales
1192 4216 1297 4258 non
1328 4202 1459 4274 sint,
1488 4202 1535 4259 si
1565 4200 1768 4259 habent
1805 4201 1965 4259 iuris-

370 4289 669 4347 dictionem
696 4286 1061 4363 episcopalem
1082 4330 1098 4363 ,
1130 4306 1291 4363 posse
1314 4292 1421 4349 iuri
1450 4292 1723 4351 communi
1755 4293 1806 4350 in
1848 4293 1963 4350 suis

370 4380 533 4455 quasi
558 4379 898 4438 dioecesibus
922 4379 1073 4454 leges
1103 4379 1243 4438 ferre
1284 4382 1385 4437 nisi
1422 4380 1499 4438 eis
1541 4385 1616 4440 sit
1652 4383 1963 4455 specialiter

374 4470 713 4545 prohibitum
730 4513 747 4544 ,
776 4478 877 4528 aut
900 4486 967 4528 ex
994 4470 1393 4530 cousuetudine
1414 4516 1433 4547 2
1460 4471 1545 4529 vel
1586 4471 1846 4545 peculiari
1888 4474 1971 4530 in-

377 4562 665 4619 stitutione
686 4562 969 4635 requirant
996 4561 1407 4619 communitatis
1424 4604 1439 4635 ,
1468 4561 1557 4619 vel
1584 4562 1805 4634 capituli
1834 4578 1967 4619 con·

376 4666 625 4724 sensum,
652 4650 803 4725 quod
832 4658 939 4709 tam
962 4649 1033 4707 ad
1050 4651 1355 4724 regulares,
1378 4667 1543 4725 quam
1564 4651 1633 4709 ad
1654 4652 1969 4710 saeculares

378 4741 597 4799 extendi
626 4748 827 4814 potest.
856 4742 1013 4799 Ratio
1038 4747 1143 4813 est,
1173 4743 1303 4814 quia
1328 4741 1463 4799 haec
1494 4748 1734 4814 potestas
1772 4750 1859 4801 est
1882 4744 1969 4800 iu-

378 4830 737 4899 risdictionis,
766 4838 825 4887 et
850 4846 948 4903 per
978 4847 1037 4887 se
1056 4838 1114 4889 et
1132 4833 1253 4889 iure
1274 4832 1545 4889 ordinario
1566 4842 1655 4890 est
1673 4836 1971 4891 coniuncta

379 4938 515 4981 cum
542 4921 919 4981 iurisdictione
945 4923 1262 4995 episcopali.
1292 4924 1471 4981 Tertio
1500 4922 1641 4981 idem
1670 4923 1971 4982 dicendum

377 5020 467 5071 est
492 5013 560 5071 (le
586 5013 763 5087 legato
793 5014 993 5070 summi
1016 5014 1313 5087 Pontificis3
1344 5014 1508 5073 habet
1542 5014 1685 5073 enim
1728 5023 1969 5089 potesta·

382 5110 495 5162 tem
524 5102 797 5160 condendi
824 5102 967 5175 leges
996 5102 1051 5159 in
1078 5118 1181 5159 sua
1220 5104 1525 5177 provincia,
1568 5120 1711 5179 quae
1748 5104 1967 5177 durent,

381 5195 547 5252 etiam
576 5194 735 5250 finito
757 5208 981 5251 munere
1008 5192 1145 5266 eius,
1176 5192 1349 5250 donec
1372 5202 1699 5253 revocentur
1720 5194 1804 5252 vel
1825 5210 1858 5250 a
1876 5197 1973 5253 Pa·

385 5301 481 5361 pa,
514 5282 598 5344 vel
626 5284 694 5343 ab
721 5284 825 5343 alio
852 5282 1083 5343 habente
1109 5285 1391 5361 aequalem
1414 5293 1757 5360 potestatem.
1781 5288 1861 5347 lta
1880 5287 1975 5347 dc-

2014 596 2071 647 et
2101 589 2210 660 alii,
2245 587 2520 663 sylvester
2545 585 2712 643 verbo
2740 584 2858 653 leae,
2893 600 3045 643 num.
3080 590 3135 643 4.
3165 586 3326 662 Ratio
3347 591 3454 659 est,
3478 585 3609 659 quia

2014 678 2122 735 hoc
2150 694 2355 735 munus
2390 678 2462 734 ita
2491 676 2808 734 institutum
2826 682 2912 733 est
2933 692 2965 733 a
2991 676 3218 734 summis
3238 674 3611 747 Pontificibus,

2012 776 2069 825 et
2093 770 2224 842 quia
2254 768 2326 825 illi
2373 768 2536 841 legati
2573 767 2774 824 habent
2809 767 3238 825 iurisdictionem
3275 767 3400 840 plus
3440 782 3610 840 quam

2014 858 2382 932 episcopalem
2421 864 2476 914 et
2503 855 2850 930 ordinariam,
2883 864 2944 915 ut
2971 865 3120 933 patet
3138 874 3206 915 ex
3231 864 3344 915 toto
3369 856 3523 915 titulo
3545 855 3614 915 de

2015 948 2200 1007 officio
2227 949 2410 1023 legati.

2097 1042 2155 1097 ⁴.
2186 1040 2388 1097 Ultimo
2414 1035 2706 1095 dicendum
2733 1044 2840 1109 est,
2868 1037 3073 1095 nullam
3114 1038 3280 1096 aliam
3319 1054 3609 1111 personam

2016 1130 2372 1205 singularem,
2406 1134 2622 1201 praeter
2651 1136 2988 1199 numeratas,
3031 1128 3230 1187 hahere
3269 1130 3324 1185 iu
3365 1128 3613 1187 Ecclesia

2016 1227 2342 1296 potestatem
2372 1217 2578 1276 serendi
2605 1219 2751 1292 leges
2779 1220 3099 1293 canonicas,
3118 1222 3248 1293 quia
3275 1219 3462 1277 nullibi
3483 1235 3616 1277 con·

2016 1327 2182 1370 cessa
2215 1311 2434 1383 legitur,
2466 1325 2644 1383 neque
2682 1326 2811 1367 cum
2855 1311 3037 1384 aliquo
3074 1310 3180 1368 alio
3221 1327 3448 1395 munere
3485 1326 3619 1369 con-

2019 1403 2208 1460 iuncta
2242 1408 2347 1457 est.
2377 1402 2447 1457 Et
2477 1402 2616 1457 ratio
2636 1398 2790 1457 reddi
2811 1406 3014 1473 potest,
3037 1402 3183 1473 quia,
3210 1407 3458 1474 utsupra
3479 1403 3614 1475 dixi,

2016 1500 2259 1567 potestas
2291 1492 2590 1565 legislativa
2615 1493 2666 1546 in
2696 1490 2938 1565 qualibet
2963 1492 3266 1565 republica,
3309 1491 3376 1549 de
3417 1508 3474 1548 se
3527 1500 3616 1551 est

2018 1599 2298 1657 suprema,
2349 1583 2402 1639 in
2443 1581 2790 1639 inferioribus
2829 1590 3014 1639 autem
3054 1582 3235 1639 solum
3273 1596 3395 1638 esse
3435 1589 3618 1655 potest

2016 1680 2290 1748 quatenus
2313 1688 2346 1729 a
2367 1687 2624 1745 supremo
2643 1672 2888 1745 principe
2911 1673 3372 1729 communicatur:
3395 1687 3502 1729 non
3525 1688 3614 1729 so·

2017 1764 2095 1821 let
2120 1769 2303 1821 autem
2333 1762 2758 1834 communicari,
2791 1761 2890 1818 nisi
2916 1763 3088 1835 magis
3117 1762 3532 1835 principalibus,
3559 1769 3618 1819 et

2010 1854 2342 1912 habentibus
2379 1853 2714 1926 superiorem
2745 1851 2900 1909 valde
2927 1853 3397 1929 gubernationem,
3421 1860 3479 1911 et
3499 1854 3617 1911 ideo

2015 1947 2071 2003 in
2097 1945 2348 2004 Ecclesia
2377 1944 2496 2002 iure
2527 1942 2798 2001 ordinario
2827 1943 2962 2001 haec
2985 1951 3225 2017 potestas
3247 1961 3356 2001 non
3376 1952 3464 2002 est
3483 1962 3619 2003 con-

2016 2038 2242 2108 iuncta,
2273 2036 2376 2093 nisi
2405 2050 2536 2093 cum
2576 2032 2862 2107 principali
2901 2028 3302 2108 iurisdictione,
3346 2036 3524 2109 qualis
3563 2036 3618 2093 in

2017 2126 2270 2185 Ecclesia
2300 2132 2386 2183 est
2413 2124 2757 2197 episcopalis,
2787 2130 2842 2180 et
2867 2140 2974 2181 non
3001 2124 3242 2182 inferior.

2094 2217 2292 2285 Quinto
2328 2215 2562 2273 dubitari
2589 2215 2680 2273 hic
2707 2216 2869 2286 solet,
2902 2232 2972 2273 an
2997 2216 3262 2275 sententia
3295 2225 3616 2277 sanctorum

2020 2313 2261 2379 patrum,
2291 2304 2616 2379 praesertim
2641 2305 2780 2374 illae,
2818 2321 2960 2379 quae
2987 2308 3042 2363 in
3069 2305 3290 2365 decreto
3319 2308 3610 2379 habentur,

2020 2397 2129 2454 vim
2167 2397 2298 2471 legis
2325 2396 2579 2454 habeant.
2610 2396 2769 2453 Ratio
2796 2395 3082 2453 dubitandi
3115 2404 3229 2467 est,
3268 2400 3396 2472 quia
3437 2398 3489 2455 in
3521 2397 3618 2456 de-

2020 2493 2177 2545 creto
2204 2487 2438 2545 Gratiani
2468 2494 2532 2544 ut
2565 2486 2700 2544 tales
2727 2486 3072 2555 inseruntur,
3102 2490 3262 2547 etita
3310 2493 3620 2549 communi-

2021 2586 2134 2650 ter,
2167 2584 2232 2635 ut
2267 2593 2507 2635 canones
2533 2578 2794 2635 citantur.
2827 2579 2938 2635 lmo
2971 2579 3163 2636 Glossa
3195 2580 3250 2637 in
3290 2594 3417 2654 cap.
3447 2580 3607 2651 Noli,

2021 2669 2153 2726 dist.
2181 2672 2246 2741 9,
2269 2667 2436 2725 verbo
2469 2671 2536 2724 in
2567 2670 2726 2735 istis,
2759 2668 3077 2741 generaliter
3114 2669 3285 2743 dixit,
3317 2673 3614 2729 sententias

2022 2764 2270 2830 patrum,
2302 2773 2444 2831 quae
2480 2758 2780 2830 probantur
2813 2774 2848 2814 a
2880 2757 3088 2816 Gelasio
3117 2758 3242 2817 dist.
3275 2764 3376 2835 ¹5,
3405 2777 3530 2835 cap.
3556 2768 3614 2837 3,

2022 2861 2147 2903 esse
2173 2848 2470 2903 canonicas
2497 2862 2675 2921 usque
2703 2847 2772 2905 ad
2797 2848 3082 2905 minimum
3109 2850 3335 2921 apicem.
3359 2851 3468 2909 Sed
3509 2850 3616 2910 hoc

2024 2952 2135 2994 non
2160 2936 2323 2995 habet
2348 2935 2790 3006 fundamentum,
2811 2941 2940 3012 quia
2966 2953 3068 2996 nec
3088 2940 3337 2999 Ecclesia
3360 2942 3465 2999 hoc
3492 2958 3618 3001 sen·-

2026 3026 2114 3095 tit,
2146 3042 2275 3083 cum
2305 3032 2488 3099 patres
2515 3043 2627 3085 non
2654 3026 2856 3085 suerint
2881 3031 3134 3086 canonici
3161 3032 3483 3105 scriptores,
3515 3048 3618 3092 nec

2026 3116 2363 3175 infallibilem
2409 3118 2768 3176 assistentiam
2810 3120 3048 3192 Spiritus
3087 3124 3264 3178 sancti
3310 3122 3616 3182 habuerint.

2026 3210 2216 3282 Neque
2237 3208 2288 3265 in
2315 3208 2410 3265 illo
2431 3214 2588 3266 textu
2607 3207 2662 3265 id
2682 3207 2906 3279 dicitur,
2933 3211 3033 3267 nisi
3058 3211 3363 3283 specialiter
3389 3212 3456 3271 de
3483 3231 3622 3289 qua·

2026 3296 2153 3354 dam
2179 3297 2406 3370 epistola
2430 3299 2626 3355 Leonis
2653 3314 2846 3372 papae,
2871 3300 2924 3357 in
2952 3315 3063 3374 qua
3093 3308 3156 3358 ut
3181 3302 3428 3361 Pontifex
3457 3304 3616 3362 locu-

2026 3393 2117 3446 tus
2144 3394 2247 3445 est.
2273 3387 2422 3447 Unde
2449 3404 2548 3461 per
2581 3390 2690 3447 vim
2714 3390 3052 3462 exceptionis
3081 3392 3210 3450 satis
3248 3394 3616 3468 significatur,

2029 3478 2478 3550 approbationem
2497 3478 2730 3537 aliorum
2753 3495 2985 3553 operum
3007 3497 3116 3539 non
3143 3498 3262 3540 esse
3283 3485 3338 3540 in
3364 3499 3432 3541 eo
3451 3500 3620 3543 sensu

2030 3571 2232 3627 factam
2251 3609 2267 3641 ,
2299 3568 2394 3626 sed
2425 3569 2604 3627 solum
2633 3578 2694 3628 ut
2721 3569 2788 3628 de
2815 3572 3134 3644 gravissima
3161 3572 3398 3631 humana
3427 3582 3621 3633 aucto·

2029 3660 2188 3717 ritate
2213 3659 2428 3717 illorum
2459 3669 2680 3732 patrum
2707 3668 3005 3719 constaret.
3031 3662 3186 3731 Quod
3213 3678 3348 3737 ergo
3367 3664 3434 3723 ad
3463 3682 3621 3739 prae·

2030 3764 2157 3806 sens
2197 3755 2445 3824 spectat,
2483 3748 2776 3809 dicendum
2813 3758 2932 3823 est,
2961 3755 3292 3826 sententias,
3335 3772 3442 3817 seu
3475 3754 3622 3815 dicta

2030 3845 2350 3897 sanctorum
2371 3880 2386 3911 ,
2420 3854 2516 3912 per
2541 3855 2601 3898 se
2633 3846 2690 3897 et
2713 3848 2985 3915 quatenus
3012 3844 3267 3901 nituntur
3293 3847 3624 3906 auctoritate

2030 3945 2370 4005 eorum,non
2395 3930 2596 3988 habere
2617 3931 2724 3989 vim
2743 3932 2897 4005 legis,
2911 3940 2974 3990 ut
2993 3940 3148 3991 notat
3164 3933 3352 3992 Glossa
3371 3934 3616 3995 distinct.
3648 3990 3654 3997 .

2031 4026 2125 4079 20.
2152 4020 2203 4077 in
2227 4020 2458 4094 princip.
2483 4028 2541 4078 et
2561 4022 2798 4079 sumitur
2815 4038 2884 4080 ex
2908 4028 3026 4081 tota
3046 4023 3137 4081 illa
3161 4024 3529 4084 distinctione.
3549 4028 3622 4087 Et

2031 4112 2170 4169 ratio
2197 4118 2310 4183 est,
2343 4112 2471 4185 quia
2497 4111 2581 4169 lex
2619 4128 2726 4169 non
2753 4119 2840 4170 est
2874 4122 3035 4171 actus
3063 4112 3344 4173 doctrinae
3383 4122 3618 4189 tantum,

2032 4201 2127 4259 sed
2150 4203 2455 4275 potestatis,
2481 4204 2657 4260 sancti
2683 4210 2868 4261 autem
2898 4210 3081 4276 patres
3101 4220 3212 4262 non
3239 4202 3512 4265 habehant
3525 4223 3624 4280 po·

2030 4299 2286 4351 testatem
2317 4292 2481 4367 hanc,
2506 4308 2682 4367 neque
2703 4294 2866 4351 etiam
2885 4293 2988 4351 hac
3015 4295 3315 4353 intentione
3337 4296 3462 4354 talia
3487 4300 3625 4356 scri·

2031 4388 2125 4457 pta
2150 4380 2454 4440 tradebant.
2477 4384 2619 4457 Lege
2645 4384 3006 4441 Panormitan.
3027 4386 3159 4443 Dec.
3178 4392 3234 4443 et
3259 4385 3425 4443 Felin.
3445 4388 3623 4462 capite

2034 4476 2125 4530 Ne
2158 4475 2473 4535 innitaris.
2505 4473 2574 4531 de
2608 4472 2894 4532 constitut.
2923 4475 3065 4531 Dixit
3088 4480 3272 4532 autem
3293 4490 3405 4551 per
3438 4492 3528 4545 se,
3565 4483 3626 4536 et

2033 4567 2322 4635 quatenus
2348 4578 2553 4620 eorum
2579 4567 2932 4621 auctoritate
2955 4567 3259 4634 nituntur,
3297 4568 3428 4639 quia
3455 4567 3624 4626 inter-

2034 4654 2168 4711 dum
2187 4653 2290 4725 ipsi
2317 4652 2672 4711 testificantur
2692 4652 2760 4711 de
2781 4659 3074 4726 praecepto
3102 4655 3186 4712 vel
3216 4670 3249 4713 a
3273 4654 3510 4731 Christo,
3535 4659 3621 4716 vel

2038 4744 2106 4801 ab
2126 4741 2386 4816 apostolis
2416 4742 2630 4815 tradito,
2653 4740 2738 4799 vel
2763 4741 3038 4800 Ecclesiae
3069 4742 3354 4802 traditione
3371 4746 3622 4804 introdu-

2036 4840 2161 4907 cto,
2191 4839 2248 4890 et
2283 4839 2420 4891 tunc
2445 4846 2513 4889 ex
2539 4831 2643 4889 illis
2672 4831 2946 4906 colligitur
2974 4840 3328 4907 praeceptum
3365 4841 3626 4910 tanquam

2037 4940 2105 4982 ex
2133 4923 2386 4996 testibus,
2410 4938 2516 4980 non
2548 4930 2806 4997 tanquam
2834 4922 2901 4979 ab
2929 4924 3269 4982 auctoribus.
3292 4924 3446 4984 Unde
3471 4929 3626 4985 iuxta

2038 5016 2286 5089 modum,
2319 5030 2430 5088 quo
2457 5014 2526 5072 de
2553 5030 2611 5072 re
2638 5014 2836 5089 aliqua,
2865 5029 2962 5071 seu
2991 5014 3312 5089 obligatione
3338 5006 3660 5075 testifican·'

2040 5114 2133 5163 tur
2152 5146 2168 5177 ,
2199 5111 2256 5161 et
2279 5104 2430 5163 iuxta
2455 5104 2713 5162 maiorem
2743 5102 2828 5160 vel
2855 5103 3116 5162 minorem
3145 5122 3476 5165 consensum
3503 5124 3628 5167 san-

2043 5202 2264 5252 ctorum
2293 5195 2433 5252 inter
2463 5210 2551 5268 se,
2581 5210 2646 5252 eo
2675 5193 2934 5252 maiorem
2963 5193 3047 5251 vel
3073 5195 3335 5254 minorem
3364 5196 3521 5255 fidem
3549 5198 3629 5255 es-

2040 5285 2260 5361 ticiunt3
2291 5284 2358 5343 de
2393 5300 2506 5361 qua
2530 5300 2592 5345 re
2620 5284 2737 5343 vide
2761 5286 3054 5361 Angustia.
3087 5284 3154 5344 de
3177 5288 3402 5347 Ancona
3429 5288 3520 5349 lib.
3552 5288 3626 5351 de
