4325 6267
771 337 854 401 80

693 495 834 554 quos
861 478 1227 555 gubernaret3
1258 478 1354 538 sed
1382 478 1469 539 lex
1495 484 1580 538 est
1606 486 1766 538 actus
1792 479 2199 555 gubernationis
2225 487 2284 539 et

693 568 943 643 dominii,
974 587 1073 628 seu
1109 569 1526 647 iurisdictionis,
1556 587 1687 645 ergo
1715 570 1902 629 eadem
1930 573 2142 629 ratione
2170 588 2278 629 non

688 661 871 734 potuit
894 675 1014 718 esse
1041 668 1281 726 aeterna.
1313 661 1523 734 Tertio,
1556 660 1620 719 de
1648 663 1854 720 ratione
1882 661 2015 736 legis
2038 668 2124 720 est
2149 677 2279 735 pro-

689 749 950 824 mulgatio
977 794 993 824 ,
1033 758 1097 808 ut
1133 749 1368 810 diximus
1395 795 1411 824 ,
1452 750 1547 809 sed
1588 751 1657 808 ab
1697 761 1922 810 aeterno
1964 769 2071 810 non
2101 753 2281 826 potuit

691 854 811 898 esse
839 839 1205 914 promulgatio
1224 883 1239 914 ,
1271 843 1399 916 quia
1425 855 1532 898 nou
1563 848 1683 900 erat
1701 843 1794 900 cui
1817 842 2277 916 promulgaretur,

689 944 867 1004 neque
893 931 1034 987 intra
1059 932 1230 987 Deum
1261 930 1440 988 solum
1480 933 1660 1004 potuit
1696 932 2078 1007 promulgari,
2120 947 2272 1006 ergo.

691 1019 924 1091 Quarto,
956 1020 1000 1075 si
1028 1024 1171 1078 esset
1194 1020 1375 1094 aliqua
1411 1019 1498 1077 lex
1537 1027 1793 1094 aeterna,
1834 1027 1980 1079 esset
2019 1021 2277 1095 simplici·

689 1115 775 1165 ter
801 1115 857 1167 et
883 1109 1134 1169 absolute
1161 1113 1466 1168 necessaria
1485 1152 1501 1185 ,
1542 1118 1598 1169 et
1623 1111 2008 1185 immutabilis,
2039 1113 2170 1186 quia
2197 1111 2277 1168 ni-

691 1197 768 1256 hil
797 1206 882 1257 est
907 1207 1222 1274 aeternum,
1253 1202 1356 1257 nisi
1383 1199 1531 1274 quod
1563 1201 1875 1275 simpliciter
1901 1201 2274 1259 necessarium

693 1298 815 1364 est3
847 1290 942 1348 sed
969 1291 1119 1348 nulla
1145 1290 1226 1348 lex
1256 1297 1340 1348 est
1364 1307 1463 1364 per
1493 1307 1551 1348 se
1576 1298 1634 1350 et
1671 1291 1918 1350 absolute
1945 1291 2271 1367 necessaria,

691 1386 758 1438 ut
783 1396 951 1452 supra
980 1380 1190 1438 dictum
1219 1390 1331 1455 est3
1362 1396 1494 1454 ergo
1523 1381 1671 1438 nulla
1695 1389 1779 1440 est
1806 1381 1890 1441 lex
1917 1389 2158 1440 aeterna.

769 1475 826 1530 2.
858 1470 1218 1528 Nihilominus
1245 1473 1551 1530 communis
1588 1475 1853 1530 sententia
1892 1472 2273 1546 theologorum

694 1564 808 1632 est,
841 1558 959 1617 dari
987 1561 1040 1616 in
1067 1563 1176 1618 Deo
1205 1559 1375 1634 legem
1418 1562 1710 1636 quamdam
1752 1569 2041 1620 aeternam.
2074 1564 2155 1620 lta
2182 1561 2281 1620 do·

691 1656 785 1709 cet
818 1651 876 1708 d.
917 1650 1150 1710 Thomas
1193 1655 1241 1710 1.
1273 1655 1338 1723 2,
1369 1666 1425 1725 q.
1459 1655 1564 1725 91,
1596 1655 1749 1711 artic.
1791 1657 1849 1726 1,
1880 1660 1936 1710 et
1963 1670 2018 1728 q.
2052 1657 2145 1711 93.
2178 1667 2278 1725 per

691 1748 897 1814 totam,
927 1747 984 1798 et
1008 1739 1076 1798 ibi
1102 1741 1342 1802 Caietan.
1371 1745 1534 1816 Soto,
1565 1747 1621 1800 et
1641 1743 1749 1802 alii.
1773 1743 2018 1801 vincent.
2049 1739 2270 1800 Beluac.

690 1832 744 1888 in
776 1829 1008 1906 Specul.
1037 1831 1286 1906 morali,
1316 1839 1461 1907 part.
1486 1839 1544 1906 2,
1573 1833 1698 1891 dist.
1733 1839 1792 1908 1,
1817 1834 2026 1891 Alensis
2051 1838 2104 1891 3.
2131 1848 2189 1905 p.
2217 1849 2275 1908 q.

693 1925 802 1994 26,
832 1937 907 1978 m.
945 1926 1007 1997 1,
1036 1924 1292 1980 Antonin.
1333 1929 1381 1983 1.
1414 1929 1557 1996 part.
1589 1924 1672 1982 tit.
1711 1927 1809 1998 11,
1838 1939 1961 1998 cap·
2001 1929 2062 2000 1,
2091 1931 2201 2001 8⁴,
2224 1932 2280 1985 et

694 2013 779 2070 tit.
815 2016 901 2072 12.
931 2027 962 2070 a
996 2013 1227 2086 princip.
1273 2013 1529 2070 Turrecr.
1573 2014 1626 2071 in
1667 2030 1791 2088 cap.
1842 2015 2060 2073 Omnes
2099 2014 2274 2091 leyes,

643 2145 646 2148 -
694 2101 749 2160 d.
787 2106 848 2177 1,
875 2109 932 2175 et
950 2103 1188 2161 sumitur
1218 2118 1282 2162 ex
1303 2105 1594 2178 Augustin.
1626 2104 1719 2163 lib.
1745 2104 1816 2162 de
1833 2121 1977 2164 vera
1998 2105 2277 2180 reliqtone

695 2209 821 2264 cap.
854 2197 954 2261 30,
985 2199 1042 2250 et
1069 2192 1164 2250 lib.
1203 2197 1255 2254 1¹.
1284 2192 1355 2250 de
1381 2192 1547 2252 liber.
1579 2194 1754 2252 arbit.
1787 2211 1910 2268 cap.
1947 2201 1978 2253 5
1998 2238 2014 2267 ,
2041 2202 2097 2254 et
2125 2200 2193 2271 6,
2225 2203 2282 2254 et

697 2283 791 2341 lib.
823 2287 916 2342 22.
947 2287 1158 2342 contra
1183 2287 1390 2342 Faust.
1424 2301 1546 2358 cap.
1591 2289 1682 2346 27.
1707 2287 1860 2355 Quin
1900 2289 2060 2345 etiam
2088 2289 2279 2345 Cicero

695 2373 791 2430 lib.
829 2378 880 2432 1.
911 2381 965 2430 et
992 2379 1046 2432 2.
1077 2373 1148 2431 de
1175 2379 1312 2448 Leq.
1345 2375 1485 2433 hanc
1517 2375 1688 2448 legem
1716 2378 1948 2434 maxime
1976 2377 2277 2450 praedicat,

695 2472 755 2524 et
790 2479 823 2522 a
858 2465 1264 2538 sapientissimis
1305 2464 1636 2539 philosophis
1677 2467 1950 2541 cognitam
1991 2469 2159 2525 fuisse
2197 2467 2283 2525 his

693 2555 874 2612 verbis
917 2555 1246 2613 confirmat:
1285 2559 1456 2612 Hanc
1499 2554 1666 2614 video
1709 2559 2284 2632 sapientissimorum

677 2645 874 2722 fuisse
911 2649 1260 2704 sententiam
1279 2689 1298 2714 ,
1338 2644 1524 2720 leqem
1558 2663 1740 2720 neque
1773 2648 2084 2705 hominum
2123 2651 2284 2722 inqe-

692 2741 809 2796 niis
835 2740 1264 2812 excogitatam,
1299 2753 1480 2812 neque
1507 2727 1721 2795 scit-itm
1749 2736 1996 2813 aliquod
2021 2755 2143 2796 esse
2176 2755 2284 2815 po-

684 2827 1001 2905 pulorum,
1031 2826 1134 2884 sed
1167 2831 1476 2885 aeternum
1514 2827 1830 2902 quiddam,
1878 2827 2032 2904 quod
2056 2833 2286 2887 univer·

693 2935 826 2986 sum
859 2915 1144 2976 mundum
1183 2922 1409 2991 reperet
1428 2963 1444 2986 ,
1494 2916 1836 2993 imperandi
1857 2960 1874 2982 ,
1905 2918 2285 2994 prohibendi-

693 3023 803 3083 que
835 3010 1151 3083 sapientia.
1181 3009 1281 3064 Ita
1306 3009 1640 3084 principem
1667 3005 1852 3082 leyem
1877 3007 2077 3071 illam,
2111 3013 2169 3066 et
2190 3007 2282 3066 al·

692 3099 905 3156 timam
929 3101 1181 3155 mentem
1207 3113 1330 3154 esse
1356 3095 1628 3156 dicebaut
1654 3101 1862 3156 omnia
1905 3103 2141 3156 ratione
2175 3103 2287 3157 aut

693 3190 986 3262 comantis,
1023 3184 1408 3246 autvetantis
1433 3189 1566 3244 Dei.
1597 3187 1750 3246 Plato
1769 3187 1931 3248 etiam
1958 3189 2013 3246 in
2045 3191 2284 3248 Timaeo

693 3284 930 3353 quatuor
959 3278 1104 3352 leges
1138 3278 1510 3353 distinguens,
1552 3280 1784 3352 primam
1825 3284 1990 3338 vocat
2027 3279 2282 3354 divinam,

691 3383 792 3442 per
828 3385 995 3444 quam
1022 3368 1179 3443 plane
1209 3369 1348 3427 hanc
1379 3376 1655 3427 aeternam
1692 3368 1964 3443 intelligit,
1995 3385 2092 3442 per
2118 3385 2287 3444 quam

693 3459 962 3516 mundum
999 3462 1144 3516 Deus
1171 3459 1476 3533 gubernat,
1497 3466 1563 3518 ut
1589 3459 1727 3517 idem
1754 3458 1919 3517 tradit
1945 3459 2158 3533 dialogo
2195 3464 2281 3518 10.

693 3547 766 3606 de
785 3549 1056 3624 Leqibus.

773 3641 978 3698 Probat
1003 3646 1184 3699 autem
1213 3639 1267 3698 d.
1300 3638 1536 3698 Thomas'
1550 3638 1694 3697 hanc
1714 3639 2019 3712 veritatem,
2041 3639 2173 3714 quia
2194 3655 2289 3696 ne-

695 3745 853 3788 cesse
881 3737 992 3805 est,
1021 3733 1078 3789 in
1107 3733 1217 3802 Deo
1243 3733 1361 3803 ipso
1389 3746 1509 3789 esse
1536 3729 1776 3804 aliquam
1814 3730 1984 3804 legem
2004 3771 2020 3804 ,
2061 3736 2123 3788 et
2149 3730 2286 3788 haec

694 3836 801 3878 non
840 3827 1023 3894 potest
1043 3837 1161 3880 esse
1183 3821 1286 3878 nisi
1307 3827 1523 3879 aeterna
1547 3839 1564 3894 ·,
1587 3835 1720 3895 ergo
1743 3835 1966 3878 necesse
1983 3825 2071 3877 est
2087 3836 2209 3878 esse
2234 3823 2290 3878 in

695 3911 902 3970 mundo
937 3911 1172 3988 aliquam
1198 3911 1370 3985 legem
1400 3919 1694 3984 aeternam.
1735 3911 1906 3969 Minor
1935 3911 2288 3984 supponitur,

695 4002 824 4076 quia
849 4005 994 4060 Deus
1021 4009 1106 4060 est
1131 4001 1510 4075 immutabilia,
1538 4007 1594 4060 et
1633 4001 1761 4058 nihil
1799 4007 1980 4074 potest
2015 4001 2088 4059 illi
2129 4001 2289 4059 adve-

696 4093 817 4148 nire
852 4091 918 4149 de
951 4107 1114 4150 novo.
1157 4093 1325 4149 Maior
1362 4098 1546 4149 autem
1586 4097 1770 4164 patet,
1809 4092 1935 4165 quia
1973 4107 2104 4149 cum
2141 4094 2289 4151 Deus

695 4181 894 4240 habeat
931 4182 1323 4254 providentiam
1348 4224 1364 4251 ,
1409 4183 1460 4238 in
1501 4197 1566 4238 eo
1605 4184 1915 4239 necessario
1959 4184 2287 4258 supponitur

697 4278 920 4330 aeterna
946 4272 1215 4346 quaedam
1253 4275 1391 4330 ratio
1423 4273 1668 4346 practica
1708 4274 1876 4330 totius
1917 4273 2287 4347 dispositionis

696 4369 753 4420 et
789 4361 1194 4436 gubernationis
1233 4362 1505 4436 universi,
1545 4363 1700 4422 iuxta
1737 4361 1872 4421 illud
1913 4364 2084 4422 Boetii
2125 4369 2185 4423 3.
2215 4363 2291 4422 de

701 4451 1132 4512 Consolatione:

781 4636 835 4694 Ο
857 4637 958 4709 qui
981 4638 1274 4712 perpetua
1299 4631 1594 4694 mundum
1619 4635 1858 4694 ratione
1883 4632 2205 4710 puber-nas,

701 4817 849 4890 Ergo
870 4816 964 4875 illa
989 4817 1126 4875 ratio
1153 4817 1249 4875 Dei
1275 4823 1494 4875 aeterna
1521 4815 1684 4876 habet
1711 4832 1899 4875 veram
1923 4816 2189 4874 rationem
2216 4815 2294 4874 le-

702 4910 784 4982 gis
807 4950 821 4979 ,
852 4909 1012 4984 quia,
1043 4915 1108 4967 ut
1144 4909 1280 4966 dixit
1315 4907 1562 4966 Isidorus
1589 4913 1644 4968 2.
1675 4905 1934 4983 Etymol.
1957 4899 2019 4966 ὀ.
2053 4907 2120 4965 de
2144 4907 2285 4982 lege:

701 5003 772 5059 Si
797 5003 1030 5057 ratione
1058 4997 1157 5056 lea·
1185 5002 1442 5066 constat,
1470 4996 1568 5055 lea*
1588 5001 1702 5056 erit
1725 5012 1913 5064 omne,
1941 4995 2092 5071 quod
2110 5000 2293 5054 ratio-

703 5105 776 5147 ne
801 5091 1150 5148 constiterit.
1181 5087 1497 5146 Confirmari
1526 5093 1707 5162 potest
1731 5102 1800 5145 ex
1818 5088 2147 5161 Augustino,
2168 5087 2294 5161 quia

712 5181 886 5238 omnis
917 5179 1002 5238 lex
1030 5179 1269 5237 humana
1295 5178 1565 5237 mutabilis
1592 5185 1710 5252 est,
1741 5183 1797 5235 et
1819 5175 2094 5236 defectum
2115 5192 2180 5235 ac
2208 5193 2294 5234 er-

707 5285 894 5334 rorem
920 5271 1030 5348 pati
1050 5276 1260 5348 potest3
1289 5285 1418 5346 ergo
1446 5269 1708 5346 supponit
1727 5268 2035 5328 necessario
2056 5269 2294 5346 aliquam

2149 353 2355 406 unm
2380 315 2460 406 τί.

2348 465 2519 554 legem
2550 478 2967 553 immutabilem,
2997 493 3095 551 per
3134 493 3299 553 quam
3325 477 3631 536 stabiliatur
3648 521 3664 553 ,
3690 485 3749 536 et
3772 481 3937 552 quasi

2348 576 2738 644 mensuretur,
2778 576 2842 628 ut
2879 585 2977 642 per
3016 569 3452 628 conformitatem
3490 567 3558 625 ad
3597 568 3745 626 illam
3784 577 3939 626 recte
3980 561 3991 575 ’

2346 660 2470 730 fiat,
2498 675 2641 734 quae
2670 675 2778 718 non
2802 665 2917 732 est,
2948 658 3049 716 nisi
3090 658 3176 716 lex
3216 665 3455 718 aeterna.
3488 659 3729 733 Denique
3756 661 3931 718 omnis

2346 749 2430 808 lex
2458 751 2793 824 participata¹
2823 751 3080 824 supponit
3120 749 3296 823 legem
3338 765 3433 822 per
3458 752 3787 826 essentiam3
3832 751 3931 810 sed

2345 839 2430 898 lex
2458 855 2554 914 per
2580 842 2871 898 essentiam
2899 847 3121 898 aeterna
3148 847 3263 914 est,
3291 855 3445 913 ergo.

2423 935 2479 988 3.
2509 931 2663 988 Dicet
2686 947 2817 989 vero
2850 931 3073 1005 aliquis,
3097 929 3181 987 his
3211 930 3550 989 discursibus
3592 929 3773 988 solum
3800 947 3929 1004 pro-

2343 1018 2501 1093 bari,
2538 1037 2661 1078 esse
2702 1023 2753 1078 in
2794 1024 2904 1079 Deo
2944 1021 3209 1079 rationem
3250 1029 3525 1079 aeternam
3565 1022 3935 1095 agendorum,

2343 1122 2511 1185 quam
2537 1111 2928 1183 providentiam
2956 1127 3239 1182 vocamus3
3258 1127 3364 1168 non
3390 1095 3570 1170 tamen
3600 1112 3843 1184 probari,
3862 1113 3927 1169 it-

2344 1199 2457 1258 lam
2484 1201 2648 1258 fuisse
2676 1200 2743 1258 ab
2771 1208 2995 1259 aeterno
3022 1201 3237 1275 proprie
3263 1199 3458 1275 legem.
3484 1203 3618 1270 Quia
3645 1201 3931 1274 providen-

2344 1289 2421 1346 tia
2459 1289 2593 1347 dicit
2629 1298 2943 1364 respectum
2978 1297 3259 1349 aeternum
3280 1333 3295 1364 ,
3326 1290 3412 1349 lex
3440 1298 3621 1349 autem
3651 1298 3929 1364 tempora-

2344 1377 2484 1455 lem,
2515 1385 2578 1437 ut
2604 1386 2927 1454 argumenta
2951 1382 3005 1438 in
3046 1380 3315 1453 principio
3346 1380 3491 1438 facta
3528 1381 3811 1438 ostendere
3849 1383 3932 1437 vi·

2344 1471 2564 1529 dentur.
2588 1472 2742 1530 Unde
2769 1473 2857 1530 illa
2885 1479 3105 1530 aeterna
3130 1474 3272 1530 ratio
3300 1471 3369 1529 ad
3397 1488 3672 1529 summum
3701 1472 3808 1530 dici
3830 1487 3929 1544 po-

2336 1563 2471 1620 ·terit
2496 1562 2583 1620 lex
2607 1565 2765 1636 quasi
2804 1563 3155 1620 materialiter
3178 1603 3195 1632 ,
3232 1569 3289 1620 et
3324 1563 3506 1637 quoad
3544 1569 3732 1620 actum
3774 1560 3930 1618 illum

2348 1651 2677 1726 voluntatis,
2706 1651 2791 1709 vel
2819 1652 3125 1710 intellectus
3154 1651 3343 1724 divini,
3388 1654 3482 1725 qui
3520 1659 3607 1710 est
3646 1651 3770 1724 lex,
3814 1668 3926 1708 non

2350 1757 2482 1799 vero
2508 1741 2810 1800 formaliter
2836 1741 3021 1816 quoad
3048 1744 3325 1816 propriam
3340 1741 3827 1799 denominationem
3852 1741 3929 1798 le-

2350 1831 2463 1906 gis,
2486 1837 2541 1888 et
2562 1832 2901 1890 conditiones
2929 1849 3119 1892 omnes
3145 1832 3215 1890 ad
3242 1832 3415 1906 legem
3442 1832 3746 1905 requisitas.
3774 1832 3929 1890 Sicut

2352 1923 2559 1980 creatio
2586 1924 2763 1980 activa
2789 1930 2972 1997 potest
2998 1924 3103 1982 dici
3130 1931 3351 1982 aeterna
3380 1921 3722 1980 materialiter
3746 1921 3931 1995 quoad

2352 2019 2538 2070 actum
2563 2013 2655 2069 Dei
2678 2053 2695 2086 ,
2739 2029 2846 2070 uon
2872 2019 3018 2070 *vero
3058 2013 3349 2071 formaliter
3386 2019 3444 2070 et
3472 2012 3788 2084 simpliciter
3812 2053 3829 2084 ,
3872 2018 3939 2069 ut

2352 2104 2559 2160 creatio
2588 2110 2702 2178 est,
2734 2101 2990 2178 idemque
3020 2112 3102 2162 est
3130 2105 3196 2162 de
3225 2110 3494 2177 potestate
3521 2102 3856 2176 dominandi,
3879 2109 3936 2161 et

2351 2193 2640 2251 similibus.
2672 2198 2742 2251 At
2768 2211 2901 2253 vero
2930 2194 2986 2252 d.
3014 2195 3246 2252 Thomas
3272 2193 3330 2251 d.
3361 2199 3574 2268 quaest.
3608 2196 3709 2265 91,
3734 2199 3841 2249 art.
3881 2197 3977 2272 1.,

2350 2283 2415 2340 ad
2454 2287 2502 2342 1.
2536 2285 2808 2360 sustinet,
2835 2286 2982 2344 illam
3008 2285 3179 2358 legem
3207 2286 3371 2343 etiam
3398 2283 3726 2354 formaliter,
3755 2291 3811 2340 et
3832 2283 3941 2340 sub

2350 2375 2561 2432 ratione
2594 2375 2735 2449 legis
2774 2391 2894 2433 esse
2932 2382 3210 2433 aeternam
3235 2417 3251 2448 ,
3289 2374 3417 2448 quia
3454 2377 3580 2448 ipse
3622 2378 3934 2447 conceptus

2350 2470 2625 2524 aeternus
2654 2465 2891 2524 divinae
2910 2465 3053 2541 lepis
3072 2465 3248 2524 habet
3266 2468 3563 2523 rationem
3578 2462 3719 2537 leyis
3748 2468 3943 2522 aeter·

2350 2571 2493 2624 nae,
2528 2554 2853 2614 secundum
2880 2554 3036 2629 qaod
3062 2572 3105 2614 a
3128 2559 3250 2612 Deo
3277 2553 3599 2612 ordinatur
3622 2553 3709 2612 ad
3733 2554 3943 2628 yuber-

2348 2627 2651 2702 nationein
2676 2662 2877 2704 rerum
2905 2645 2981 2704 ab
3004 2650 3132 2720 ipso
3162 2648 3708 2720 praecoquitaram.
3742 2643 3849 2702 Sed
3878 2643 3941 2700 li-

2352 2742 2443 2793 cet
2473 2737 2529 2794 d.
2562 2737 2793 2794 Thomas
2821 2745 2969 2795 recte
2996 2737 3174 2809 dicat,
3205 2736 3463 2794 rationem
3502 2751 3688 2793 rerum
3730 2734 3941 2792 facien-

2351 2826 2548 2885 darum
2588 2827 2640 2885 in
2680 2830 2792 2884 Deo
2830 2843 2949 2884 esse
2991 2835 3261 2884 aeternam
3290 2869 3306 2898 ,
3344 2835 3399 2884 et
3436 2827 3634 2885 habere
3673 2829 3938 2884 rationem

2350 2918 2523 2990 ideae,
2553 2934 2659 2975 non
2689 2924 2869 2996 tamen
2898 2918 3160 2991 declarat,
3178 2918 3451 2991 quomodo
3476 2919 3640 2976 etiam
3671 2917 3737 2974 ab
3758 2923 3938 2974 aeter-

2353 3025 2424 3065 no
2466 3008 2663 3066 habeat
2700 3009 2967 3066 rationem
3009 3009 3184 3082 legis,
3226 3024 3328 3066 nec
3367 3011 3423 3066 in
3450 3025 3561 3083 quo
3599 3009 3809 3066 differat
3837 3009 3943 3064 sub

2352 3100 2557 3157 ratione
2584 3099 2734 3158 ideae
2753 3142 2769 3170 ,
2799 3115 2899 3158 nec
2929 3099 3339 3158 difficultatibus
3367 3099 3555 3173 positis
3578 3085 3795 3158 videtu?
3824 3098 3941 3171 pla-

2352 3205 2420 3247 ne
2448 3189 2781 3248 satisfacere.

2428 3285 2484 3340 4.
2516 3281 2588 3339 Ut
2610 3295 2743 3354 ergo
2773 3295 2880 3338 non
2910 3279 2979 3337 sit
3006 3285 3219 3337 tantum
3245 3275 3313 3336 de
3335 3279 3549 3337 nomine
3569 3279 3840 3353 quaestio,
3864 3280 3945 3335 vi·

2354 3366 2592 3428 dendum
2632 3376 2910 3444 superest,
2952 3369 3079 3444 quid
3122 3371 3179 3427 in
3216 3385 3276 3427 re
3315 3369 3528 3427 clarum
3568 3370 3676 3440 sit,
3714 3377 3775 3428 et
3806 3369 3941 3444 quid

2353 3462 2530 3535 possit
2555 3477 2675 3519 esse
2704 3463 2759 3517 in
2785 3477 2896 3518 usu
2922 3477 3124 3543 vocum
3148 3501 3163 3527 ,
3194 3466 3252 3518 et
3278 3476 3416 3535 quae
3440 3460 3578 3518 ratio
3597 3461 3761 3518 huius
3784 3460 3945 3518 locu-

2364 3551 2524 3609 tionis
2566 3551 2889 3624 simpliciter
2925 3549 3078 3608 reddi
3119 3549 3310 3624 possit.
3356 3551 3764 3624 Distinguamus
3802 3566 3941 3624 ergo

2356 3643 2411 3698 in
2440 3641 2557 3715 lege
2584 3641 2861 3713 duplicem
2898 3646 3128 3698 statum:
3160 3656 3307 3698 unus
3333 3646 3450 3714 est,
3493 3656 3659 3714 quem
3699 3639 3864 3698 habet
3892 3640 3946 3696 in

2353 3734 2568 3789 interna
2594 3729 2942 3804 dispositione
2983 3729 3301 3805 legislatoris
3321 3771 3343 3810 ,ι
3369 3736 3643 3806 quatenus
3680 3730 3733 3787 in
3762 3735 3943 3786 mente

2354 3821 2471 3880 eius
2503 3822 2604 3879 iam
2634 3821 2723 3878 illa
2748 3821 2835 3879 lex
2862 3820 3135 3896 descripta
3161 3828 3276 3894 est,
3312 3828 3370 3880 et
3407 3823 3525 3880 eius
3564 3821 3821 3880 absoluto
3849 3821 3949 3879 de-

2357 3919 2541 3988 creto,
2572 3927 2636 3970 ac
2664 3912 2819 3970 firma
2846 3909 3132 3970 voluntate
3160 3913 3411 3971 stabilita.
3442 3913 3594 3972 Alius
3621 3920 3801 3972 status
3830 3919 3937 3988 est,

2357 4018 2520 4077 quem
2548 4001 2713 4060 habet
2737 4002 2823 4059 lex
2850 4003 3093 4060 exterius
3133 4006 3431 4061 constituta
3469 4011 3527 4062 et
3554 4004 3781 4062 subditis
3809 4021 3935 4077 pro-

2356 4094 2553 4166 posita.
2584 4093 2757 4149 Priori
2785 4091 2945 4150 modo
2976 4091 3317 4150 manifestum
3344 4101 3457 4166 est,
3490 4093 3605 4151 dari
3632 4094 3687 4150 in
3714 4097 3825 4152 Deo
3860 4095 3940 4152 le-

2356 4200 2479 4258 gem
2508 4189 2801 4254 aeternam,
2832 4188 2889 4239 et
2914 4181 3018 4239 hoc
3040 4183 3274 4255 probant
3292 4184 3528 4241 rationes
3549 4200 3648 4257 pro
3669 4199 3799 4240 vera
3824 4200 3948 4241 sen·

2360 4273 2525 4332 tentia
2550 4271 2841 4330 adductae.
2873 4272 3166 4330 Posteriori
3208 4279 3390 4330 autem
3430 4274 3593 4331 modo
3630 4288 3804 4348 aeque
3824 4289 3949 4330 cer·

2359 4371 2478 4422 tum
2515 4369 2631 4436 est,
2660 4378 2771 4420 non
2814 4361 3070 4420 habuisse
3108 4361 3280 4436 legem
3320 4363 3412 4419 Dei
3452 4363 3599 4420 hunc
3641 4362 3950 4421 secundum

2356 4460 2561 4512 statum
2590 4452 2657 4510 ab
2699 4449 2959 4526 aeterno,
3001 4458 3057 4509 et
3097 4452 3202 4510 hoc
3240 4452 3487 4526 probant⁸
3510 4455 3746 4511 rationes
3785 4452 3945 4510 dubi·

2354 4543 2507 4601 tandi
2534 4543 2588 4599 in
2615 4541 2883 4616 principio
2914 4543 3155 4616 positae,
3184 4547 3249 4599 ut
3272 4558 3341 4600 ex
3366 4557 3557 4600 earum
3586 4542 3941 4616 responsione

2356 4633 2589 4707 amplius
2629 4633 2848 4705 patebit.
2893 4635 3026 4691 ltem
3068 4633 3154 4690 lex
3192 4632 3355 4706 priori
3396 4633 3555 4691 modo
3595 4639 3815 4706 sumpta
3854 4641 3942 4692 est

2356 4732 2515 4782 actus
2542 4724 2870 4795 immanens,
2902 4722 3045 4780 unde
3073 4728 3254 4804 potest
3280 4721 3403 4781 ess'e
3432 4729 3684 4780 aeternus
3724 4725 3781 4779 in
3808 4725 3941 4798 Deo,

2355 4815 2567 4873 etiamsi
2611 4814 2763 4872 dicat
2805 4820 3121 4888 respectum
3168 4811 3237 4870 ad
3274 4813 3529 4871 effectum
3570 4813 3945 4888 temporalem,

2360 4906 2505 4963 sicut
2531 4902 2983 4978 praedestinatio,
3013 4904 3096 4962 vel
3134 4901 3495 4976 prouidentia:
3525 4903 3612 4962 lex
3640 4910 3823 4961 autem
3848 4921 3953 4980 po·

2357 4994 2570 5052 steriori
2598 4994 2761 5053 modo
2790 4994 3020 5053 includit
3045 4999 3233 5052 actum
3277 5000 3647 5053 transeuntem
3687 5001 3953 5068 respectu

2357 5085 2483 5160 Dei3
2517 5101 2643 5144 nam
2670 5084 2799 5143 licet
2824 5083 2997 5158 possit
3021 5085 3109 5142 illa
3135 5084 3222 5142 lex
3258 5090 3475 5142 aeterna
3502 5085 3636 5158 Dei,
3676 5091 3950 5159 quatenus

2358 5175 2578 5250 propria
2600 5173 2687 5234 lex
2714 5180 2840 5250 est,
2878 5174 3108 5248 proponi
3148 5173 3379 5231 subditis
3418 5189 3516 5248 per
3556 5179 3715 5231 actus
3754 5175 3950 5232 imma·

2359 5273 2559 5329 nentes
2583 5281 2808 5340 eorum3
2838 5271 3018 5326 tamen
3043 5265 3230 5336 illimet
3262 5271 3423 5326 actus
3462 5271 3595 5326 sunt
3628 5268 3837 5326 externi
3861 5282 3950 5326 re·
