4325 6267
1625 883 2195 1003 LIBER
2281 884 3104 1006 TERTIUS

1677 1366 1706 1374 —

817 1505 925 1616 'DE
985 1535 1188 1616 LEGE
1245 1534 1605 1616 POSITIVA
1661 1536 1992 1620 ΗΠΜΑΝΑ
2055 1537 2475 1618 SECUNDUM
2532 1538 2623 1619 SE
2688 1540 2790 1619 ET
2850 1539 3112 1620 PROUT
3170 1540 3252 1621 IN
3314 1541 3523 1621 PURA
3586 1541 3921 1622 HOMINIS

1061 1699 1386 1780 NATURA
1433 1697 1818 1782 SPECTARI
1862 1700 2162 1781 POTEST
2216 1701 2422 1796 QUAE
2487 1702 2651 1782 LEX
2708 1702 2956 1783 ΕΤΙΑΜ
3012 1702 3300 1784 CIVILIS
3346 1703 3670 1785 DIClTUR

806 2559 850 2610 1.
882 2550 1232 2608 Distinximus
1275 2551 1325 2606 in
1364 2549 1534 2621 primo
1573 2550 1711 2607 libro
1751 2548 2102 2622 temporalem
2142 2551 2316 2624 legem

718 2643 770 2698 in
793 2641 1091 2699 naturalem
1115 2647 1170 2696 et
1189 2641 1499 2711 positivam,
1523 2647 1579 2697 et
1597 2640 1719 2697 ideo
1742 2647 2030 2712 postquam
2054 2640 2119 2696 de
2145 2647 2319 2697 aeter-

719 2746 788 2786 na
821 2731 937 2802 lege
958 2771 972 2798 ,
997 2735 1050 2786 et
1081 2728 1365 2798 temporali
1386 2727 1618 2784 naturali
1646 2727 1854 2784 dictum
1881 2738 1996 2798 est,
2021 2727 2315 2785 dicendum

718 2820 969 2892 sequitur
1004 2817 1072 2874 de
1111 2819 1358 2889 positiva.
1391 2819 1542 2874 Hanc
1583 2833 1713 2873 vero
1745 2817 1942 2874 ibidem
1971 2816 2322 2874 subdistinxi-

716 2926 841 2966 mus
871 2911 923 2965 in
952 2907 1184 2964 divinam
1212 2915 1267 2963 et
1307 2908 1630 2977 humanam,
1664 2907 1802 2964 inter
1829 2923 1966 2979 quas
1995 2907 2169 2963 divina
2196 2907 2317 2978 qui-

713 2997 838 3054 dem
867 2996 1096 3053 nobilior
1115 3004 1200 3051 est
1221 3002 1277 3052 et
1297 2995 1541 3068 dignior,
1569 3003 1750 3052 tamen
1781 2996 2016 3053 humana
2040 3002 2127 3052 est
2155 2995 2313 3051 nobis

713 3086 890 3142 notior
918 3096 974 3142 et
1003 3085 1362 3158 propinquior
1388 3090 1646 3156 naturae,
1678 3086 1804 3157 quia
1831 3083 2076 3140 eiusdem
2107 3083 2315 3140 ordinis

709 3183 824 3246 est,
853 3180 909 3231 et
935 3175 1005 3230 ita
1029 3175 1176 3230 sicut
1206 3181 1401 3231 natura
1422 3175 1626 3246 gratiae
1649 3176 2000 3246 supponitur,
2025 3176 2100 3230 ita
2121 3189 2187 3230 ex
2212 3189 2313 3229 suo

711 3279 907 3336 genere
949 3264 1034 3320 lex
1078 3263 1318 3320 humana
1359 3261 1526 3319 veluti
1554 3264 1920 3334 generationis
1949 3263 2135 3319 ordine
2168 3263 2313 3333 prior

710 3361 827 3427 est,
870 3369 1034 3426 quam
1078 3352 1283 3422 divina,
1325 3353 1454 3425 quia
1484 3352 1617 3408 haec
1646 3341 2076 3423 supernaturalis
2105 3358 2227 3422 est,
2258 3359 2313 3408 et

708 3443 776 3500 ad
817 3443 1062 3500 ordinem
1102 3443 1312 3515 gratiae
1355 3447 1586 3514 spectat.
1632 3443 1870 3515 Ideoque
1911 3445 2062 3515 prius
2091 3442 2158 3499 de
2192 3443 2308 3514 lege

709 3533 976 3603 humana,
1009 3547 1176 3604 quarn
1205 3529 1274 3586 de
1304 3529 1485 3586 divina
1515 3537 1834 3588 tractamus.
1872 3534 1945 3587 De
1977 3533 2183 3588 ratione
2214 3548 2311 3588 au-

712 3630 817 3679 tem
851 3621 1131 3678 communi
1160 3621 1418 3690 positivae
1445 3619 1610 3692 legis,
1635 3627 1698 3676 ut
1726 3637 1757 3676 a
1785 3620 1965 3677 divina
1991 3627 2048 3676 et
2073 3621 2312 3676 humana

707 3711 1003 3780 abstrahit,
1037 3709 1160 3766 nihil
1192 3708 1375 3764 dicere
1401 3724 1629 3765 necesse
1658 3717 1764 3774 est,
1795 3711 1922 3781 quia
1952 3715 2165 3781 praeter
2196 3725 2309 3765 mo-

706 3801 838 3856 dum
873 3800 1128 3872 originis,
1159 3796 1252 3869 qui
1295 3812 1392 3868 per
1435 3796 1574 3852 hanc
1605 3798 1942 3870 negationem
1973 3797 2303 3869 explicatur,

707 3889 856 3964 quod
891 3898 1183 3962 praecepta
1213 3890 1500 3961 utriusque
1530 3888 1664 3944 iuris
1691 3887 1851 3942 divini
1876 3892 1931 3942 et
1959 3884 2182 3943 humani
2211 3902 2307 3958 po-

707 3981 847 4036 sitivi
889 3995 998 4036 non
1038 3978 1242 4035 habent
1280 3993 1376 4049 per
1411 3993 1468 4033 se
1503 3979 1856 4033 intrinsecam
1896 3977 2299 4044 necessitatem,

705 4068 802 4125 sed
841 4083 906 4124 ex
947 4067 1228 4124 voluntate
1267 4067 1606 4122 extrinseca:
1638 4071 1854 4135 praeter
1882 4062 1988 4130 hoc
2021 4061 2302 4136 (inquam)

701 4165 758 4214 et
786 4163 1000 4230 praeter
1028 4171 1123 4228 ea,
1157 4170 1300 4229 quae
1326 4154 1392 4210 de
1420 4154 1536 4227 lege
1564 4155 1616 4209 in
1647 4153 1922 4210 communi
1953 4155 2002 4208 in
2033 4155 2213 4224 primo
2244 4153 2306 4209 li-

708 4247 809 4305 bro
838 4252 971 4302 sunt
999 4245 1170 4315 dicta,
1194 4243 1304 4300 fere
1333 4243 1460 4299 nihil
1490 4248 1743 4313 superest
1769 4240 2058 4298 dicendum
2079 4244 2132 4298 in
2156 4258 2308 4299 com-

705 4337 857 4393 muni
881 4377 894 4406 ,
918 4335 1066 4407 quod
1091 4334 1158 4390 ad
1183 4331 1443 4390 moralem
1468 4331 1776 4389 doctrinam
1800 4331 1931 4387 utile
1953 4333 2046 4404 sit,
2071 4333 2180 4388 imo
2204 4345 2303 4387 nec

705 4425 770 4481 ad
822 4424 1252 4496 speculationem
1300 4421 1533 4479 alicuius
1585 4423 1862 4478 momenti.
1916 4422 1984 4477 Et
2027 4421 2302 4493 explicato

701 4519 944 4586 utroque
977 4513 1247 4584 membro,
1273 4511 1450 4569 omnia
1477 4525 1618 4584 quae
1646 4509 1712 4566 de
1733 4509 1956 4584 illorum
1979 4511 2304 4566 convenien-

702 4603 809 4672 tia,
841 4609 938 4658 aut
977 4602 1274 4658 differentia
1314 4599 1608 4657 desiderari
1638 4605 1890 4670 possunt,
1919 4597 2193 4671 explicata
2222 4613 2303 4655 re-

699 4691 1032 4762 linquentur.
2038 4747 2047 4754 ,

777 4779 886 4835 Lex
928 4785 1110 4835 autem
1162 4778 1398 4835 humana
1442 4777 1591 4834 iuxta
1639 4783 1878 4834 mentem
1926 4776 2209 4833 Iustiniani
2249 4776 2303 4830 in

699 4874 732 4934 s
760 4871 853 4924 ius
880 4872 1103 4933 autem,
1141 4867 1316 4924 lnstit.
1347 4866 1413 4923 de
1443 4867 1560 4922 iure
1597 4872 1781 4922 natur.
1814 4873 1962 4938 gent.
1993 4871 2051 4921 et
2079 4865 2189 4920 civ.
2222 4861 2302 4918 di-

697 4955 801 5012 vidi
842 4963 1026 5026 potest
1066 4955 1119 5010 in
1161 4955 1366 5027 legem,
1410 4969 1553 5026 quae
1593 4961 1680 5011 est
1706 4955 1840 5010 iuris
1869 4953 2213 5024 communis,
2244 4957 2301 5008 et

693 5060 839 5119 quae
863 5051 948 5101 est
973 5045 1107 5100 iuris
1136 5043 1369 5115 proprii3
1396 5044 1541 5114 prior
1569 5042 1635 5099 ad
1665 5045 1752 5099 ius
1781 5043 2024 5115 gentium
2055 5049 2292 5115 spectat,

695 5141 753 5191 et
773 5133 878 5190 hoc
901 5134 1120 5190 nomine
1141 5132 1496 5204 significatur,
1521 5130 1662 5188 etde
1686 5131 1774 5188 illa
1798 5132 1902 5188 iam
1927 5131 2057 5188 satis
2079 5130 2295 5188 dictum

695 5231 799 5279 est.
827 5224 923 5280 Hic
951 5238 1084 5296 ergo
1118 5229 1419 5280 tractamus
1441 5219 1508 5277 de
1535 5221 1652 5277 iure
1675 5220 1913 5276 humano
1935 5223 2180 5294 proprio,
2202 5222 2296 5277 cui

2389 2565 2583 2606 nomen
2612 2549 2745 2624 legis
2773 2551 3041 2607 humanae
3073 2551 3330 2623 positivae
3368 2551 3853 2620 accommodatum
3882 2560 3989 2609 est:

2388 2638 2591 2695 dicitur
2612 2647 2796 2697 autem
2822 2641 3102 2711 proprium
3129 2640 3365 2697 alicuius
3382 2640 3641 2705 civitatis,
3664 2639 4001 2714 reipublicae

2390 2734 2487 2783 aut
2516 2727 2702 2782 similis
2730 2728 3003 2798 perfectae
3032 2729 3490 2802 congregationis.
3515 2729 3671 2786 Unde
3700 2728 4001 2784 huiusmo-

2391 2815 2441 2872 di
2469 2818 2634 2873 etiam
2663 2815 2753 2874 lex
2778 2817 3015 2874 humana
3044 2819 3094 2873 in
3124 2818 3339 2874 civilem
3363 2825 3420 2875 et
3446 2819 3771 2876 canonicam
3793 2820 3987 2875 distin-

2389 2909 2580 2978 guitur
2600 2926 2615 2979 ς
2647 2923 2771 2962 nam
2802 2907 2931 2964 licet
2958 2909 3218 2965 canonica
3240 2906 3307 2964 de
3328 2924 3387 2964 se
3408 2909 3579 2981 possit
3596 2924 3719 2966 esse
3741 2925 3999 2966 commu-

2386 2999 2470 3053 nis
2500 2999 2753 3053 universo
2784 2997 2933 3070 orbi,
2960 2999 3107 3054 sicut
3136 2997 3383 3054 Ecclesia
3406 2997 3679 3055 catholica
3708 2999 3997 3054 universa-

2388 3085 2449 3141 lis
2477 3091 2590 3156 est,
2633 3093 2808 3142 tamen
2850 3085 2917 3142 de
2954 3086 3097 3143 facto
3126 3093 3213 3143 est
3238 3089 3457 3158 propria
3489 3087 3653 3142 huius
3680 3088 4001 3142 communi-

2388 3177 2542 3244 tatiS,
2574 3190 2715 3247 quae
2743 3181 2829 3231 est
2858 3175 3104 3230 Ecclesia
3130 3175 3367 3246 Christi,
3399 3182 3458 3231 et
3482 3190 3587 3230 non
3617 3181 3707 3231 est
3733 3190 3996 3232 commu-

2386 3266 2468 3319 nis
2510 3263 2760 3321 omnibus
2797 3264 3079 3336 gentibus,
3113 3265 3243 3334 quia
3275 3279 3385 3320 non
3415 3278 3603 3319 omnes
3633 3271 3766 3320 sunt
3790 3263 3859 3320 do
3888 3264 3997 3320 Ec-

2384 3352 2569 3409 clesia.
2604 3355 2826 3410 Praeter
2856 3368 3023 3425 quam
3052 3351 3200 3424 quod
3229 3353 3282 3407 in
3308 3351 3503 3422 modo,
3533 3368 3645 3424 quo
3670 3352 3876 3422 fertur,
3908 3359 3995 3408 est

2383 3441 2601 3514 proprie
2643 3441 2727 3497 lex
2766 3441 2999 3512 positiva
3038 3439 3311 3512 humana,
3352 3448 3410 3498 et
3438 3440 3595 3514 longe
3622 3440 3875 3498 diversae
3905 3457 3996 3497 ra·

2385 3533 2548 3587 tionis
2574 3546 2607 3587 a
2636 3531 2751 3586 iure
2778 3530 3058 3603 gentium,
3083 3531 3135 3586 in
3167 3529 3352 3588 multis
3374 3529 3786 3589 similitudinem
3806 3539 3995 3589 servat

2385 3619 2451 3675 ad
2473 3621 2561 3675 ius
2584 3619 2761 3675 civile.
2778 3620 3118 3676 Conveniunt
3138 3621 3281 3676 enim
3303 3620 3403 3676 hae
3426 3620 3569 3677 duae
3589 3622 3738 3694 leges
3759 3623 3813 3678 in
3837 3638 3997 3679 com·

2384 3708 2533 3763 muni
2564 3709 2767 3765 ratione
2798 3708 2931 3780 legis
2960 3709 3217 3780 positivae
3245 3708 3535 3766 humanae.
3560 3712 3711 3767 luter
3732 3725 3831 3768 eas
3857 3727 3992 3768 vero

2383 3799 2560 3854 notari
2591 3804 2771 3870 potest
2798 3798 3114 3870 differentia,
3145 3814 3254 3871 qua
3286 3799 3370 3855 lex
3401 3800 3573 3856 civilis
3594 3806 3681 3857 est
3709 3815 3863 3858 mere
3890 3817 3990 3858 na-

2385 3887 2579 3943 turalis
2608 3884 2816 3943 ordinis
2845 3885 3024 3958 quoad
3054 3903 3211 3944 suam
3238 3888 3505 3960 originem
3531 3895 3587 3944 et
3626 3896 3987 3962 potestatem3

2376 3991 2500 4032 nam
2531 3976 2659 4032 licet
2686 3968 2791 4032 non
2820 3976 3025 4032 feratur
3056 3975 3359 4033 immediate
3389 3993 3421 4033 a
3449 3983 3666 4049 natura,
3698 3979 3877 4036 fertur
3908 3986 3993 4036 ta-

2378 4080 2501 4121 men
2543 4079 2641 4136 per
2683 4070 3003 4135 potestatem
3047 4065 3247 4121 homini
3286 4067 3726 4124 connaturalem.
3758 4071 3831 4126 At
3858 4083 3993 4124 vero

2381 4151 2465 4209 lex
2496 4155 2767 4209 canonica
2795 4156 3011 4225 proprie
3040 4160 3125 4211 est
3142 4152 3231 4210 illa
3250 4197 3265 4225 ,
3289 4170 3431 4226 quae
3453 4156 3521 4212 ab
3542 4155 3853 4214 hominibus
3876 4158 3987 4215 fer·

2378 4250 2469 4299 tur
2509 4257 2606 4313 per
2647 4248 2967 4314 potestatem
3010 4244 3502 4314 supernaturalem.
3538 4247 3607 4302 Et
3636 4246 3737 4302 hac
3766 4248 3981 4304 ratione

2378 4330 2566 4387 ordine
2606 4329 2884 4387 doctrinae
2926 4349 2954 4388 a
2996 4332 3333 4389 facilioribus
3363 4334 3701 4406 incipiendo,
3736 4337 3887 4408 prius
3914 4337 3987 4393 de

2377 4420 2520 4478 civili
2561 4419 2679 4494 lege
2719 4435 2886 4493 quam
2923 4420 2989 4476 de
3020 4423 3284 4478 canonica
3310 4421 3603 4480 dicendum
3634 4423 3875 4482 videtur.
3908 4427 3991 4482 De

2378 4510 2656 4567 communi
2699 4515 2883 4566 autem
2924 4511 3133 4565 ratione
3161 4509 3294 4584 legis
3322 4511 3592 4570 humanae
3622 4513 3883 4585 positivae
3911 4515 3991 4571 si-

2378 4599 2497 4657 mul
2526 4614 2654 4656 cum
2675 4599 2795 4672 lege
2820 4597 2962 4655 civili
2985 4597 3351 4674 disseremus,
3378 4602 3458 4657 sic
3480 4603 3625 4659 enim
3647 4602 3858 4659 facilior
3878 4605 3989 4661 erit

2378 4688 2626 4746 doctrina
2646 4729 2661 4759 ,
2694 4687 2963 4761 facileque
2997 4691 3198 4759 poterit
3224 4688 3291 4745 ad
3321 4689 3497 4762 legem
3528 4692 3853 4748 canonicam
3878 4709 3981 4750 ac·

2378 4775 2738 4847 commodari,
2761 4791 2824 4832 ea
2855 4782 3069 4834 tantum
3090 4776 3359 4848 addendo,
3384 4794 3529 4851 quae
3551 4781 3761 4837 ratione
3782 4796 3987 4852 super-

2374 4864 2637 4922 naturalis
2670 4865 2955 4937 potestatis
2985 4865 3056 4922 illi
3084 4869 3441 4938 conveniunt,
3467 4867 3618 4941 quod
3639 4871 3692 4924 in
3722 4869 3860 4927 libro
3888 4887 3982 4928 se-

2372 4955 2558 5028 quenti
2603 4952 3020 5027 praestabimus.
3055 4957 3122 5010 Et
3162 4955 3286 5010 hinc
3326 4957 3490 5012 etiam
3530 4964 3645 5025 est,
3679 4964 3745 5014 ut
3782 4959 3835 5014 in
3864 4960 3988 5031 ipsa

2369 5042 2488 5117 lege
2516 5044 2659 5100 civili
2686 5043 2798 5100 duo
2821 5049 2997 5100 status
3019 5043 3283 5118 distingui
3308 5047 3541 5116 possint,
3567 5062 3739 5103 unum
3770 5064 3983 5106 secun-

2367 5132 2500 5190 dum
2530 5148 2586 5188 se
2616 5147 2682 5189 ac
2710 5147 2879 5204 pure,
2913 5139 3081 5204 prout
3108 5133 3209 5190 fuit
3232 5133 3279 5188 in
3308 5133 3592 5207 gentihus,
3624 5143 3681 5192 et
3710 5152 3862 5195 nunc
3880 5147 3987 5195 est

2367 5222 2417 5278 in
2448 5220 2787 5292 infidelibus,
2820 5219 2955 5277 alius
2992 5229 3159 5292 prout
3195 5229 3283 5280 est
3318 5223 3656 5282 coniunctus
3684 5240 3818 5283 cum
3846 5227 3985 5283 fide.
