4325 6267
805 335 929 402 248

724 481 839 536 cari
881 477 1182 536 mortaliter
1219 481 1415 534 contra
1454 476 1628 551 legem
1669 476 1962 552 humanam
2001 492 2100 551 per
2133 492 2309 535 unum

723 577 942 642 actum,
967 568 1056 630 vel
1086 568 1451 640 omissionem,
1483 567 1733 626 omnibus
1755 568 1856 627 illis
1878 568 2074 639 modis,
2103 567 2307 642 quibus

723 666 906 735 potest
934 660 1152 733 peccari
1181 664 1374 716 contra
1398 657 1571 731 legem
1593 659 1915 732 naturalem,
1939 659 2024 716 vel
2047 657 2304 726 divinam,

723 751 941 809 scilicet
971 749 1052 807 vel
1083 765 1178 822 per
1217 747 1509 822 malitiam,
1541 765 1637 807 seu
1667 765 1731 807 ex
1772 756 1926 808 certa
1951 749 2214 823 scientia,
2255 753 2311 805 et

722 856 896 915 pravo
926 857 1038 898 usu
1066 839 1346 911 libertatis,
1371 837 1544 896 velex
1571 840 1843 912 passione,
1871 855 2014 913 quae
2037 838 2313 897 sufficien-

721 941 831 990 tem
847 931 1282 989 deliberationem
1312 945 1419 987 non
1444 928 1721 1003 excludat,
1735 930 1820 986 vel
1839 945 1937 1004 per
1951 928 2309 1003 ignorantiam

723 1037 967 1080 crassam
999 1029 1058 1079 et·
1083 1020 1331 1094 supinam
1346 1061 1362 1094 ,
1394 1036 1492 1077 seu
1513 1036 1581 1078 ex
1603 1019 1823 1078 notabili
1842 1019 2158 1095 negligentia
2181 1035 2308 1093 pro-

723 1111 944 1171 fectam.
981 1115 1160 1185 Patet,
1206 1111 1334 1186 quia
1373 1111 1624 1169 omnibus
1663 1111 1744 1168 bis
1781 1109 1954 1169 modis
1981 1117 2308 1184 potestesse

723 1210 883 1262 actus
929 1201 1265 1261 sufficienter
1293 1199 1635 1261 voluntarius
1659 1242 1674 1271 ,
1714 1207 1774 1259 et
1799 1200 1927 1257 nibil
1956 1198 2102 1257 aliud
2129 1200 2311 1273 requi-

721 1297 898 1368 ritur,
933 1295 1213 1367 supposita
1241 1291 1564 1366 obligatione
1593 1291 1749 1364 legis.
1783 1291 1853 1348 Et
1873 1288 2055 1364 quoad
2083 1289 2191 1346 hoc
2218 1305 2309 1346 ea-

720 1383 848 1442 dem
873 1392 961 1442 est
991 1383 1129 1441 ratio
1156 1381 1223 1440 de
1253 1382 1488 1440 humana
1511 1422 1526 1444 .
1570 1398 1710 1456 quae
1750 1381 1817 1440 de
1857 1379 2090 1439 naturali
2119 1381 2203 1438 vel
2232 1380 2309 1438 di-

722 1476 849 1532 vina
876 1473 1011 1547 lege.
1037 1473 1378 1546 Quapropter
1405 1489 1536 1528 sano
1564 1470 1728 1529 modo
1757 1470 2165 1546 intelligendum
2194 1476 2305 1543 est,

723 1563 874 1640 quod
905 1563 1191 1622 caietanus
1218 1562 1384 1620 verbo
1402 1567 1817 1638 praeceptum,
1853 1564 1909 1620 in
1941 1562 2041 1619 line
2062 1605 2076 1634 ,
2107 1563 2213 1632 ait,
2256 1562 2307 1618 in

719 1655 805 1714 his
834 1671 977 1730 quae
1017 1661 1146 1712 sunt
1183 1652 1399 1727 positivi
1437 1654 1613 1726 iuris,
1653 1654 1696 1711 si
1739 1654 1946 1728 absque
1988 1660 2310 1724 contemptu

719 1752 989 1823 peccetur
1013 1762 1080 1804 ex
1109 1761 1248 1818 pura
1273 1746 1606 1818 ignorantia,
1637 1744 1719 1802 vel
1755 1738 2034 1817 apparenti
2072 1758 2308 1802 excusa·

720 1842 899 1912 tione,
929 1854 1060 1895 cum
1107 1837 1282 1895 animo
1320 1851 1432 1892 non
1465 1835 1831 1893 consentiendi
1859 1842 2056 1893 contra
2082 1849 2309 1907 praece·

719 1935 877 2003 ptum
904 1928 1144 2001 obligans
1197 1925 1266 1983 ad
1304 1922 1565 1997 mortale,
1595 1940 1700 1984 non
1730 1927 1951 1998 peccari
1979 1923 2303 1982 mortaliter.

719 2021 836 2077 Hoc
860 2021 1004 2076 enim
1030 2015 1432 2092 intelligendum
1474 2022 1560 2073 est
1583 2015 1650 2074 de
1687 2015 1990 2090 ignorantia
2015 2014 2307 2072 invincibili

719 2116 774 2167 et
798 2125 907 2167 non
935 2123 1155 2178 crassa,
1183 2113 1242 2164 et
1270 2105 1338 2164 de
1372 2105 1634 2178 probabili
1654 2107 2046 2165 existimatione
2073 2121 2309 2164 excusa-

717 2199 900 2258 tionis.
929 2196 1080 2257 Unde
1117 2195 1257 2254 idem
1301 2195 1412 2253 dici
1449 2201 1636 2268 posset
1675 2195 1742 2254 de
1784 2196 1948 2253 rebus
1976 2195 2114 2254 iuris
2141 2193 2307 2252 divini

717 2289 966 2365 positivi,
998 2289 1129 2346 licet
1164 2288 1219 2344 in
1247 2286 1484 2344 humano
1528 2285 1713 2358 plures
1753 2287 1962 2344 admitti
2002 2286 2213 2359 possint
2238 2286 2307 2342 si-

718 2380 872 2439 miles
901 2379 1303 2437 excusationes.
1336 2379 1514 2451 Atque
1543 2376 1616 2434 ita
1643 2378 1902 2450 explicuit
1926 2377 2072 2436 illam
2101 2377 2305 2435 doctri-

717 2486 845 2528 nam
874 2468 1022 2546 Sylv.
1055 2467 1220 2525 verbo
1261 2465 1682 2530 inobedientia,
1713 2467 1808 2526 ubi
1833 2465 1892 2525 d.
1919 2467 2212 2543 Thomam,
2252 2475 2309 2526 et

718 2561 853 2620 alios
879 2558 1067 2619 refert.

1246 2735 1524 2806 CAPUT
1545 2735 1758 2806 XXV.

725 2939 939 3000 Utrum
967 2933 1066 2994 lex
1087 2935 1378 3001 huntam,
1397 2937 1464 2990 ut
1483 2930 1695 3005 obliqet
1712 2932 1818 2990 sub
1837 2929 2082 2991 „tonali
2102 2931 2297 3009 culpa,

792 3043 1032 3105 pravem
1059 3028 1382 3084 maenam
1407 3026 1698 3097 requirat,
1733 3028 1791 3081 et
1815 3039 1966 3098 quae
1992 3022 2106 3082 illa
2129 3027 2226 3082 sit.

1267 3202 1752 3270 summarium

719 3399 770 3451 1.
796 3399 919 3450 Tria
942 3411 970 3448 a
993 3394 1294 3449 doctoribus
1318 3392 1653 3457 designantur
1688 3391 1753 3442 ad
1785 3391 2091 3455 gravitatem
2113 3390 2309 3452 obliga-

785 3468 944 3520 tionis
975 3469 1028 3518 in
1066 3467 1211 3530 lege:
1251 3465 1480 3528 gravitas
1503 3462 1780 3522 materiae;
1808 3461 1992 3524 verba,
2017 3461 2206 3526 quibus
2229 3461 2309 3510 lex

787 3537 1088 3604 profertum
1116 3534 1335 3586 intentio
1359 3533 1740 3598 praecipientis.
1762 3557 1832 3568 —
1851 3531 1903 3582 2.
1931 3531 2194 3582 Resolutio
2217 3543 2308 3581 au-

786 3609 967 3660 ctoris.
989 3635 1058 3645 -
1077 3605 1316 3666 Materia,
1343 3615 1472 3666 quae
1498 3603 1632 3654 nude
1655 3605 1884 3667 spectata
1910 3602 2037 3652 levis
2073 3605 2304 3666 apparet,

787 3685 942 3745 prout
979 3678 1033 3728 in
1069 3677 1241 3739 aliqua
1273 3674 1538 3725 occasione
1561 3679 1616 3722 et
1640 3672 1700 3726 i·
1718 3671 1896 3723 ordine
1918 3670 1982 3721 ad
2005 3670 2228 3734 aliquem
2251 3669 2309 3720 fi-

787 3762 904 3800 nem
928 3747 1273 3813 praecipitur,
1300 3755 1450 3808 saepe
1475 3747 1643 3808 potest
1667 3753 1780 3792 esse
1815 3742 2007 3806 gravis.
2029 3768 2100 3778 —
2116 3742 2171 3794 3.
2199 3741 2306 3803 Qua

786 3820 986 3870 ratione
1010 3813 1354 3868 inobedientia
1377 3811 1552 3864 Adami
1575 3811 1676 3862 fuit
1699 3813 1891 3876 gravis.
1911 3839 1982 3849 —
1997 3812 2053 3861 4.
2093 3811 2309 3862 Praece-

789 3896 934 3955 ptum
957 3887 1178 3952 positum
1203 3884 1302 3936 sub
1317 3882 1544 3945 mortali,
1565 3883 1618 3932 in
1637 3882 1850 3932 materia
1869 3881 1970 3932 levi
1993 3881 2190 3944 obligat
2209 3882 2308 3933 suh

713 3949 720 3954 ⁹
787 3957 996 4010 veniali.
1017 3983 1088 3993 ——
1105 3955 1243 4006 Utile
1267 3966 1359 4018 per
1385 3952 1572 4004 inutile
1593 3965 1696 4002 non
1720 3951 2100 4003 vitiatum—5.
2127 3951 2307 4002 Gravi·

785 4036 867 4080 tas
889 4028 1133 4079 materiae
1157 4024 1408 4076 sufficiens
1431 4021 1496 4072 ad
1517 4023 1820 4087 gravitatem
1852 4022 2179 4085 obligationis
2204 4022 2309 4074 col-

785 4096 988 4164 ligenda
1012 4103 1092 4148 est
1116 4094 1358 4160 prudenti
1383 4093 1601 4144 arbitrio
1625 4093 1804 4142 tamin
1829 4091 1942 4155 lege
1966 4092 2128 4154 civili,
2154 4105 2305 4156 quam

787 4171 841 4222 in
861 4167 1234 4221 ecclesiastica.
1257 4191 1327 4202 ——
1345 4163 1397 4214 6.
1425 4162 1561 4226 opus
1583 4167 1694 4226 est,
1733 4169 1794 4212 ut
1829 4161 1943 4212 finis
1979 4162 2110 4224 legis
2146 4163 2307 4226 perti-

785 4247 906 4291 neat
931 4238 995 4287 ad
1018 4239 1266 4288 virtutem
1300 4233 1520 4296 aliquam
1555 4245 1618 4283 ex
1651 4231 2002 4296 gravioribus:
2031 4232 2308 4297 investiga-

785 4317 875 4360 tur
909 4319 1156 4372 quaenam
1190 4305 1294 4356 sint
1332 4304 1452 4354 illae
1489 4302 1728 4354 virtutes.
1750 4329 1821 4339 -
1841 4303 1892 4352 7.
1929 4302 2141 4353 Materia
2174 4303 2306 4366 legis

785 4380 1032 4446 positivae
1073 4382 1244 4442 potest
1279 4387 1392 4426 esse
1427 4373 1599 4436 gravis
1633 4373 1686 4424 in
1721 4373 1956 4424 omnihus
1999 4373 2303 4436 virtutibus,

785 4447 1087 4516 praesertim
1111 4444 1482 4512 principalibus
1503 4449 1557 4494 et
1580 4442 1940 4494 cardinalibus».
1965 4471 2035 4480 -
2052 4442 2105 4494 8.
2131 4442 2207 4493 Ad
2228 4443 2305 4495 iu-

785 4518 1054 4571 dicandum
1076 4523 1322 4581 quantum
1347 4514 1540 4578 obliget
1564 4512 1644 4564 lex
1669 4514 1806 4563 circa
1838 4512 2060 4564 medium
2075 4549 2091 4577 ,
2129 4513 2307 4564 viden-

784 4590 906 4641 dum
927 4596 1036 4652 est,
1063 4589 1106 4638 si
1133 4587 1351 4637 multum
1374 4584 1454 4634 vel
1481 4595 1659 4648 parum
1681 4583 1890 4648 prodest
1913 4583 2000 4634 fini
2035 4595 2062 4632 a
2089 4585 2205 4646 lege
2229 4584 2307 4634 in-

789 4665 951 4712 tento.
971 4683 1043 4695 -
1068 4658 1121 4708 9.
1159 4657 1297 4708 Finis
1332 4654 1653 4706 extrinsecus
1688 4654 1790 4716 legi
1825 4660 1878 4704 et
1913 4654 2159 4706 materiae
2192 4654 2305 4706 eius

788 4745 888 4784 non
913 4728 1054 4782 cadit
1078 4728 1176 4780 suh
1200 4727 1314 4791 lege
1329 4761 1345 4789 ,
1371 4737 1521 4776 secus
1542 4723 1608 4776 de
1631 4725 1928 4776 intrinseco.

800 4911 849 4966 1.
880 4901 1142 4973 Quoniam
1180 4899 1390 4958 dictum
1429 4903 1547 4972 est,
1576 4896 1752 4972 legem
1791 4912 1954 4971 posse
1981 4898 2050 4957 de
2076 4913 2136 4956 se
2167 4897 2303 4957 obli-

716 5011 847 5072 gare
882 4996 984 5053 sub
1017 4991 1261 5066 mortali,
1286 4990 1415 5048 licet
1441 5004 1549 5047 non
1586 5004 1796 5062 semper
1833 4989 1907 5046 ita
1943 4989 2153 5063 obliget
2188 5031 2203 5060 ,
2246 4995 2303 5046 et

716 5086 836 5147 ideo
863 5083 1239 5143 necessarium
1265 5084 1353 5137 est
1377 5078 1680 5148 declarare,
1703 5077 1922 5152 quando
1946 5078 2204 5153 obligatio
2224 5077 2301 5136 le-

716 5179 799 5252 gis
827 5177 1096 5249 pertingat
1124 5185 1306 5244 usque
1342 5169 1411 5227 ad
1439 5167 1592 5254 illum
1629 5168 1903 5242 gradum,
1945 5169 1998 5224 in
2037 5184 2149 5242 quo
2192 5173 2301 5226 tam

715 5268 958 5344 rigorose
979 5263 1196 5340 obliget.
1210 5261 1482 5332 Quantum
1501 5264 1690 5318 autem
1709 5272 1777 5318 ex
1796 5261 2078 5318 communi
2097 5257 2304 5321 doctri-

2159 350 2366 403 mmm
2390 349 2497 400 111.
2679 371 2693 407 t

2380 491 2449 532 na
2474 474 2762 532 doctorum
2788 475 2841 532 in
2868 472 2971 533 bac
2999 476 3221 534 materia
3248 475 3427 549 colligi
3468 481 3693 549 potest,
3728 476 3835 532 tria
3862 489 3963 532 ca·

2377 567 2487 640 pita
2513 566 2786 641 designari
2816 566 2992 624 solent
3018 566 3086 624 ad
3114 567 3249 624 hanc
3268 561 3590 640 gravitatem
3612 564 3960 644 obligationis

2376 656 2427 714 in
2460 656 2573 729 lege
2600 655 3042 713 discernendam:
3068 657 3327 714 nimirum
3353 656 3582 730 qualitas
3600 695 3616 724 ,
3650 672 3749 713 seu
3776 669 3962 729 quan-

2376 747 2502 804 titas
2526 787 2542 818 ,
2585 752 2683 803 aut
2718 747 2955 820 gravitas
2994 747 3250 804 materiae
3274 789 3291 818 ,
3331 745 3387 802 in
3412 762 3521 821 qua
3548 745 3633 803 lex
3669 745 3957 818 praecipit,

2378 836 2566 909 verba,
2599 837 2798 910 quibus
2827 837 2911 896 lex
2949 838 3259 910 profertur,
3290 836 3391 894 sub
3418 835 3621 911 quibus
3649 851 3878 908 poenam
3903 837 3961 891 in

2378 925 2497 1000 lege
2524 926 2757 984 additam
2797 926 3307 1000 comprehendimus
3338 970 3352 998 ,
3382 933 3441 984 et
3476 926 3700 984 intentio
3743 927 3959 999 praeci-

2376 1017 2600 1091 pientis:
2630 1016 2696 1074 de
2727 1017 2927 1090 quibus
2956 1017 3262 1090 singillatim
3288 1016 3580 1075 dicendum
3608 1023 3712 1080 est.

2452 1107 2609 1166 Circa
2649 1110 2887 1181 primum
2928 1113 3142 1196 certum
3182 1114 3305 1180 est,
3344 1107 3661 1180 gravitatem
3701 1107 3959 1165 materiae

2377 1199 2657 1272 praecepti
2685 1201 2806 1255 esse
2828 1199 3197 1269 ¹necessariam
3224 1197 3293 1256 ad
3321 1213 3542 1271 gravem
3582 1196 3713 1271 legis
3742 1197 3955 1270 obliga-

2379 1288 2614 1357 tionem,
2655 1291 2729 1346 ita
2772 1294 2835 1346 ut
2875 1304 2979 1346 non
3020 1289 3169 1346 sitin
3196 1295 3469 1361 potestate
3504 1286 3823 1360 legislatoris
3852 1286 3961 1342 hu-

2378 1379 2519 1458 mani
2540 1378 2780 1453 obligare
2808 1378 2911 1436 sub
2949 1378 3163 1436 mortali
3202 1380 3257 1435 in
3298 1380 3525 1436 materia
3564 1377 3705 1450 levi,
3747 1377 3963 1435 etiamsi

2376 1470 2606 1526 maxime
2636 1467 2688 1526 id
2715 1468 2863 1539 velit,
2890 1467 3217 1526 etintendat.
3250 1471 3329 1526 lta
3354 1468 3543 1526 docuit
3562 1467 3756 1526 Driedo
3778 1466 3873 1524 lib.
3898 1471 3955 1523 3.

2377 1556 2448 1615 de
2480 1557 2739 1616 libertat.
2769 1559 2971 1618 clm'st.
3002 1574 3124 1631 cap.
3154 1563 3205 1616 3.
3224 1558 3291 1616 ad
3321 1565 3375 1632 53
3398 1568 3455 1617 et
3476 1559 3575 1616 hac
3597 1560 3805 1616 ratione
3825 1557 3963 1616 dixit

2374 1646 2515 1704 idem
2543 1655 2739 1706 auctor
2765 1649 2859 1706 lib.
2903 1655 2958 1709 2.
3004 1650 3056 1706 in
3094 1647 3353 1708 discursu
3390 1649 3667 1707 secundae
3708 1651 3955 1722 proposi-

2376 1739 2574 1822 tionis:
2612 1741 2989 1798 Temerariae
3014 1739 3441 1798 ntandantium
3467 1743 3817 1798 intentiones
3834 1756 3953 1814 pro

2375 1827 2729 1902 quibuslibet
2773 1828 2946 1887 rebus
2985 1833 3167 1904 parvi
3210 1829 3489 1906 ponderis
3530 1847 3647 1888 non
3695 1828 3961 1904 obliqant

2378 1917 2669 1988 subditos,
2702 1923 2775 1976 ut
2800 1923 3112 1978 teneantur
3136 1919 3367 1977 obedire
3396 1921 3505 1978 sub
3538 1937 3735 1997 poena
3758 1923 3965 1978 crimi-

2376 2013 2473 2068 nis
2514 2007 2705 2078 illius,
2755 2008 2911 2084 quod
2946 2013 3061 2086 ipsi
3096 2009 3302 2070 volunt
3336 2010 3599 2084 subditos,
3622 2016 3957 2070 incurrere.

2374 2099 2523 2158 Idem
2552 2107 2701 2158 tenet
2726 2101 2919 2159 Castro
2947 2101 3004 2159 d.
3036 2101 3129 2158 lib.
3170 2107 3219 2162 1.
3251 2101 3322 2160 de
3348 2101 3460 2177 leq.
3484 2119 3656 2180 poen.
3690 2118 3742 2161 c.
3773 2110 3827 2177 5,
3859 2103 3964 2162 do·

2373 2205 2526 2247 cum.
2558 2195 2625 2260 4,
2659 2198 2718 2249 et
2748 2191 2970 2253 inclinat
2992 2191 3247 2251 Corduba
3272 2195 3328 2249 in
3349 2193 3502 2252 Sum.
3534 2211 3593 2268 q.
3643 2196 3780 2267 118,
3810 2209 3867 2265 p.
3908 2197 3959 2266 1,

2376 2287 2649 2353 quatenus
2677 2283 2782 2356 ait,
2811 2297 2919 2338 non
2950 2297 3070 2338 esse
3098 2283 3153 2338 in
3190 2289 3459 2356 potestate
3499 2283 3793 2356 superioris
3822 2282 3965 2340 obli·

2372 2387 2503 2445 gare
2544 2372 2645 2430 sub
2686 2371 2932 2444 mortali,
2977 2378 3075 2430 aut
3114 2373 3332 2444 veniali,
3362 2373 3456 2430 sed
3488 2373 3596 2430 hoc
3628 2372 3865 2446 pendere
3892 2389 3965 2430 ex

2373 2462 2673 2536 quantitate
2699 2464 2973 2521 materiae.
3018 2464 3088 2520 Et
3124 2463 3390 2536 probatur
3427 2463 3601 2537 primo
3630 2506 3645 2534 ,
3681 2465 3811 2537 quia
3848 2462 3967 2535 pri-

2374 2569 2528 2610 mum
2554 2552 2968 2612 fundamentum
2996 2554 3157 2612 buius
3200 2555 3542 2627 obligationis
3582 2560 3668 2612 est
3696 2555 3957 2613 materiae

2372 2644 2647 2716 capacitas
2669 2688 2683 2716 ,
2716 2660 2818 2701 nec
2849 2650 3029 2718 potest
3052 2643 3327 2718 legislator
3356 2645 3560 2719 iacere,
3589 2650 3653 2702 ut
3679 2653 3838 2703 actus
3866 2631 3966 2702 eir-

2374 2732 2535 2790 cedat
2562 2710 2887 2808 pd'tentiam,
2919 2733 2971 2791 id
2994 2740 3081 2791 est
3107 2734 3359 2809 obligatio
3399 2735 3759 2808 capacitatem
3785 2742 3961 2792 mate-

2373 2823 2505 2881 riae.
2553 2823 2807 2881 Secundo
2835 2866 2851 2894 ,
2891 2825 3021 2897 quia
3038 2831 3206 2896 ,esset
3242 2824 3547 2896 iniustum,
3590 2825 3696 2882 imo
3724 2825 3964 2882 stultum

2379 2920 2734 2987 praeceptum
2767 2911 2945 2987 quoad
2974 2912 3114 2971 illam
3152 2921 3379 2988 partem.
3426 2914 3564 2983 Quid
3604 2915 3744 2972 enim
3784 2915 3964 2988 magis

2376 3002 2775 3076 inordinatum,
2804 3018 2971 3076 quam
2997 3010 3221 3077 propter
3248 3019 3363 3062 rem
3402 3003 3576 3062 levem
3622 3005 3861 3078 obligare
3890 3003 3965 3061 ad

2382 3105 2611 3166 poenam
2640 3093 2953 3150 aeternam?
2980 3101 3077 3151 aut
3106 3093 3280 3168 (quod
3308 3094 3531 3168 perinde
3556 3091 3671 3170 e'st)
3696 3097 3751 3152 in
3772 3110 3831 3152 re
3851 3093 3967 3152 levi

2380 3185 2718 3241 constituere
2746 3184 2939 3242 salutis
2965 3185 3126 3257 viam,
3158 3200 3257 3242 seu
3285 3182 3524 3243 medium
3548 3185 3615 3244 ad
3634 3184 3810 3243 illam?
3828 3186 3964 3243 Ter-

2364 3276 2483 3347 -tio,
2527 3275 2655 3348 quia
2697 3273 2781 3332 lex
2823 3274 3083 3331 naturalis
3122 3281 3177 3332 et
3214 3274 3395 3332 divina
3438 3292 3548 3334 non
3588 3276 3828 3350 obligant
3854 3275 3963 3333 sub

2374 3365 2590 3422 mortali
2628 3365 2678 3423 in
2706 3365 2934 3422 materia
2961 3363 3100 3438 levi,
3130 3379 3263 3438 ergo
3290 3365 3461 3423 multo
3488 3366 3671 3423 minus
3700 3371 3880 3439 potest
3902 3364 3963 3422 id

2375 3455 2553 3513 iacere
2581 3455 2668 3514 lex
2695 3456 2948 3513 humana.
2978 3455 3177 3524 Quarto
3194 3497 3209 3528 ,
3242 3456 3371 3530 quia
3396 3457 3519 3514 talis
3557 3457 3642 3514 lex
3670 3473 3779 3514 non
3808 3463 3963 3515 esset

2373 3545 2425 3603 in
2454 3545 2896 3620 aedificationem,
2920 3543 3089 3602 sedin
3111 3546 3539 3605 destructionem
3558 3553 3616 3605 et
3640 3547 3961 3606 scandalum

2372 3642 2430 3694 et
2464 3636 2809 3695 occasionem
2847 3637 3036 3693 ruinae
3060 3677 3077 3707 ,
3113 3641 3170 3692 et
3206 3653 3347 3694 onus
3384 3639 3687 3711 imponeret
3710 3654 3877 3712 grave
3902 3645 3965 3696 et

2375 3725 2756 3801 importabile3
2800 3742 2909 3783 non
2947 3741 3081 3799 ergo
3117 3733 3300 3799 potest
3327 3727 3493 3786 talem
3518 3728 3794 3802 imponere
3822 3729 3965 3787 obli·

2373 3817 2665 3891 gationem.
2696 3815 2921 3886 Quinto,
2951 3816 3083 3890 quia
3118 3815 3247 3874 alias
3286 3825 3512 3890 possent
3550 3818 3821 3892 principes
3862 3826 3967 3877 aut

2372 3907 2596 3981 praelati
2619 3923 2717 3981 pro
2738 3923 2838 3965 suo
2865 3906 3139 3965 arbitratu
3162 3907 3436 3980 imponere
3456 3925 3651 3984 graves
3672 3909 3967 3985 obligatio-

2375 4013 2471 4054 nes
2500 3999 2648 4055 circa
2677 4014 2766 4055 res
2794 3999 3043 4055 minimas
3062 4037 3077 4068 ,
3109 3996 3257 4071 quod
3284 4005 3371 4057 est
3406 3997 3707 4058 absurdum
3734 4008 3791 4059 et
3822 4016 3965 4058 con—

2373 4096 2459 4147 tra
2483 4086 2681 4145 Christi
2703 4086 3218 4161 reprehensionem:
3250 4087 3521 4162 Alliya-nt
3544 4107 3727 4148 onera
3744 4094 3967 4166 yravia

2372 4180 2429 4235 et
2451 4176 2877 4254 importabilia,
2911 4176 3100 4236 Matth.
3135 4182 3231 4237 23.
3260 4180 3425 4238 Sexto
3444 4223 3459 4254 ,
3488 4183 3618 4254 quia
3646 4182 3693 4239 si
3719 4180 3804 4238 lex
3824 4183 3967 4238 civi-

2376 4266 2441 4325 lis
2471 4282 2699 4341 poenam
2730 4267 2922 4325 mortis
2948 4267 3249 4339 imponeret
3275 4285 3371 4343 pro
3400 4268 3507 4327 levi
3532 4271 3787 4345 crimine,
3814 4271 3967 4328 iniu-

2373 4363 2460 4414 sta
2484 4362 2631 4414 esset
2652 4363 2710 4414 et
2746 4356 2895 4414 nulla
2922 4357 3106 4431 quoad
3142 4358 3289 4417 illam
3326 4366 3577 4434 partem3
3620 4378 3751 4436 ergo
3782 4363 3963 4420 multo

2372 4446 2542 4520 magis
2570 4446 2676 4505 erit
2702 4445 2902 4505 iniusta
2928 4446 3013 4505 lex
3040 4447 3277 4506 bumana
3295 4491 3311 4519 ,
3340 4465 3482 4525 quae
3510 4453 3805 4525 imponeret
3825 4468 3954 4510 rea-

2373 4542 2493 4594 tum
2521 4551 2725 4609 poenae
2754 4543 3003 4595 aeternae
3030 4537 3175 4610 apud
3204 4541 3373 4597 Deum
3401 4541 3455 4596 in
3475 4543 3698 4600 materia
3720 4542 3841 4616 levi,
3865 4557 3961 4600 se-

2370 4627 2615 4684 cundum
2638 4632 2844 4686 rectam
2866 4627 3291 4686 aestimationem
3314 4631 3459 4702 apud
3481 4631 3735 4690 eumdem
3748 4636 3949 4692 neum.

2368 4716 2520 4800 Unde
2548 4717 2749 4776 merito·
2770 4716 2905 4775 dixit
2929 4719 3267 4792 Augustinus
3295 4720 3387 4777 lib.
3424 4725 3481 4780 2.
3510 4720 3583 4780 de
3602 4727 3779 4798 Bapt.
3806 4739 3863 4781 c.
3892 4727 3961 4796 6,

2373 4807 2586 4881 iniquas
2613 4822 2734 4864 esse
2763 4813 2992 4864 stateras
3030 4823 3267 4883 eorum,
3313 4813 3409 4884 qui
3450 4827 3551 4886 pro
3588 4813 3807 4870 arbitrio
3849 4830 3963 4872 suo

2375 4896 2600 4955 dicunt:
2632 4896 2738 4955 hoc
2767 4912 2933 4971 grave
2950 4939 2966 4970 ,
2996 4897 3102 4955 boc
3128 4897 3243 4957 leve
3268 4906 3371 4957 est.
3396 4901 3481 4958 Ex
3503 4903 3703 4975 quibus
3730 4904 3965 4962 rationi·

2369 4988 2474 5046 bus
2502 4993 2751 5059 constat,
2780 4987 2896 5056 boc,
2915 5004 3035 5046 esse
3059 5003 3253 5047 verum
3270 5029 3286 5056 ,
3321 4989 3430 5048 sive
3458 4993 3685 5050 materia
3720 4991 3855 5050 levis
3883 4995 3967 5054 sit

2371 5077 2551 5136 totalis
2578 5073 2805 5136 materia
2830 5077 3005 5153 legis,
3035 5081 3147 5137 sive
3176 5081 3245 5137 sit
3268 5082 3507 5154 partialis
3532 5102 3549 5158 ς
3590 5100 3715 5142 nam
3751 5092 3838 5144 est
3860 5101 3965 5144 ea-

2370 5167 2492 5227 dem
2521 5170 2803 5241 proportio
2829 5174 2887 5225 et
2914 5169 3077 5227 ratio.
3107 5170 3265 5229 Sicut
3288 5171 3421 5230 alias
3442 5173 3679 5231 diximus
3702 5215 3719 5248 ,
3756 5183 3965 5236 votum

2368 5258 2439 5320 de
2464 5274 2527 5318 re
2550 5259 2657 5318 levi
2683 5273 2795 5318 non
2812 5258 3059 5342 obligare
3086 5261 3191 5321 sub
3216 5262 3463 5340 mortali,
3491 5265 3605 5324 sive
3628 5268 3865 5328 materia
3880 5271 3967 5332 sit
