4325 6267
1664 335 1877 390 CAPUT
1903 339 2126 391 xxva.

345 467 400 523 6.
431 463 506 522 At
535 477 664 520 vero
691 461 736 518 si
765 461 818 519 in
845 460 1020 518 altero
1047 476 1216 518 sensu
1241 459 1866 537 loquamur,dicendum

264 569 468 614 censeo
486 598 502 626 ,
531 553 762 626 simplex
788 552 1018 610 verbum
1048 553 1445 626 praecipiendi,
1475 561 1748 627 quantum
1783 561 1870 612 est

264 663 332 704 ex
360 645 539 702 l'orma
565 643 698 717 legis
720 685 736 714 ,
765 642 1046 700 sufficiens
1075 640 1196 700 esse
1235 641 1302 700 ad
1346 642 1726 717 obligationem
1765 643 1868 701 sub

263 736 478 795 mortali
505 734 876 807 iudicandam,
911 735 954 790 si
983 734 1210 791 materia
1235 733 1372 808 legis
1401 734 1474 791 sit
1500 750 1674 806 capax
1699 733 1865 791 illius.

261 829 338 886 Et
362 829 418 884 in
443 827 550 886 hoc
577 842 744 884 sensu
771 825 1019 883 existimo
1045 824 1200 899 loqui
1223 830 1486 882 auctores
1515 824 1718 897 primae
1743 840 1866 881 sen-

264 920 482 975 tentiae.
506 918 578 974 Et
605 916 889 990 probatur,
913 915 1039 988 quia
1065 930 1132 972 eo
1160 915 1302 988 ipso,
1331 913 1480 989 quod
1509 915 1596 972 lex
1621 921 1710 972 est
1735 930 1870 972 vera

268 1009 374 1080 lex,
405 1014 460 1065 et
488 1025 598 1064 non
639 1004 986 1080 restringitur
1031 1004 1100 1063 ad
1127 1021 1264 1078 pure
1307 1006 1618 1080 poenalem,
1652 1005 1736 1064 vel
1765 1006 1868 1064 alio

266 1098 430 1157 simili
459 1097 647 1170 modo,
677 1097 881 1170 obligat
907 1097 958 1152 in
990 1097 1330 1154 conscientia
1349 1137 1366 1170 ,
1396 1105 1451 1154 et
1476 1103 1744 1171 quantum
1775 1113 1870 1168 po-

267 1195 378 1247 test
405 1205 510 1262 pro
541 1188 848 1260 capacitate
875 1186 1158 1260 materiae,
1191 1202 1326 1260 ergo
1364 1187 1566 1261 obligat
1594 1187 1698 1244 sub
1725 1203 1872 1244 mor-

269 1278 383 1350 tali,
409 1278 456 1335 si
477 1277 701 1335 materia
723 1286 808 1334 est
827 1291 1020 1348 capax.
1047 1275 1152 1333 Sed
1174 1291 1240 1334 ex
1263 1277 1316 1334 vi
1338 1277 1482 1334 verbi
1506 1276 1871 1351 praecipiendi

269 1367 635 1428 constituitur
655 1373 1014 1442 praeceptum
1039 1367 1092 1422 in
1115 1367 1328 1424 ratione
1348 1383 1508 1425 verae
1529 1367 1871 1440 legis,quan-

271 1466 390 1516 tum
417 1464 510 1516 est
533 1473 601 1516 ex
635 1461 784 1529 parte
821 1455 1029 1512 formae
1071 1471 1170 1513 seu
1208 1457 1532 1526 verborum,
1561 1458 1692 1531 quia
1725 1471 1792 1514 ex
1819 1457 1872 1512 vi

268 1552 418 1609 illius
447 1550 582 1607 satis
610 1548 862 1620 exprimit
890 1546 1143 1621 princeps
1171 1561 1335 1604 suum
1363 1548 1652 1619 imperium
1683 1553 1740 1604 ει
1777 1563 1872 1603 vo-

271 1643 544 1702 luntatem
573 1638 870 1714 obligandi,
901 1654 1000 1696 nec
1031 1637 1242 1695 extrahi
1271 1643 1457 1711 potest
1497 1636 1564 1694 ab
1602 1637 1704 1693 hac
1745 1651 1870 1708 pro·

271 1737 392 1809 pria
426 1733 846 1808 significatione,
879 1729 979 1786 nisi
1007 1734 1212 1786 attenta
1239 1727 1422 1802 aliqua
1449 1725 1869 1800 consuetudine,

271 1833 328 1882 et
357 1822 632 1900 aliquibus
660 1820 1094 1878 circumstantiis
1122 1817 1178 1877 id
1201 1818 1533 1876 sufficienter
1554 1817 1868 1891 colligatur3

273 1933 408 1992 ergo
435 1931 503 1974 ex
529 1915 582 1972 vi
605 1913 728 1971 talis
756 1911 906 1969 verbi
940 1910 1190 1968 absolute
1227 1909 1484 1982 propositi
1526 1908 1728 1982 obligat
1768 1909 1874 1966 sub

273 2005 528 2079 mortali,
571 2005 616 2061 si
653 2003 883 2061 materia
917 2007 1002 2058 εει
1035 2015 1229 2074 capax.
1261 2002 1692 2074 consequentiae
1737 2006 1872 2057 sunt

277 2099 482 2168 clarae,
515 2102 572 2154 et
601 2092 909 2152 secundum
939 2091 1264 2149 antecedens
1293 2098 1574 2148 ostensum
1595 2097 1681 2148 εει
1703 2106 1874 2164 supra

277 2205 405 2261 cap.
435 2188 576 2246 xlu.
609 2183 852 2244 Primum
878 2199 1010 2240 vero
1037 2182 1365 2240 antecedens
1392 2188 1561 2256 patet,
1595 2188 1716 2240 tum
1744 2181 1876 2256 quia

277 2278 536 2353 obligatio
563 2283 650 2333 est
674 2275 908 2333 effectus
950 2277 1111 2348 quasi
1147 2273 1409 2336 naturalis
1449 2273 1616 2347 legis;
1647 2289 1776 2346 ergo
1805 2290 1871 2332 eo

275 2367 578 2444 ipso-quod
606 2367 690 2426 lex
719 2365 970 2423 absolute
997 2365 1296 2422 constituta
1322 2371 1440 2438 est,
1471 2364 1672 2438 obligat
1701 2381 1879 2438 quan·
1907 2383 1918 2392 ·

279 2469 402 2520 tum
428 2464 639 2533 potest3
671 2463 790 2515 tum
815 2457 979 2514 etiam
1008 2456 1138 2528 quia
1158 2455 1243 2512 lex
1263 2455 1524 2512 naturalis
1545 2449 1738 2525 dictat,
1754 2472 1876 2514 esse

279 2547 644 2608 obediendum
679 2546 1054 2620 superioribus
1091 2545 1580 2619 praecipientibus:
1615 2545 1750 2603 baec
1779 2562 1878 2604 au-

179 2639 188 2646 '
283 2649 394 2698 tem
423 2642 512 2700 lex
539 2637 803 2696 naturalis
829 2653 897 2695 ex
925 2652 1026 2692 suo
1055 2652 1254 2709 genere
1281 2634 1484 2710 obligat
1505 2636 1609 2693 sub
1631 2635 1874 2711 mortali,

279 2739 336 2790 et
361 2732 484 2789 ideo
511 2732 556 2788 si
582 2729 806 2786 materia
833 2727 1112 2799 praecepti
1135 2724 1356 2782 humani
1379 2726 1564 2799 gravis
1589 2725 1677 2798 sit,
1699 2733 1755 2784 et
1775 2727 1877 2783 hu-

281 2837 508 2879 manum
535 2824 891 2892 praeceptum
930 2817 1176 2873 absolute
1203 2815 1411 2873 seratur
1433 2857 1450 2887 ,
1479 2817 1642 2872 etiam
1673 2817 1877 2890 obliga·

279 2913 360 2968 tio
381 2911 526 2968 illius
546 2908 678 2984 legis
702 2907 960 2964 naturalis
981 2913 1068 2963 est
1087 2907 1288 2979 gravis,
1315 2912 1455 2964 etex
1478 2907 1528 2962 vi
1553 2905 1694 2962 illius
1716 2907 1880 2964 etiam

281 3006 642 3075 praeceptum
671 2999 972 3055 humanum
1001 2997 1237 3069 graviter
1265 3003 1321 3053 et
1347 2995 1452 3052 sub
1487 2995 1704 3053 mortali
1745 2996 1881 3054 obli-

281 3093 454 3168 gabit.
488 3091 728 3163 Denique
755 3090 884 3162 quia
909 3087 1040 3144 alias
1067 3103 1178 3144 non
1208 3087 1468 3144 baberent
1505 3086 1650 3160 leges
1689 3088 1880 3144 civiles

281 3184 476 3256 verba,
506 3181 704 3256 quibus
732 3187 960 3254 possent
980 3194 1202 3252 gravem
1224 3177 1612 3252 obligationem
1635 3175 1882 3236 declara·

283 3292 372 3350 re,
403 3281 458 3332 ει
486 3271 810 3348 regulariter
838 3270 994 3327 illam
1021 3286 1132 3327 non
1169 3271 1303 3328 satis
1342 3269 1720 3343 declararent,
1751 3269 1884 3343 quia

283 3383 395 3424 non
433 3362 717 3422 declarant
750 3375 1038 3433 expresse,
1071 3373 1126 3415 se
1158 3359 1470 3432 praecipere
1507 3359 1612 3416 sub
1637 3361 1878 3432 mortali,

283 3459 374 3516 vel
410 3457 516 3516 sub
543 3437 1000 3522 interminatione,
1029 3458 1140 3507 etc.
1183 3465 1286 3508 nec
1325 3449 1432 3506 hoc
1477 3449 1543 3506 ad
1581 3465 1674 3508 eas
1713 3451 1876 3524 perti·

285 3553 410 3619 net,
451 3553 518 3604 ut
551 3545 688 3605 dixi:
727 3556 1071 3616 consequens
1107 3548 1290 3598 autem
1325 3547 1412 3598 εει
1450 3539 1784 3617 absurdum,
1815 3549 1879 3601 ut

285 3643 528 3697 constat.
1699 3650 1710 3661 ·

372 3732 427 3788 7.
446 3724 602 3787 Unde
625 3723 844 3797 colligo,
859 3721 1124 3780 immerito
1145 3721 1441 3778 secundam
1464 3722 1783 3780 sententiam
1803 3720 1883 3779 di-

289 3823 572 3894 stinguere
593 3818 647 3874 in
673 3815 778 3872 hoc
805 3813 943 3870 inter
965 3811 1112 3885 leges
1135 3811 1320 3868 civiles
1342 3817 1399 3869 et
1419 3813 1729 3884 canonicas,
1755 3814 1884 3886 quia

285 3911 580 3968 discursus
619 3908 800 3963 factus
829 3905 992 3960 etiam
1019 3903 1070 3958 in
1100 3901 1306 3976 legibus
1333 3902 1582 3959 civilibus
1610 3902 1878 3976 procedit;

283 4017 416 4058 nam
445 3999 512 4056 de
543 3997 651 4054 illis
679 4001 961 4072 ostensum
987 3997 1103 4065 est,
1134 3990 1364 4050 verbum
1391 3993 1752 4066 praecipiendi
1789 3992 1886 4050 ab·

289 4091 470 4149 solute
490 4086 762 4162 prolatum
783 4099 902 4142 esse
925 4082 1197 4140 sufficiens
1221 4081 1287 4139 ad
1308 4083 1747 4141 constituendam
1772 4082 1883 4140 sor-

289 4197 438 4240 mam
465 4181 619 4253 legiS.
645 4177 780 4234 Item
803 4176 872 4234 de
891 4171 1094 4231 eisdem
1122 4179 1402 4230 ostensum
1429 4181 1537 4246 est,
1561 4173 1801 4247 obligare
1829 4174 1880 4230 in

287 4271 628 4332 conscientia
663 4270 934 4342 quantum
974 4263 1042 4320 ad
1084 4261 1168 4336 id,
1201 4262 1348 4337 quod
1385 4261 1638 4321 absolute
1674 4263 1887 4335 praeci·

288 4364 470 4437 piunt.
513 4359 754 4431 Denique
794 4353 862 4412 de
900 4354 1104 4411 eisdem
1143 4355 1308 4410 etiam
1349 4370 1542 4411 verum
1583 4361 1687 4426 εει,
1731 4354 1885 4427 quod

291 4452 538 4526 obligant
563 4447 718 4523 quasi
746 4445 1082 4517 naturaliter,
1107 4451 1162 4502 et
1182 4450 1453 4518 quantum
1477 4451 1710 4516 possunt
1735 4444 1884 4502 iuxta

289 4544 658 4617 capacitatem
701 4537 996 4609 materiae3
1027 4549 1159 4609 ergo
1197 4534 1250 4590 in
1287 4534 1366 4591 eis
1401 4535 1633 4591 verbum
1673 4536 1883 4606 praeci-

291 4633 470 4709 piendi
503 4630 754 4688 absolute
780 4627 1022 4701 positum
1049 4624 1116 4683 de
1155 4641 1212 4682 se
1255 4624 1460 4683 indicat
1501 4622 1885 4698 obligationem

292 4726 398 4782 sub
425 4721 661 4793 mortali,
695 4718 738 4775 si
769 4718 998 4776 materia
1024 4722 1110 4774 εει
1138 4731 1310 4788 capax
1335 4714 1499 4772 illius.
1521 4715 1776 4774 Secundo
1804 4719 1886 4772 in-

287 4815 429 4883 sero,
463 4812 606 4870 idem
633 4809 923 4868 dicendum
951 4822 1072 4864 esse
1100 4806 1168 4864 de
1195 4806 1375 4864 verbis
1405 4804 1746 4878 prohibendi,
1771 4822 1889 4864 ser-

291 4911 420 4964 vata
447 4903 824 4977 proportione,
856 4904 915 4957 et
941 4899 1008 4957 de
1036 4894 1288 4954 omnibus
1317 4894 1780 4968 aequivalentibus
1805 4897 1886 4955 iu·

294 5005 390 5056 xta
415 4993 724 5052 doctrinam
753 5005 924 5063 supra
948 4988 1130 5046 datam
1155 4985 1222 5042 de
1250 4986 1427 5042 forma
1455 4985 1588 5060 legis
1619 4985 1886 5046 humanae

296 5103 397 5145 seu
425 5083 628 5155 civilis,
657 5095 798 5156 quae
833 5076 922 5136 hic
963 5075 1285 5150 applicanda
1316 5083 1421 5134 εει.
1455 5077 1590 5132 Nam
1628 5076 1803 5148 primo
1829 5082 1888 5134 et

295 5177 589 5251 praecipue
626 5169 984 5244 spectandum
1013 5174 1133 5238 est,
1164 5183 1304 5241 quae
1341 5165 1508 5224 verba
1545 5167 1888 5231 constituant

294 5268 474 5342 legem
510 5267 565 5324 in
589 5278 712 5323 esse
741 5259 908 5335 legis3
949 5273 1073 5318 nam
1111 5257 1317 5316 illamet
1359 5258 1708 5317 constituunt
1742 5258 1886 5317 illam

3331 321 3457 386 253

1935 468 1991 522 in
2020 465 2232 524 ratione
2262 464 2538 539 praecepti
2573 463 2821 523 habentis
2860 463 2966 520 vim
3004 462 3273 538 obligandi
3308 465 3363 522 in
3402 479 3533 522 con·

1939 541 2271 627 scientia,'et
2296 562 2697 630 consequenter
2718 571 2783 614 ex
2804 561 2956 628 parte
2980 556 3279 616 verborum
3303 556 3423 613 talis
3452 556 3531 614 le-

1935 647 2043 721 gis,
2074 646 2118 703 si
2143 645 2397 703 absoluta
2424 646 2557 718 sint,
2586 651 2643 703 et
2669 662 2775 702 non
2806 646 3122 718 limitentur,
3154 645 3415 722 obligabit
3444 653 3527 704 ta·-

1937 734 2002 792 lis
2026 735 2109 793 lex
2131 741 2394 809 quantum
2420 741 2603 809 potest
2622 736 2771 794 iuxta
2792 739 3047 794 materiae
3068 738 3453 811 capacitatem,
3478 743 3537 795 et

1937 831 2345 900 consequenter
2366 827 2531 884 etiam
2552 826 2657 884 sub
2679 826 2913 899 mortali,
2930 827 2975 882 si
2994 828 3219 885 materia
3240 828 3313 885 sit
3330 843 3529 900 capax.

1937 915 2114 973 Tertio
2138 915 2393 987 insertur,
2426 915 2705 990 quomodo
2748 916 3089 991 intelligenda
3109 920 3219 975 sint
3240 919 3388 976 dicta
3409 918 3533 976 iura

1937 1005 1987 1062 in
2016 1006 2280 1064 Clement.
2313 1009 2539 1075 Exivit,
2575 1013 2629 1064 et
2657 1023 2709 1064 c.
2741 1011 2932 1075 Exiit,
2969 1025 3098 1066 cum
3125 1008 3342 1082 dicunt,
3368 1011 3533 1068 verba

1937 1097 2285 1169 praeceptiva
2314 1097 2369 1152 in
2393 1095 2585 1170 regula
2612 1098 2786 1154 sancti
2812 1099 3091 1156 Francisci
3124 1099 3362 1157 indicare
3404 1099 3539 1156 obli·

1937 1189 2215 1261 gationem
2239 1186 2343 1244 sub
2364 1187 2599 1260 mortali3
2624 1187 2931 1262 intelligunt
2951 1190 3091 1246 enim
3113 1189 3241 1260 boc,
3266 1196 3536 1263 quantum

1938 1285 2022 1336 est
2050 1293 2118 1335 ex
2145 1293 2203 1334 se
2232 1320 2247 1351 ,
2282 1295 2381 1336 seu
2408 1282 2694 1361 supposita
2720 1280 2976 1338 materiae
3002 1279 3339 1353 capacitatej,
3368 1296 3534 1354 quam

1939 1369 2008 1427 ibi
2039 1369 2326 1426 Pontifices
2354 1385 2663 1442 supponere
2689 1371 2786 1428 visi
2814 1377 2961 1428 sunt.
2992 1372 3063 1428 Et
3085 1372 3159 1429 ita
3182 1370 3393 1443 regula,
3424 1387 3537 1444 qua

1934 1457 2006 1516 ibi
2048 1464 2283 1516 utuntur
2318 1459 2643 1533 Pontifices,
2672 1461 2939 1535 generalis
2973 1467 3058 1517 est
3094 1460 3165 1519 ad
3199 1460 3327 1517 alias
3364 1458 3535 1533 leges,

1938 1563 2046 1604 non
2076 1555 2291 1606 tantum
2318 1549 2649 1622 canonicas,
2684 1548 2783 1608 sed
2806 1551 2968 1606 etiam
2998 1550 3219 1623 civiles3
3251 1565 3358 1607 non
3394 1552 3537 1607 enim

1938 1643 2179 1695 utuntur
2204 1638 2299 1695 illa
2326 1638 2521 1714 regula
2540 1646 2766 1712 propter
2789 1639 3081 1713 specialem
3099 1641 3537 1714 rationem,quae

1937 1727 1990 1783 in
2027 1727 2223 1801 regula
2262 1730 2437 1786 sancti
2474 1731 2753 1788 Francisci
2794 1732 3120 1801 inveniatur,
3164 1746 3264 1786 uec
3305 1737 3534 1805 propter

1941 1815 2197 1890 aliquam,
2217 1833 2355 1892 quae
2378 1821 2681 1891 reperiatur
2701 1822 2753 1877 in
2771 1820 2984 1894 legibus
3006 1819 3417 1894 ecclesiasticis,
3440 1820 3538 1878 sed

1941 1915 2163 1980 propter
2190 1907 2579 1981 proprietatem
2606 1911 2899 1968 verborum
2924 1909 3315 1984 praecipiendi.
3348 1912 3539 1985 Neque

1941 1999 2084 2056 enim
2113 1998 2205 2056 illa
2230 1998 2455 2058 decreta
2484 2001 2834 2060 constitutiva
2852 2009 2985 2059 sunt
3004 2004 3128 2059 novi
3147 2001 3301 2073 iuris,
3328 2001 3423 2060 sed
3445 2001 3539 2059 de-

1947 2091 2211 2148 clarativa
2236 2090 2359 2148 talis
2387 2093 2604 2165 regulae
2631 2108 2699 2150 ex
2726 2094 2842 2152 iure
2878 2093 3135 2166 antiquo,
3165 2092 3399 2152 naturali
3439 2109 3537 2166 po-

1943 2182 2076 2254 tius,
2109 2197 2277 2256 quam
2306 2183 2533 2254 positivo
2563 2184 2845 2241 canonico.
2872 2186 3164 2258 Nunquam
3191 2185 3331 2242 enim
3360 2185 3541 2248 Ponti-

1945 2272 2076 2329 fices
2107 2271 2435 2330 addiderunt
2462 2273 2752 2345 specialem
2779 2274 2886 2331 vim
2916 2275 3091 2332 verbis
3128 2274 3231 2331 illis
3270 2290 3369 2346 pro
3409 2274 3539 2349 legi·

1943 2362 2050 2420 bus
2080 2363 2359 2420 canonicis
2379 2405 2395 2437 ,
2428 2364 2528 2422 sed.
2552 2381 2619 2422 ex
2646 2365 2921 2437 primaeva
2946 2373 3001 2422 et
3027 2365 3247 2438 propria
3274 2365 3537 2439 signitica-

1948 2455 2092 2511 tione
2135 2453 2323 2512 talium
2363 2456 2694 2526 verborum,
2723 2461 2778 2512 et
2813 2471 2880 2513 ex
2919 2458 3203 2516 communi
3243 2472 3353 2514 usu
3391 2455 3539 2514 illam

1947 2553 2286 2620 supponunt.
2912 2561 2920 2568 ·

2449 2734 2725 2806 CAPUT
2763 2735 3038 2806 XXVII.

1956 2933 2169 2994 Utrum
2180 2931 2463 3006 obligatio
2476 2931 2959 3008 leqis‘humanae,
2980 2932 3179 3009 quoad
3185 2937 3539 3008 pravitatem

2088 3027 2215 3084 eius
2232 3069 2249 3094 ,
2283 3041 2361 3084 ex
2386 3028 2703 3084 intentione
2730 3023 3085 3100 leqislatoris
3106 3023 3386 3102 pendeat.

2528 3205 2982 3272 summarium

1953 3391 2002 3442 1.
2030 3390 2260 3453 Quatuor
2284 3391 2447 3443 modis
2468 3399 2637 3457 potest
2663 3393 2927 3458 legislator
2960 3407 3016 3448 se
3038 3393 3230 3447 babere
3256 3395 3306 3447 in
3334 3395 3542 3448 serenda

2020 3462 2297 3525 lege-2.
2333 3463 2597 3514 Sententia
2632 3476 2891 3527 asserens,
2924 3479 3023 3517 non
3056 3479 3170 3517 esse
3196 3467 3249 3516 in
3288 3471 3541 3531 potestate

2019 3531 2331 3594 legislatoris
2356 3534 2407 3584 in
2432 3534 2645 3584 materia
2670 3537 2816 3598 gravi
2842 3549 2939 3587 non
2963 3536 3193 3599 obligare
3214 3538 3541 3600 graviter.—

2021 3602 2074 3654 3.
2101 3602 2241 3654 Mens
2265 3604 2509 3654 auctoris.
2534 3625 2597 3638 --
2619 3604 2671 3654 4.
2699 3605 3064 3670 Expenduntur
3094 3607 3317 3658 rationes
3340 3609 3542 3672 opposi-

2019 3681 2102 3723 tae
2122 3674 2407 3724 sententiac
2424 3710 2439 3734 ,
2459 3679 2511 3723 et
2534 3675 2635 3725 illis
2655 3675 3152 3740 respondetur.—5.
3174 3677 3405 3728 Secunda
3423 3691 3546 3728 con-

2019 3743 2203 3826 clusio.
2225 3770 2295 3780 --
2316 3744 2366 3794 6.
2403 3744 2613 3795 Materia
2656 3757 2813 3811 capax
2854 3746 3180 3812 obligationis
3214 3749 3421 3801 maioris
3464 3753 3545 3799 est

2022 3820 2179 3865 etiam
2201 3815 2431 3866 minoris.

2037 3988 2087 4045 1.
2113 3987 2514 4060 Supponimus,
2543 3989 2897 4047 intentionem
2919 3990 3188 4064 obligandi
3209 4007 3332 4050 esse
3353 3991 3421 4051 de
3449 4008 3541 4050 ra-

1953 4077 2096 4136 tione
2129 4077 2265 4152 legis
2286 4119 2301 4148 ,
2333 4085 2396 4136 ut
2422 4094 2593 4149 supra
2618 4086 2903 4138 ostensum
2930 4088 3051 4152 est,
3085 4081 3412 4155 inquirimus
3440 4091 3547 4140 au·'

1956 4177 2084 4238 tem,
2117 4182 2185 4224 an
2213 4167 2450 4241 gravitas
2479 4167 2839 4241 obligationis,
2867 4171 3049 4244 quoad
3077 4172 3307 4229 mortale
3332 4179 3431 4230 aut
3448 4189 3540 4230 ve·

1953 4257 2124 4330 niale,
2153 4260 2317 4316 etiam
2331 4258 2563 4332 pendeat
2584 4276 2651 4316 ex
2682 4259 3009 4334 legislatoris
3037 4262 3352 4319 intentione.
3388 4264 3544 4320 Dein·

1953 4350 2045 4423 de,
2067 4357 2129 4407 ut
2149 4350 2487 4424 intelligatur
2510 4357 2779 4422 punctum
2802 4352 3154 4425 quaestionis,
3179 4356 3538 4425 supponimus

1953 4443 2118 4497 variis
2147 4440 2323 4499 modis
2354 4456 2515 4512 posse
2544 4440 2908 4514 legislatorem
2932 4441 2987 4498 ἑε
3012 4441 3207 4500 habere
3230 4442 3284 4500 in
3309 4444 3533 4502 serenda

1954 4531 2103 4606 lege:
2138 4532 2313 4605 primo
2349 4537 2409 4590 ut
2436 4531 2753 4604 simpliciter
2780 4532 3042 4606 intendat,
3070 4533 3245 4608 legem
3271 4534 3416 4593 ferre
3437 4537 3546 4595 cir·

1954 4638 2024 4679 ea
2066 4620 2229 4679 talem
2270 4623 2591 4692 materiam,
2636 4625 2692 4677 et
2731 4637 2841 4678 non
2882 4621 3135 4695 amplius.
3167 4625 3450 4700 Secundo,
3480 4635 3548 4686 ut

1955 4711 2173 4770 definire
2202 4708 2331 4768 velit
2370 4711 2510 4768 serre
2551 4710 2755 4784 legem,
2796 4719 2852 4768 et
2879 4727 2976 4785 per
3004 4712 3149 4770 illam
3175 4715 3229 4770 in
3259 4719 3545 4775 conscien-

1956 4804 2035 4860 tia
2063 4799 2301 4875 obligare
2327 4845 2341 4874 ,
2373 4817 2481 4858 non
2507 4799 2920 4859 determinando
2950 4804 3312 4876 quantitatem
3340 4806 3545 4881 obliga-

1955 4895 2134 4950 tionis.
2168 4892 2375 4962 Tertio,
2407 4898 2470 4948 ut
2506 4891 2639 4948 velit
2674 4891 2817 4949 ferre
2854 4891 3030 4966 legem
3057 4909 3207 4951 mere
3234 4897 3538 4970 poenalem,

1955 4990 2012 5041 et
2049 4999 2155 5068 non
2198 4983 2526 5056 obligantem
2570 4982 2620 5038 in
2663 4983 3015 5040 conscientia.
3049 4985 3286 5059 Quarto,
3328 4993 3389 5043 ut
3415 4988 3546 5047 velit

1955 5074 2168 5132 definite
2200 5072 2439 5147 obligare
2469 5072 2573 5129 sub
2602 5079 2833 5144 peccato
2856 5073 3103 5147 mortali,
3126 5081 3182 5132 et
3198 5091 3306 5133 non
3332 5082 3545 5136 tantum

1956 5164 2059 5222 sub
2102 5162 2323 5234 veniali,
2354 5169 2411 5219 et
2448 5178 2477 5219 ε
2520 5164 2801 5220 contrario
2840 5168 2900 5220 ut
2925 5163 3053 5222 velit
3080 5171 3291 5224 tantum
3320 5168 3425 5226 sub
3451 5185 3541 5226 ve-

1955 5254 2114 5328 niali,
2143 5260 2201 5311 et
2227 5251 2383 5312 nullo
2410 5251 2575 5311 modo
2602 5253 2708 5313 sub
2738 5255 2995 5330 mortali,
3026 5262 3081 5315 ει
3107 5255 3175 5316 de
3215 5257 3319 5316 boc
3348 5260 3542 5321 ultimo
