4325 6267
803 297 930 362 104

715 441 918 497 tionem
959 441 1264 513 praecepti,
1294 447 1350 497 et
1388 441 1554 515 legis3
1589 457 1766 516 neque
1793 450 1879 500 est
1905 441 2008 500 alia
2034 445 2300 502 intimatio

713 531 1042 587 necessaria.
1087 527 1241 588 Unde
1279 528 1478 588 dicitur
1518 531 1782 596 ulterius,
1829 534 2121 605 ipsummet
2149 534 2290 591 iudi·

710 621 860 678 cium
913 626 1094 678 rectae
1148 621 1366 677 rationis
1415 621 1644 679 inditum
1701 621 2019 679 naturaliter
2060 623 2289 694 homini,

711 725 830 768 esse
857 707 924 765 de
952 723 1008 765 se
1036 708 1318 766 sufficiens
1346 712 1562 782 signum
1587 712 1704 768 talis
1734 713 2026 768 voluntatis
2059 713 2289 784 divinae,

709 815 808 857 nec
831 815 951 855 esse
974 800 1333 855 necessariam
1357 800 1512 856 aliam
1535 801 1971 858 insinuationem.
1992 803 2286 875 Probatur3

706 891 834 963 quia
874 888 1138 946 iudicium
1178 891 1402 946 rationis
1429 889 1632 947 indicat
1655 891 1724 947 de
1754 907 1812 946 se
1838 889 2074 948 divinam
2106 894 2289 965 provi-

705 979 941 1038 dentiam
977 977 1264 1034 decentem
1305 980 1505 1050 Deum,
1536 985 1590 1035 et
1617 980 1895 1037 moraliter
1925 983 2289 1038 necessariam

705 1067 774 1125 ad
802 1067 1022 1140 plenum
1051 1067 1346 1123 dominium
1373 1069 1512 1133 eius,
1543 1074 1599 1124 et
1623 1067 1860 1125 debitam
1892 1071 2287 1128 subiectionem

705 1158 937 1215 hominis
967 1155 1033 1213 ad
1063 1157 1260 1228 ipsum,
1283 1157 1335 1213 in
1363 1173 1474 1230 qua
1500 1158 1836 1230 providentia
1862 1159 1994 1216 haec
2029 1159 2289 1246 legislatio

704 1250 1038 1306 continetur.
1073 1248 1204 1304 ltem
1249 1247 1348 1303 hac
1392 1247 1455 1302 de
1498 1263 1665 1305 causa
1704 1264 1800 1320 per
1833 1249 2013 1306 lumen
2044 1250 2291 1308 naturale

705 1339 1083 1411 cognoscitur,
1106 1340 1276 1394 Deum
1307 1336 1503 1394 offendi
1532 1340 1804 1409 peccatis,
1826 1355 1968 1412 quae
1997 1349 2190 1398 contra
2220 1343 2293 1399 le-

703 1443 826 1501 gem
854 1427 1156 1483 naturalem
1184 1427 1341 1495 tiunt,
1374 1433 1430 1484 et
1456 1426 1523 1483 ad
1554 1429 1732 1499 ipsum
1773 1431 2040 1499 pertinere
2071 1429 2290 1488 illorum

706 1517 1038 1590 punitionem
1065 1523 1122 1572 et
1147 1515 1433 1586 iudicium3
1469 1531 1597 1588 ergo
1627 1518 1809 1589 ipsum
1833 1518 2080 1575 naturale
2108 1519 2289 1576 lumen

707 1614 793 1664 est
819 1605 885 1663 de
913 1621 972 1662 se
1003 1603 1280 1662 sufficiens
1308 1605 1675 1678 promulgatio
1705 1605 1838 1679 legis
1867 1607 2158 1680 naturalis,
2184 1627 2287 1665 non

705 1698 884 1755 solum
913 1697 1038 1768 quia
1060 1696 1366 1752 manifestat
1393 1695 1745 1753 intrinsecam
1767 1695 2286 1754 disconvenientiam

701 1786 784 1842 vel
813 1786 1237 1843 convenientiam
1265 1792 1524 1855 actuum,
1555 1799 1721 1856 quam
1751 1784 1932 1840 lumen
1962 1787 2051 1840 Dei
2079 1786 2287 1842 increa-

699 1882 819 1932 tum
861 1873 1122 1941 ostendit3
1168 1872 1264 1930 sed
1304 1875 1464 1929 etiam
1493 1875 1620 1946 quia
1650 1874 1864 1930 intimat
1893 1875 2122 1940 homini,
2155 1891 2289 1932 con-

698 1965 890 2022 trarias
917 1965 1163 2021 actiones
1191 1963 1476 2034 displicere
1505 1963 1715 2020 auctori
1743 1971 1998 2034 naturae,
2024 1975 2283 2037 tanquam

698 2069 958 2126 supremo
985 2054 1210 2110 Domino
1230 2095 1246 2124 ,
1275 2059 1330 2108 et
1357 2053 1623 2122 curatori,
1655 2066 1719 2109 ac
1749 2053 2105 2126 gubernatori
2133 2054 2278 2112 eius-

698 2143 822 2201 dem
845 2151 1090 2217 naturae3
1120 2143 1226 2199 hoc
1251 2157 1384 2215 ergo
1411 2143 1544 2199 satis
1571 2149 1654 2199 est
1680 2142 1748 2199 ad
1780 2144 2168 2200 intimationem
2202 2151 2279 2200 ta-

698 2233 764 2290 lis
785 2235 942 2308 legis,
971 2241 1031 2290 ut
1051 2234 1218 2289 sensit
1243 2230 1402 2288 divus
1430 2232 1662 2288 Thomas
1700 2238 1747 2292 1.
1782 2237 1840 2303 2,
1873 2247 1926 2306 q.
1964 2238 2056 2305 90,
2089 2241 2194 2290 art.
2227 2238 2280 2293 4.

697 2323 763 2382 ad
801 2330 848 2383 1.
879 2325 949 2382 Et
973 2324 1075 2380 hac
1115 2325 1322 2379 ratione
1356 2323 1440 2378 lex
1469 2321 1724 2378 naturalis
1755 2328 1989 2380 vocatur
2017 2324 2102 2382 lex
2132 2339 2281 2380 men-

697 2417 796 2486 tis,
822 2420 886 2471 ut
913 2420 1065 2471 notat
1091 2411 1424 2485 Epiphanius
1453 2411 1663 2469 haeres.
1698 2416 1792 2485 64,
1824 2413 1877 2468 in
1907 2414 2107 2485 verbis,
2138 2429 2279 2486 quae

692 2522 760 2563 ex
789 2503 1058 2562 Methodio
1087 2503 1250 2560 refert
1273 2503 1322 2558 in
1345 2503 1448 2559 tine
1477 2502 1619 2558 illius
1647 2508 1702 2573 s,
1727 2511 1784 2558 et
1805 2501 2040 2560 insinuat
2065 2502 2281 2560 Tertul-

697 2593 876 2653 lianus
903 2593 992 2650 lib.
1024 2598 1236 2650 contra
1261 2589 1545 2654 Iudaeos,
1579 2608 1704 2665 cap.
1738 2597 1795 2652 2.

767 2683 962 2741 Adhuc
1005 2699 1135 2741 vero
1179 2696 1468 2753 superesse
1509 2682 1600 2738 bic
1644 2687 1894 2753 poterant
1928 2681 2277 2738 difficultates

691 2783 750 2832 et
775 2773 1224 2848 interrogationes
1263 2771 1668 2842 subobscurae3
1713 2787 1824 2848 una
1860 2776 1978 2842 est,
2008 2787 2072 2828 an
2105 2777 2279 2828 trans-

689 2866 900 2938 gressio
941 2863 1072 2935 legis
1113 2861 1374 2918 naturalis
1403 2876 1468 2917 eo
1499 2861 1658 2918 modo
1680 2902 1695 2932 ,
1727 2877 1838 2934 quo
1867 2876 1898 2916 a
1927 2860 2078 2917 nobis
2105 2861 2275 2933 expli-

687 2961 815 3011 cata
853 2963 969 3024 est,
1015 2951 1208 3008 haheat
1246 2949 1538 3023 specialem
1581 2949 1834 3008 malitiam
1865 2951 2177 3007 distinctam
2210 2951 2277 3008 ab

691 3041 808 3114 illa,
838 3059 1000 3116 quam
1042 3041 1264 3098 haberet
1294 3046 1454 3096 actus
1479 3055 1544 3096 ex
1575 3038 1693 3096 sola
1721 3037 2179 3096 disconvenientia
2208 3039 2275 3097 ad

629 3113 632 3116 ⁴
687 3132 1004 3190 rationalem
1033 3137 1284 3188 naturam
1316 3131 1560 3202 praecise
1582 3135 1904 3201 spectatam,
1933 3135 1993 3186 ut
2019 3131 2072 3186 in
2102 3129 2273 3206 hypo-

686 3222 824 3281 thesi
864 3237 1031 3293 supra
1071 3227 1311 3277 tractata
1357 3218 1759 3276 consideratur.
1803 3221 1934 3276 ltem
1977 3221 2022 3275 si
2071 3220 2273 3278 malitia

684 3311 772 3369 illa
803 3317 888 3368 est
915 3309 1196 3383 specialis,
1226 3309 1406 3381 qualis
1435 3309 1504 3365 sit
1529 3313 1584 3363 et
1611 3315 1818 3380 quanta
1845 3323 1913 3364 ex
1945 3309 1996 3364 vi
2028 3308 2156 3383 legis
2178 3325 2268 3365 na-

683 3401 896 3458 turalis.
927 3402 1059 3458 Item
1099 3415 1167 3456 an
1195 3399 1366 3470 possit
1401 3398 1535 3454 haec
1565 3397 1812 3469 specialis
1845 3397 1981 3453 ratio
2013 3397 2144 3473 legis
2176 3415 2271 3455 na·

684 3491 878 3552 turalis
918 3489 1292 3547 invincibiliter
1335 3489 1606 3561 ignorari3
1651 3487 1733 3543 vel
1775 3487 1953 3558 posita
1994 3487 2086 3544 tali
2115 3487 2267 3560 igno-

681 3581 891 3647 rantia,
922 3595 990 3635 an
1019 3586 1177 3635 actus
1206 3578 1384 3634 sactus
1415 3584 1606 3633 contra
1637 3576 1900 3632 rationem
1927 3581 2074 3631 esset
2099 3577 2270 3634 oil'en·

680 3669 830 3726 sirus
861 3669 974 3738 Dei,
1007 3665 1090 3722 vel
1119 3681 1184 3723 an
1213 3665 1438 3722 haberet
1466 3664 1721 3722 malitiam
1750 3664 2039 3736 infinitam,
2071 3681 2171 3722 seu
2200 3682 2265 3723 an

677 3763 825 3816 esset
853 3761 1142 3829 peccatum
1183 3753 1434 3812 mortale.
1479 3754 1586 3810 Sed
1625 3753 1760 3810 haec
1802 3753 2072 3825 pertinent
2101 3757 2267 3829 magis

679 3848 749 3906 ad
789 3847 1071 3903 materiam
1111 3844 1176 3902 de
1209 3845 1456 3916 peccatis
1475 3885 1488 3911 ,
1517 3851 1570 3900 et
1599 3844 1719 3900 ide'o
1749 3859 1896 3900 nunc
1927 3844 2020 3902 illa
2047 3847 2261 3918 omitto,

677 3952 747 3994 ne
773 3937 842 3992 ab
876 3935 1124 3993 instituto
1151 3933 1372 3990 nimium
1414 3931 1783 4005 digrediamur
1803 3971 1818 4002 ‚
1849 3934 2062 3990 interim
2096 3935 2262 3992 videri

678 4035 912 4100 possunt
929 4023 1300 4082 Victor.dicta
1322 4021 1509 4079 relect.
1541 4021 1612 4078 de
1624 4025 1961 4096 per-venien.
1981 4022 2064 4081 ad
2082 4041 2261 4083 usum

672 4120 960 4184 rationis,
989 4121 1044 4171 et
1067 4115 1294 4172 Gerson.
1328 4111 1475 4169 dicta
1501 4111 1630 4169 lect.
1649 4117 1705 4170 2.
1723 4110 1796 4168 de
1828 4115 1957 4169 vita
1983 4117 2262 4188 spiritua·

675 4205 724 4264 lt
761 4207 920 4280 paulo
955 4211 1079 4263 ante
1115 4193 1466 4262 corollarium
1507 4202 1770 4274 primum,
1801 4210 1857 4261 et
1896 4203 1980 4260 alii
2008 4209 2263 4263 auctores

677 4295 907 4372 allegati.

1227 4485 1505 4554 CAPUT
1550 4484 1693 4554 vu.
1997 4464 2014 4502 ¹

825 4687 897 4741 In
922 4699 1041 4758 qua
1068 4685 1327 4739 numeria
1351 4686 1613 4738 versetur
1639 4678 1741 4738 lex
1770 4681 2096 4750 naturalis,

969 4787 1093 4830 -seu
1116 4786 1269 4844 quae
1297 4773 1418 4828 sint
1446 4773 1572 4827 eius
1590 4777 1939 4846 praecepta.

1221 4950 1705 5014 summarium

673 5143 722 5194 1.
749 5137 1045 5191 Differentia
1085 5138 1224 5188 inter
1268 5137 1433 5200 legem
1474 5138 1759 5187 naturalem
1781 5144 1835 5187 et
1859 5139 1984 5188 alias
2010 5139 2167 5202 legeS.
2190 5167 2260 5177 —

737 5211 789 5262 2.
816 5212 891 5261 An
917 5221 1064 5262 omne
1087 5207 1356 5259 honestum
1380 5207 1565 5259 honum
1581 5243 1597 5270 ‚
1625 5207 1706 5258 vel
1729 5208 1918 5258 malum
1941 5211 2256 5262 contrarium

2172 322 2375 372 LIBER
2405 324 2462 372 11
2473 353 2487 370 .

2442 451 2542 500 suh
2578 450 2742 514 legem
2778 456 3063 507 naturalem
3088 459 3252 510 cadat.
3274 487 3344 497 —
3362 461 3545 527 Opinio
3578 476 3846 530 asser-ensi,
3872 471 3983 520 sola

2438 523 2720 572 communia
2746 531 2800 574 et
2825 528 3083 589 generalia
3111 530 3359 594 principia
3376 533 3563 584 cadere
3582 537 3683 585 sub
3703 536 3869 600 legem
3888 553 3979 589 na-

2440 591 2677 642 turalem.
2701 622 2769 630 —
2789 593 2839 644 3.
2880 597 3174 650 Resolvitur
3196 603 3457 664 quaestio,
3486 612 3540 653 et
3566 605 3978 671 demonstratur,

2441 659 2518 710 lus
2542 663 2780 712 naturale
2806 667 2969 715 omnia
2994 671 3263 732 complecti
3288 680 3561 736 praecepta
3588 677 3823 738 moralia,
3844 692 3981 742 quae

2438 728 2626 781 hahent
2650 733 2939 784 evidentem
2965 736 3311 800 honestatem,
3340 755 3470 805 quae
3494 744 3555 792 ad
3596 758 3797 796 morum
3824 751 3981 798 recti-

2438 799 2665 850 tudinem
2690 810 2770 853 est
2804 809 3105 856 necessaria.
3131 836 3199 845 -
3218 811 3271 860 4.
3299 811 3637 863 contii-matur
3663 818 3885 868 ratione.
3908 846 3979 855 —-

2436 869 2487 918 5.
2516 869 2813 934 Explicatur
2848 875 3041 926 dictum
3077 879 3328 930 Gratiani.
3351 909 3420 918 —
3438 883 3491 932 6.
3520 885 3599 932 Aa
3624 898 3803 936 omnes
3830 894 3978 938 acms

2438 939 2687 990 virtutum
2729 943 2912 993 cadant
2956 948 3055 997 sub
3099 949 3261 1011 legem
3306 954 3614 1004 naturalem.
3640 983 3711 992 —
3732 958 3763 1006 7
3812 957 3887 1006 An
3926 959 3975 1006 in

2434 1011 2569 1059 omni
2595 1011 2790 1062 virtute
2825 1015 2893 1063 sit
2919 1018 3155 1068 naturale
3180 1027 3513 1085 praeceptum
3536 1023 3815 1087 aliquando
3836 1027 3975 1077 obli-

2432 1091 2559 1141 gans
2582 1079 2645 1130 ad
2670 1081 2815 1132 illius
2838 1087 3160 1138 exercitium.

2452 1264 2499 1316 1.
2526 1259 2895 1332 supponimus
2920 1280 2983 1320 ex
3008 1264 3200 1336 dictis,
3224 1267 3549 1344 bonum‚per
3582 1288 3640 1329 se
3666 1272 3963 1332 honestum

2366 1365 2463 1405 seu
2494 1351 2561 1406 ad
2593 1350 2937 1410 honestatem
2968 1359 3363 1429 necessarium,
3396 1367 3452 1418 et
3482 1363 3688 1421 malum
3718 1363 3793 1421 illi
3826 1383 3962 1422 con-

2369 1440 2595 1495 trarium
2636 1457 2757 1497 esse
2789 1443 3067 1501 materiam
3102 1446 3263 1504 huius
3293 1449 3453 1522 legis,
3488 1451 3619 1509 illud
3653 1459 3717 1510 ut
3744 1458 3960 1527 praeci-

2362 1528 2644 1598 piendum,
2664 1530 2777 1586 hoc
2802 1539 2861 1588 ut
2884 1533 3183 1592 vitandum.
3210 1538 3647 1614 Probatur,quia
3669 1559 3803 1599 cum
3828 1543 3967 1602 haec

2362 1617 2432 1674 sit
2460 1634 2587 1674 vera
2617 1618 2724 1687 lex,
2756 1628 2811 1677 et
2840 1625 3011 1680 Deum
3053 1625 3248 1684 habeat
3284 1638 3603 1702 auctorem,
3636 1647 3748 1688 non
3778 1642 3959 1706 potest

2361 1721 2473 1762 non
2514 1721 2637 1764 esse
2680 1708 2942 1784 honesta,
2976 1730 3108 1787 ergo
3148 1733 3253 1773 non
3295 1726 3478 1790 potest
3501 1722 3826 1793 praecipere
3852 1724 3957 1780 nisi

2360 1796 2681 1864 honestum,
2724 1816 2825 1857 nec
2866 1809 3046 1859 vetare
3095 1805 3191 1861 nisi
3232 1812 3595 1866 contrarium.
3640 1812 3781 1867 item
3820 1812 3959 1868 haec

2358 1883 2440 1940 lex
2467 1885 2516 1941 id
2540 1889 2823 1961 praecipit,
2848 1890 2993 1962 quod
3016 1899 3102 1949 est
3126 1901 3353 1952 naturae
3378 1897 3627 1954 rationali
3656 1908 3961 1957 consenta-

2358 1989 2543 2045 neum,
2578 1981 2642 2032 ut
2666 1977 2786 2033 talis
2814 1985 2917 2039 est,
2940 1987 2996 2036 et
3023 1988 3171 2040 vetat
3198 1989 3562 2060 contrarium3
3594 1987 3731 2046 illud
3762 1999 3953 2046 autem

2359 2079 2463 2120 non
2494 2071 2605 2137 est,
2639 2065 2736 2122 nisi
2766 2067 3052 2125 honestum
3075 2111 3089 2140 ,
3124 2079 3187 2128 ut
3216 2080 3452 2132 constat.
3482 2077 3597 2133 Imo
3624 2078 3677 2134 in
3708 2078 3816 2135 hoc
3846 2081 3956 2137 dis-

2357 2152 2464 2208 sert
2493 2154 2575 2211 lex
2606 2155 2867 2212 naturalis
2897 2159 2965 2214 ab
2994 2158 3113 2215 aliis
3145 2156 3373 2238 legibus,
3398 2165 3545 2238 quod
3574 2168 3709 2224 aliae
3729 2168 3949 2226 faciunt

2354 2257 2474 2298 esse
2505 2244 2729 2326 malum,
2756 2248 2905 2318 quod
2935 2249 3240 2321 prohibent,
3265 2260 3321 2310 et
3349 2257 3719 2315 necessarium
3740 2260 3826 2317 vel
3851 2261 3953 2318 ho-

2357 2341 2601 2406 nestum,
2631 2337 2783 2409 quod
2829 2339 3198 2411 praecipiunt:
3242 2344 3373 2400 haec
3422 2362 3553 2403 vero
3591 2351 3853 2420 supponit
3892 2353 3947 2406 in

2354 2429 2506 2494 actu,
2538 2440 2635 2482 seu
2666 2425 2881 2484 obiecto
2910 2427 3279 2501 honestatem,
3312 2451 3477 2506 quam
3508 2438 3825 2510 praecipiat,
3860 2441 3947 2497 vel

2354 2513 2774 2586 turpitudinem,
2804 2531 2969 2590 quam
3011 2520 3327 2594 prohibeat,
3372 2531 3428 2583 et
3470 2525 3593 2582 ideo
3634 2527 3747 2583 dici
3780 2529 3947 2602 solet,

2352 2616 2448 2672 per
2488 2600 2626 2658 hanc
2656 2603 2828 2677 legem
2858 2608 3131 2679 prohiberi
3160 2610 3392 2686 aliquid,
3421 2615 3548 2688 quia
3576 2616 3783 2674 malum
3804 2662 3819 2686 ,
3848 2620 3939 2676 vel

2349 2691 2651 2766 praecipit,
2690 2696 2821 2768 quia
2858 2694 3062 2754 bonum
3093 2742 3107 2770 ,
3156 2705 3218 2757 ut
3254 2704 3431 2775 capite
3472 2705 3819 2775 praecedenti
3860 2715 3945 2765 ta-

2348 2786 2499 2837 ctum
2531 2789 2635 2839 est.
2718 2785 2723 2790 “

2426 2873 2481 2925 2.
2508 2871 2815 2930 Difficultas
2836 2888 2969 2948 ergo
2990 2883 3095 2942 est,
3120 2894 3185 2934 an
3209 2896 3368 2938 omne
3390 2881 3682 2941 honestum
3702 2886 3937 2956 bonum,

2348 2958 2428 3015 vel
2470 2961 2672 3017 malum
2702 2967 3041 3021 contrarium
3073 2967 3235 3025 cadat
3265 2970 3367 3026 sub
3398 2970 3570 3044 legem
3602 2975 3935 3032 naturalem.

2343 3050 2479 3106 Nam
2521 3051 2739 3123 quidam
2782 3052 3063 3128 dixerunt,
3104 3055 3221 3115 sola
3246 3060 3513 3132 generalia
3544 3064 3809 3134 principia
3836 3082 3939 3137 per

2342 3155 2401 3195 se
2429 3147 2577 3212 nota,
2602 3158 2744 3216 quae
2768 3152 3056 3202 versantur
3078 3148 3225 3204 circa
3249 3150 3539 3208 bonitatem
3565 3153 3649 3209 vel
3674 3154 3937 3212 malitiam

2346 3229 2627 3302 moralem,
2656 3232 2839 3304 qualia
2868 3241 3017 3304 sunt,
3050 3234 3263 3294 bonum
3290 3236 3771 3311 estfaciendum;
3805 3261 3939 3302 nta-

2344 3316 2469 3375 lum
2510 3320 2862 3388 vitandum:
2904 3321 3059 3396 quod
3088 3325 3343 3400 tibifleri
3369 3347 3489 3386 non
3512 3334 3621 3400 vis,
3660 3331 3839 3390 alteri
3867 3351 3947 3391 ne

2324 3405 2573 3479 feceris,
2602 3424 2723 3467 esse
2764 3415 3047 3470 materiam
3088 3415 3251 3472 huius
3281 3416 3441 3490 legis,
3483 3437 3593 3476 non
3636 3438 3767 3478 vero
3808 3439 3951 3480 con-

2338 3497 2638 3570 clusiones,
2664 3516 2803 3573 quae
2830 3517 2895 3558 ex
2925 3505 3008 3559 his
3033 3506 3316 3578 principiis
3334 3507 3649 3574 eliciuntur,
3679 3519 3742 3568 ut
3766 3512 3945 3589 depo-

2341 3589 2519 3644 situm
2559 3605 2682 3651 esse
2707 3589 3097 3658 reddendum.
3138 3611 3388 3654 usuram
3417 3599 3751 3660 vitandam.
3797 3605 3951 3663 Solet

2341 3678 2501 3733 citari
2532 3693 2631 3750 pro
2662 3679 2765 3736 hac
2798 3685 3063 3740 sententia
3092 3683 3148 3740 d.
3178 3684 3413 3743 Thomas
3440 3705 3498 3761 q.
3531 3692 3625 3758 9⁴,
3658 3699 3768 3748 art.
3802 3699 3859 3760 2,
3890 3704 3949 3752 et

2337 3767 2630 3824 Durandus
2671 3775 2833 3828 tract.
2854 3768 2927 3827 de
2950 3773 3145 3845 Leyib.
3173 3791 3338 3848 quem
3366 3776 3565 3836 hahere
3613 3797 3720 3837 non
3754 3787 3941 3857 potui,

2336 3856 2431 3913 sed
2462 3856 2615 3915 illum
2646 3860 2811 3916 refert
2836 3860 3093 3919 Turrecr.
3127 3865 3180 3919 in
3208 3881 3262 3920 c.
3294 3869 3398 3924 Ius
3426 3871 3712 3929 natrtrale
3732 3916 3749 3933 .
3782 3873 3839 3930 d.
3892 3885 3943 3946 1,

2336 3937 2401 4003 n.
2420 3952 2474 4006 3:
2498 3955 2555 4005 et
2575 3949 2740 4022 aliqui
2767 3953 2993 4007 iuristae
3020 3952 3093 4010 ita
3116 3953 3417 4014 defendunt
3440 3960 3578 4017 hanc
3602 3962 3940 4033 opinionem,

2338 4043 2400 4094 ut
2438 4039 2781 4110 existiment,
2812 4050 3101 4115 praecepta
3132 4045 3374 4119 Decalogi
3403 4063 3506 4103 non
3537 4051 3821 4109 continere
3847 4055 3941 4110 ius

2334 4128 2612 4200 naturale,
2644 4127 2737 4186 sed
2766 4131 2850 4186 ius
2875 4133 3116 4204 gentium
3138 4173 3154 4204 ,
3185 4135 3334 4206 quod
3361 4144 3558 4208 putant
3594 4156 3717 4198 esse
3759 4143 3945 4201 diver-

2334 4234 2477 4275 sum.
2507 4219 2565 4275 ln
2595 4235 2758 4291 quam
2788 4223 3109 4278 sententiam
3139 4224 3352 4282 videtur
3380 4227 3642 4286 inclinare
3672 4232 3803 4289 Soto
3832 4234 3933 4290 lib.

2342 4315 2389 4366 t.
2420 4306 2493 4365 de
2520 4311 2717 4365 Iustit.
2750 4324 2805 4381 q.
2844 4314 2874 4366 5
2894 4349 2911 4383 ,
2942 4317 3047 4366 art.
3079 4316 3110 4369 4
3131 4353 3147 4384 ,
3180 4319 3240 4369 ut
3266 4316 3441 4387 capite
3484 4321 3733 4390 sequenti
3772 4322 3942 4380 latius

2332 4396 2530 4454 dicam.
2573 4397 2942 4472 videnturque
2983 4399 3195 4458 fundari
3238 4403 3291 4460 in
3322 4405 3481 4462 modo
3506 4407 3761 4481 loquendi
3782 4411 3935 4470 iure·

2332 4487 2739 4561 consultorum,
2758 4489 2852 4561 qui
2872 4503 2967 4547 eos
2990 4499 3327 4565 actus,quos
3355 4495 3531 4554 dictat
3560 4499 3720 4570 ratio,
3744 4502 3931 4559 solum

2332 4592 2428 4650 per
2456 4577 2770 4636 discursum
2797 4595 2903 4636 non
2930 4580 3179 4640 tribuunt
3204 4583 3307 4640 iuri
3344 4589 3614 4656 naturali,
3646 4596 3710 4645 ut
3736 4589 3927 4649 videre

2331 4665 2457 4723 licet
2497 4666 2613 4723 inl.
2652 4672 2709 4735 1,
2752 4672 2816 4740 2,
2844 4675 2900 4725 et
2929 4672 3071 4741 3,et
3096 4671 3133 4727 l.
3159 4687 3389 4740 ovines,
3430 4691 3559 4732 cum
3588 4675 3739 4752 aliis,
3770 4679 3825 4736 ff.
3862 4679 3941 4739 de

2330 4757 2502 4811 instit.
2532 4761 2588 4812 et
2614 4756 2719 4812 iur.
2750 4757 2875 4814 etin
2905 4757 2944 4813 Ι.
2976 4757 3297 4830 bonafide,
3328 4761 3383 4818 ff.
3417 4763 3670 4836 depositi.

2408 4847 2568 4903 Ratio
2598 4862 2719 4904 esse
2748 4853 2925 4919 potest
2954 4848 3127 4920 primo
3146 4890 3162 4920 ,
3193 4851 3321 4923 quia
3348 4851 3434 4908 ius
3462 4855 3711 4913 naturale
3738 4865 3823 4915 est
3848 4859 3935 4933 id,

2330 4934 2396 4992 ad
2424 4935 2574 5007 quod
2606 4940 2720 5009 ipsa
2744 4942 2942 4993 natura
2970 4937 3275 4996 immediate
3318 4940 3572 4999 inclinat:
3608 4944 3931 5007 huiusmodi

2333 5033 2517 5081 autem
2548 5026 2725 5082 solum
2756 5034 2887 5083 sunt
2916 5027 3089 5098 prima
3130 5029 3435 5105 principia,
3476 5048 3603 5091 nam
3642 5051 3785 5109 quae
3823 5053 3933 5110 per

2327 5113 2645 5171 discursum
2674 5124 3099 5190 comparantur,
3130 5119 3314 5190 potius
3341 5120 3409 5178 ab
3436 5125 3551 5195 ipso
3582 5124 3803 5185 homine
3824 5127 3929 5187 ha-

2328 5204 2455 5264 bent
2480 5203 2761 5279 originem.
2796 5205 2947 5265 Unde
2975 5207 3141 5266 etiam
3166 5208 3222 5266 in
3262 5208 3393 5282 ipsis
3432 5211 3707 5273 habitibus
3732 5217 3931 5278 distin-
