4325 6267
734 292 861 361 124

659 455 826 515 quam
854 436 1073 495 moralis
1100 444 1158 495 et
1186 437 1460 509 practica,
1490 442 1547 495 et
1576 433 1921 493 nihilominus
1943 435 1993 493 in
2017 434 2245 493 scientia

658 532 889 606 physica
911 534 968 587 et
1002 528 1264 599 naturali,
1302 527 1432 585 licet
1464 526 1793 585 universalia
1830 525 2096 599 principia
2134 541 2246 582 non

653 620 941 692 deficiant,
982 618 1366 677 conclusiones
1400 619 1567 675 etiam
1606 618 1944 675 necessariae
1973 614 2246 673 interdum

656 710 945 783 deficiunt,
984 725 1115 783 ergo
1155 708 1299 767 idem
1326 709 1521 782 poterit
1545 708 1798 767 accidere
1838 708 1889 764 in
1916 706 2239 775 moralibus,

655 807 817 876 atque
844 802 917 859 ita
948 800 1147 873 poterit
1186 801 1269 857 ius
1298 798 1541 857 naturale
1571 801 1927 857 mutationem
1954 799 2081 871 pati.
2112 800 2244 855 Pro-

653 893 817 949 batur
837 892 1232 965 consequentia
1254 906 1284 946 a
1305 890 1527 962 paritate
1552 891 1797 960 rationis,
1812 889 1939 963 quia
1959 878 2104 946 sicut
2132 904 2247 945 ma-

654 981 791 1039 teria
828 981 1053 1058 physica
1090 986 1177 1037 est
1216 978 1488 1037 mutabilis
1508 1020 1523 1051 ,
1553 978 1627 1037 ita
1652 980 1815 1037 etiam
1842 994 1931 1035 res
1954 978 2245 1051 humanae,

654 1088 797 1146 quae
826 1078 956 1129 sunt
978 1071 1200 1128 materia
1224 1070 1362 1127 iuris
1389 1070 1683 1143 naturalis,
1717 1069 1887 1127 multo
1916 1072 2088 1143 magis
2124 1086 2247 1126 mu-

652 1164 841 1221 tabiles
870 1169 1018 1235 sunt3
1044 1178 1174 1235 ergo
1200 1162 1362 1219 etiam
1384 1162 1563 1234 ipsum
1589 1164 1676 1218 ius
1703 1160 1961 1218 mutabile
1980 1169 2086 1233 est3
2122 1175 2246 1217 nam

652 1256 803 1311 sicut
828 1270 894 1312 ex
927 1256 1153 1313 materia
1178 1250 1346 1311 sumit
1386 1254 1653 1327 speciem,
1694 1254 1772 1312 ita
1811 1252 1954 1311 illius
1981 1252 2247 1312 conditio-

652 1361 777 1403 nem
806 1346 1085 1414 imitatur,
1117 1350 1173 1402 et
1199 1344 1501 1418 participat.

733 1444 785 1495 3.
818 1439 967 1495 Haec
996 1452 1126 1494 vero
1158 1437 1338 1495 omnia
1365 1442 1515 1494 recte
1541 1434 1809 1509 explicata
1838 1435 2021 1507 potius
2044 1434 2244 1492 contir-

653 1534 808 1587 mant
859 1527 1240 1584 assertionem.
1295 1526 1394 1583 Est
1436 1540 1569 1599 ergo
1617 1523 2073 1583 considerandum
2100 1566 2115 1597 ,
2154 1541 2242 1599 ea,

654 1635 798 1693 quae
841 1620 1159 1683 consistunt
1195 1617 1250 1673 in
1292 1615 1529 1691 quadam
1569 1614 1960 1691 adaequatione
1998 1622 2056 1673 et
2082 1619 2244 1690 quasi

653 1708 935 1781 relatione,
966 1706 1256 1780 dupliciter
1285 1721 1447 1779 posse
1474 1706 1696 1778 mutari,
1720 1706 1804 1762 vel
1833 1706 1993 1779 quasi
2016 1706 2240 1781 mutari,

657 1816 759 1858 seu
798 1797 1041 1857 desinere
1080 1813 1231 1871 esse,
1262 1796 1474 1855 scilicet
1500 1796 1583 1853 vel
1620 1797 1911 1855 intrinsece
1942 1813 2040 1871 per
2066 1805 2246 1857 muta·

654 1893 858 1950 tionem
886 1892 993 1963 sui,
1023 1896 1089 1948 ut
1112 1895 1267 1963 pater
1292 1886 1489 1945 desinit
1516 1904 1637 1945 esse
1662 1894 1839 1961 pater,
1865 1889 1911 1943 si
1942 1888 2230 1960 moriatur3

655 1982 739 2040 vel
759 1980 1065 2039 extrinsece
1091 1985 1303 2037 tantum
1324 1994 1422 2052 per
1444 1980 1805 2035 mutationem
1828 1977 2079 2048 alterius,
2102 1994 2242 2054 quo-

656 2072 818 2151 modo
848 2079 1001 2146 pater
1033 2070 1227 2129 desinit
1252 2086 1373 2127 esse
1403 2076 1557 2143 pater
1580 2084 1679 2142 per
1702 2079 1936 2127 mortem
1956 2070 2077 2142 filii3
2103 2085 2244 2144 quae

654 2163 844 2221 desitio
868 2162 919 2219 in
940 2169 1093 2234 patre
1114 2177 1224 2219 non
1246 2162 1607 2232 estmutatio,
1634 2159 1731 2217 sed
1753 2175 1850 2232 per
1873 2159 2098 2219 modum
2122 2177 2242 2218 mu·

654 2253 867 2312 tationis
896 2267 929 2308 a
970 2252 1122 2309 nobis
1159 2251 1497 2323 concipitur,
1527 2250 1612 2307 vel
1641 2250 2001 2323 significatur.
2034 2251 2094 2307 ln
2123 2250 2242 2324 lege

655 2360 787 2417 ergo
836 2341 1067 2415 positiva
1107 2340 1377 2415 contingit
1416 2340 1642 2398 mutatio
1683 2341 1848 2414 priori
1889 2340 2084 2414 modo,
2116 2342 2245 2416 quia

656 2434 770 2492 tolli
798 2439 1018 2507 potest3
1052 2432 1103 2488 in
1132 2430 1248 2506 lege
1274 2436 1457 2489 autem
1484 2431 1718 2489 naturali
1746 2431 1962 2488 minime
1982 2474 1995 2501 ,
2027 2430 2121 2489 sed
2153 2448 2242 2489 so-

654 2524 771 2581 lum
813 2521 1055 2584 secundo
1098 2521 1259 2579 modo
1300 2537 1396 2593 per
1436 2523 1794 2579 mutationem
1825 2523 2085 2579 materiae
2114 2538 2248 2580 con·

663 2614 849 2687 tingit,
883 2622 947 2671 ut
974 2613 1121 2670 actio
1151 2612 1507 2669 subtrahatur
1535 2611 1603 2669 ab
1625 2612 1945 2685 obligatione
1982 2612 2114 2687 legis
2142 2629 2241 2670 na-

661 2705 875 2777 turalis,
908 2720 1015 2760 non
1043 2703 1169 2777 quia
1198 2702 1281 2761 lex
1311 2702 1554 2767 tollatur,
1590 2702 1672 2759 vel
1700 2703 2000 2778 minuatur3
2026 2718 2242 2776 semper

657 2796 799 2851 enim
820 2810 886 2851 eo
914 2792 1075 2850 modo
1096 2792 1317 2866 obligat,
1342 2798 1397 2849 et
1419 2791 1698 2866 obligavit,
1724 2791 1820 2849 sed
1844 2793 1973 2866 quia
1991 2794 2109 2866 ipsa
2134 2810 2252 2850 ma·

662 2887 793 2942 teria
830 2884 968 2957 legis
1018 2888 1304 2952 mutatur,
1348 2888 1412 2939 ut
1450 2882 1631 2938 statim
1673 2882 1876 2954 patebit
1900 2884 1954 2938 in
1982 2882 2244 2955 exemplis

659 2977 930 3035 adductis.
968 2974 1122 3035 Unde
1163 2973 1395 3031 ulterius
1436 2972 1896 3031 considerandum
1924 2980 2038 3045 est,
2074 2974 2248 3047 legem

660 3067 987 3138 naturalem,
1024 3081 1154 3123 cum
1176 3080 1273 3138 per
1294 3081 1352 3121 se
1379 3080 1490 3122 non
1518 3064 1589 3123 sit
1614 3065 1819 3137 scripta
1841 3065 1895 3120 in
1917 3063 2136 3139 tabulis,
2161 3062 2250 3122 vel

662 3159 1021 3230 membranis,
1052 3155 1147 3213 sed
1173 3158 1227 3212 in
1259 3156 1563 3228 mentibus,
1594 3172 1699 3212 non
1730 3170 1945 3228 semper
1974 3156 2170 3214 dictari
2197 3156 2252 3212 in

662 3256 843 3308 mente
870 3249 973 3306 illis
995 3248 1177 3305 verbis
1199 3245 1543 3319 generalibus
1560 3290 1575 3316 ,
1601 3245 1685 3303 vel
1705 3245 2013 3319 indefinitis,
2046 3246 2250 3322 quibus

662 3360 695 3399 a
722 3342 875 3399 nobis
914 3356 1007 3397 ore
1036 3338 1313 3413 profertur
1333 3378 1348 3409 ,
1380 3337 1463 3394 vel
1493 3336 1782 3410 scribitur,
1813 3344 1877 3395 ut
1903 3354 1953 3394 v.
1986 3354 2039 3411 g.
2075 3338 2158 3395 lex
2186 3337 2254 3394 de

663 3432 939 3493 reddendo
970 3432 1217 3504 deposito
1237 3470 1252 3498 ,
1284 3435 1557 3503 quatenus
1585 3428 1851 3485 naturalis
1878 3444 1985 3486 non
2024 3430 2100 3485 ita
2126 3430 2257 3485 sim-

662 3524 881 3597 pliciter
917 3528 974 3579 et
1003 3520 1253 3578 absolute
1281 3519 1334 3574 in
1362 3524 1541 3575 mente
1573 3516 1874 3589 iudicatur,
1912 3516 2007 3575 sed
2034 3534 2163 3576 cum
2194 3519 2255 3575 li-

664 3615 941 3673 mitatione
970 3617 1028 3669 et
1052 3610 1567 3682 circumspectione3
1596 3608 1767 3666 dictat
1784 3608 1929 3667 enim
1949 3610 2104 3683 ratio,
2130 3608 2256 3666 red-

666 3704 905 3762 dendum
930 3718 1052 3759 esse
1082 3700 1390 3773 depositum
1416 3702 1539 3757 iure
1568 3708 1625 3756 et
1649 3700 2043 3758 rationabiliter
2071 3706 2257 3773 peten-

667 3796 736 3867 ti,
767 3794 853 3851 vel
896 3792 997 3850 nisi
1036 3792 1171 3849 ratio
1198 3790 1523 3848 defensionis
1550 3791 1763 3864 iustae,
1790 3790 1874 3848 vel
1904 3791 2258 3865 reipublicae,

666 3885 752 3943 vel
786 3883 1037 3957 propria,
1074 3881 1160 3939 vel
1200 3880 1504 3937 innocentis
1532 3878 1729 3937 obstet.
1761 3880 2132 3938 communiter
2159 3896 2259 3938 au-

665 3982 781 4033 tem
806 3973 946 4030 solet
980 3971 1069 4029 illa
1093 3970 1183 4028 lex
1210 3969 1311 4027 illis
1348 3976 1561 4027 tantum
1600 3968 1779 4027 verbis
1814 3970 2077 4043 proferri:
2110 3970 2259 4029 Red-

666 4063 932 4123 dendum
954 4068 1039 4121 est
1066 4060 1427 4136 depositum.
1454 4062 1582 4135 quia
1603 4066 1819 4118 caetera
1842 4060 2257 4136 subintelligun-

671 4164 794 4230 tur,
817 4170 918 4212 nec
952 4153 1003 4210 in
1030 4153 1203 4211 torma
1230 4151 1363 4226 legis
1390 4150 1626 4207 humano
1658 4150 1818 4207 modo
1844 4152 2052 4224 positae
2080 4152 2260 4209 omnia

670 4245 939 4306 declarari
969 4250 1219 4317 possunt.

747 4341 803 4397 4.
833 4335 1057 4406 Quando
1078 4350 1211 4408 ergo
1240 4330 1295 4390 d.
1319 4332 1551 4390 Thomas
1573 4347 1704 4389 cum
1725 4332 2016 4391 Aristotele
2038 4334 2135 4405 ait,
2162 4333 2257 4390 ali·

671 4444 784 4504 qua
823 4432 1113 4500 praecepta
1152 4423 1284 4499 legis
1308 4421 1588 4480 'naturalis
1622 4425 1855 4496 mutari,
1887 4423 1974 4482 vel
2000 4423 2256 4498 deficere,

674 4526 771 4577 aut
804 4518 1177 4589 exceptionem
1222 4514 1329 4587 pati
1372 4512 1426 4569 in
1468 4513 1853 4587 paucioribus,
1884 4528 1985 4570 seu
2011 4514 2063 4571 in
2094 4530 2255 4589 casu,

674 4609 919 4684 loquitur
946 4605 1012 4663 de
1052 4604 1345 4663 mutatione
1374 4603 1664 4677 impropria
1692 4620 1789 4676 per
1816 4604 1989 4661 solam
2018 4604 2260 4662 denomi-

674 4701 945 4756 nationem
982 4697 1339 4755 extrinsecam
1380 4694 1587 4752 ratione
1630 4694 1978 4764 mutationis,
2023 4710 2167 4768 quae
2203 4694 2260 4751 in

674 4789 901 4848 materia
926 4790 1003 4859 lit,
1038 4793 1096 4844 ut
1120 4803 1188 4844 ex
1212 4785 1405 4844 eodem
1434 4786 1671 4843 sumitur
1697 4786 1845 4843 dicta
1872 4793 2085 4861 quaest.
2126 4792 2254 4862 100,

675 4897 727 4937 a.
758 4886 821 4952 8,
844 4885 900 4936 et
919 4876 1099 4952 quoad
1121 4877 1227 4933 hoc
1250 4874 1602 4933 differentiam
1624 4876 1910 4933 constituit
1931 4876 2073 4933 inter
2094 4892 2262 4950 quae-

676 4970 803 5027 dam
842 4976 1133 5042 praecepta
1172 4966 1442 5023 naturalia
1478 4973 1738 5040 respectu
1764 4966 2030 5037 aliorum,
2060 4966 2145 5023 vel
2173 4982 2258 5024 re-

678 5066 875 5135 spectu
902 5058 1294 5133 principiorum
1322 5048 1796 5115 universaliorum.
1822 5058 1958 5115 Nam
1988 5059 2258 5132 quaedam

676 5156 966 5209 versantur
993 5150 1046 5205 in
1071 5147 1323 5221 materia,
1354 5162 1495 5222 quae
1520 5163 1629 5204 non
1660 5147 1852 5221 recipit
1879 5148 2257 5221 mutationem,

678 5242 765 5301 vel
805 5241 1202 5313 limitationem,
1244 5243 1307 5297 ut
1345 5244 1461 5311 est,
1506 5238 1587 5295 vel
1626 5238 1877 5312 generale
1905 5239 2254 5313 principium:

2118 308 2323 360 LIBER
2348 310 2428 361 11.
2521 264 2544 291 ο

2310 442 2444 495 Non
2471 435 2920 511 suntfacienda
2939 435 3126 507 mala,
3165 436 3250 495 vel
3272 434 3544 495 interdum
3567 435 3898 509 particulare

2311 534 2695 603 praeceptum,
2739 535 2828 588 ut:
2861 533 2998 589 Non
3035 534 3121 587 est
3157 525 3584 587 mentiendum.-
3626 526 3727 584 alia
3765 542 3899 583 vero

2314 626 2476 694 sunt,
2515 636 2656 696 quae
2695 638 2762 679 ex
2803 627 2956 694 parte
3000 621 3256 679 materiae
3295 619 3622 678 mutationes
3649 618 3898 691 recipere

2311 717 2571 785 possunt,
2602 717 2657 769 et
2695 710 2815 769 ideo
2855 710 3262 781 limitationem,
3304 710 3388 766 vel
3429 709 3585 783 quasi
3625 710 3904 781 exceptio-

2312 817 2438 857 nem
2465 801 2768 860 admittant.
2801 800 2953 859 Unde
2983 816 3140 873 saepe
3169 799 3444 873 loquimur
3472 798 3538 856 de
3567 798 3649 855 his
3677 814 3906 870 praece·

2312 894 2443 966 ptis,
2476 909 2540 949 ac
2569 894 2615 949 si
2639 899 2823 950 essent
2848 894 3132 965 proposita
3158 907 3255 964 per
3283 890 3530 949 absoluta
3558 890 3722 947 verba
3747 933 3760 961 ,
3792 890 3900 949 sub

2315 984 2517 1059 quibus
2561 986 2851 1057 patiuntur
2890 983 3294 1055 exceptionem,
3339 983 3467 1057 quia
3503 997 3615 1039 non
3645 982 3776 1039 satis
3802 981 3898 1038 de-

2313 1074 2526 1133 clarant
2549 1076 2746 1149 ,ipsum
2771 1079 3126 1148 praeceptum
3153 1074 3406 1131 naturale
3433 1080 3597 1146 prout
3620 1075 3673 1130 in
3701 1090 3760 1131 se
3785 1078 3890 1131 est.

2315 1167 2404 1223 Sic
2431 1167 2572 1223 enim
2612 1171 2965 1239 praeceptum
3005 1167 3058 1221 in
3086 1180 3143 1222 se
3173 1170 3478 1239 spectatum
3507 1164 3714 1222 nullam
3739 1180 3901 1223 exce-

2314 1258 2550 1329 ptionem
2580 1256 2807 1329 patitur,
2831 1255 2956 1329 quia
2983 1255 3120 1313 ratio
3149 1255 3266 1329 ipsa
3287 1256 3544 1313 naturalis
3565 1256 3738 1314 dictat
3755 1297 3771 1328 ,
3797 1256 3906 1313 hoc

2313 1346 2512 1404 debere
2533 1346 2646 1403 fieri
2671 1345 2762 1403 tali
2783 1344 2866 1403 vel
2899 1346 2988 1403 tali
3020 1345 3204 1419 modo,
3234 1352 3290 1403 et
3314 1362 3422 1403 non
3453 1345 3629 1419 aliter,
3658 1346 3741 1403 vel
3772 1361 3904 1403 con-

2314 1437 2666 1495 currentibus
2696 1436 2897 1494 talibus
2924 1437 3375 1507 circumstantiis,
3400 1443 3457 1494 et
3479 1452 3586 1493 non
3610 1436 3818 1510 absquo
3847 1436 3908 1493 il-

2317 1528 2400 1585 lis.
2437 1529 2550 1585 lmo
2580 1526 2889 1601 interdum,
2921 1528 3146 1586 mutatis
3184 1527 3642 1599 circumstantiis,
3672 1543 3780 1584 non
3811 1543 3901 1583 so-

2317 1618 2432 1675 lum
2465 1634 2573 1675 non
2607 1616 2808 1692 obligat
2839 1617 3086 1675 naturale
3113 1624 3469 1692 praeceptum
3502 1618 3571 1675 ad
3599 1617 3910 1676 faciendum

2313 1708 2551 1783 aliquid,
2583 1724 2638 1763 v.
2672 1726 2727 1783 g.
2762 1707 2829 1765 ad
2867 1706 3208 1767 reddendum
3247 1707 3584 1782 depositum,
3617 1708 3711 1766 sed
3737 1711 3907 1767 etiam

2313 1800 2522 1873 obligat
2548 1797 2615 1855 ad
2645 1816 2754 1856 non
2781 1798 3113 1857 faciendum.

2388 1891 2458 1949 Et
2497 1890 2572 1947 ita
2611 1889 2770 1948 facile
2810 1888 3128 1947 declaratur
3165 1888 3477 1963 exemplum
3513 1888 3584 1947 de
3631 1889 3906 1963 deposit03

2313 1997 2441 2040 nam
2468 1980 2597 2037 licet
2623 1980 2676 2036 in
2703 1979 2811 2038 hoc
2841 1996 2978 2037 casu
3009 1978 3344 2037 reddendum
3373 1996 3478 2036 non
3511 1981 3616 2051 sit,
3647 1996 3756 2037 non
3785 1970 3920 2053 pro-'

2313 2080 2502 2147 pterea
2529 2072 2776 2130 naturale
2805 2078 3157 2145 praeceptum
3187 2077 3452 2140 mutatur3
3487 2086 3612 2127 nam
3640 2086 3672 2127 a
3699 2070 3906 2143 princi-

2313 2165 2402 2238 pio
2424 2179 2533 2221 non
2553 2164 2578 2220 s
2581 2164 2662 2220 uit
2681 2163 2920 2236 positum
2943 2178 3044 2235 pro
3065 2162 3155 2220 illo
3178 2179 3336 2235 casu,
3361 2161 3457 2219 sed
3477 2178 3576 2235 pro
3597 2160 3736 2229 aliis,
3763 2177 3906 2235 quos

2313 2262 2467 2313 reeta
2503 2254 2643 2311 ratio
2686 2252 2890 2324 dictat,
2934 2253 3082 2310 sicut
3119 2255 3214 2327 qui
3243 2268 3350 2310 non
3379 2253 3567 2325 implet
3594 2251 3910 2325 promissio-

2315 2359 2472 2416 nem,
2503 2343 2632 2417 quia
2670 2358 2760 2399 res
2799 2341 3108 2399 notabiliter
3135 2347 3375 2400 mutatae
3403 2347 3563 2411 sunt,
3595 2358 3702 2398 non
3732 2348 3912 2399 muta-

2316 2442 2410 2492 tur
2434 2434 2548 2506 ipse
2567 2475 2584 2506 ,
2630 2448 2733 2491 nec
2765 2432 2850 2490 lex
2877 2431 3142 2491 fidelitatis
3171 2432 3468 2490 servandae
3499 2439 3775 2502 mutatur,
3807 2433 3904 2489 sed

2319 2530 2532 2582 mutata
2571 2529 2657 2580 est
2693 2524 2956 2596 materia,
2999 2528 3178 2580 tamen
3207 2539 3238 2579 a
3265 2523 3532 2596 principio
3559 2522 3651 2580 illa
3678 2524 3908 2580 mutatio

2313 2615 2418 2672 fuit
2446 2614 2642 2671 virtute
2670 2620 2896 2685 excepta
2927 2628 3024 2687 per
3051 2612 3412 2671 conditionem
3439 2615 3496 2669 in
3523 2614 3640 2688 ipsa
3668 2604 3927 2687 promis·‘

2315 2706 2467 2762 sione
2495 2704 2960 2777 subintellectam,
2989 2709 3045 2761 et
3071 2706 3146 2761 ita
3175 2720 3284 2762 non
3310 2710 3395 2761 est
3422 2720 3573 2776 vera,
3603 2704 3686 2761 vel
3716 2706 3907 2762 intrin-

2316 2811 2444 2853 seca
2475 2794 2736 2868 mutatio,
2769 2794 2864 2851 sed
2894 2809 3198 2867 apparens,
3223 2802 3282 2852 et
3310 2810 3404 2868 per
3423 2796 3788 2853 extrinsecam
3817 2795 3914 2853 de-

2317 2886 2756 2944 nominationem.
2800 2884 2947 2942 Idem
2985 2901 3118 2959 ergo
3157 2891 3244 2943 est
3281 2885 3349 2943 de
3384 2885 3665 2960 deposito',
3695 2888 3910 2944 etiamsi

2319 2976 2566 3050 deposito
2594 2975 2926 3049 adiungatur
2953 2976 3237 3048 promissio
3257 2975 3517 3034 reddendi
3539 2976 3708 3048 illud3
3737 2984 3799 3035 ut
3819 2982 3908 3034 est

2321 3064 2463 3139 apud
2487 3067 2856 3139 Augustintun
2876 3065 3011 3138 psal.
3043 3070 3166 3137 5,et
3186 3066 3417 3123 habetur
3439 3066 3491 3123 in
3507 3083 3628 3140 cap.
3649 3070 3738 3125 Ne
3757 3070 3910 3141 quis,

2321 3162 2418 3230 22,
2447 3174 2503 3232 q.
2533 3162 2589 3214 2.
2621 3155 2878 3230 idemque
2901 3171 3030 3213 cum
3053 3158 3402 3229 proportione
3423 3166 3508 3217 est
3526 3156 3594 3216 de
3615 3164 3915 3231 praecepto

2320 3246 2552 3305 naturali
2583 3246 2833 3304 servandi
2861 3254 3170 3318 secretum,
3197 3263 3322 3304 nam
3345 3254 3624 3306 secretum
3643 3254 3729 3305 est
3749 3248 3910 3321 quasi

2323 3338 2634 3411 depositum
2655 3377 2670 3405 ,
2703 3336 2853 3411 quod
2894 3336 3314 3394 custodiendum
3341 3337 3502 3395 datur
3523 3381 3537 3410 ,
3567 3344 3623 3395 et
3649 3340 3920 3411 accipitur

2324 3428 2428 3485 sub
2457 3428 2815 3501 promissione
2844 3427 3098 3486 servandi
3123 3428 3240 3486 'sine
3268 3429 3466 3487 damno
3492 3436 3551 3486 et
3578 3430 3773 3487 iniuria
3803 3436 3914 3488 ter-

2324 3520 2412 3592 tii3
2443 3535 2567 3576 nam
2595 3518 2730 3575 haec
2762 3516 3001 3576 conditio
3029 3519 3339 3577 necessario
3369 3519 3811 3593 subintelligitur,
3845 3528 3910 3577 ut

2326 3608 2614 3682 promissio
2640 3608 2790 3666 licita
2819 3608 2906 3664 sit.
2938 3609 3244 3683 Loquimur
3270 3616 3454 3685 autem
3481 3609 3550 3667 de
3575 3610 3812 3667 naturali
3833 3626 3922 3667 se·

2325 3707 2508 3773 creto;
2535 3714 2660 3756 nam
2688 3698 2923 3774 sigillum
2951 3701 3306 3758 consessionis
3329 3700 3579 3759 altiorem
3598 3701 3763 3759 habet
3781 3699 3920 3759 obli·

2328 3792 2621 3864 gationem.
2649 3788 2891 3863 Denique
2919 3791 3060 3848 idem
3079 3797 3165 3850 est
3185 3789 3252 3849 de
3275 3792 3468 3866 quinto
3497 3798 3793 3865 praecepto
3813 3794 3917 3849 De-

2325 3880 2525 3955 calogiz
2557 3885 2693 3939 Non
2719 3880 2966 3947 occides,
3001 3882 3149 3956 quod
3179 3889 3242 3941 ut
3269 3882 3516 3941 naturale
3541 3890 3649 3955 est,
3681 3881 3918 3941 includit

2325 3971 2513 4045 plures
2541 3972 2885 4030 conditiones
2902 4013 2917 4042 ,
2949 3972 3161 4031 scilicet
3192 3989 3300 4031 non
3328 3976 3550 4033 occides
3575 3978 3799 4049 propria
3819 3992 3922 4033 au-

2325 4064 2577 4121 ctoritate
2615 4068 2672 4119 et
2709 4062 3105 4137 aggrediendo,
3147 4065 3214 4123 de
3240 4065 3439 4139 quibus
3475 4068 3528 4123 in
3558 4081 3657 4124 sua
3687 4069 3918 4124 materia

2323 4154 2618 4213 dicendum
2643 4160 2762 4226 est,
2786 4160 2843 4212 et
2863 4171 2985 4228 cap.
3013 4156 3126 4215 XV.
3156 4156 3338 4232 aliqua
3360 4158 3706 4231 attingemus.
3735 4160 3810 4215 De
3833 4156 3919 4215 ul-

2326 4247 2456 4304 timo
2486 4260 2614 4302 vero
2640 4245 2917 4319 exemplo,
2947 4246 3097 4319 quod
3133 4245 3428 4304 obscurius
3455 4252 3580 4321 est,
3609 4247 3795 4305 dicam
3825 4263 3922 4307 ca-

2325 4336 2432 4410 pite
2461 4336 2735 4410 sequenti.

2407 4432 2459 4486 5.
2489 4425 2571 4484 Ad
2599 4427 2868 4485 rationem
2889 4425 3226 4500 respondeo,
3249 4426 3583 4485 admittendo
3608 4428 3917 4487 similitudi-

2325 4533 2448 4575 nem
2477 4532 2544 4575 ex
2569 4516 3016 4575 conclusionibus
3044 4518 3278 4597 physicis
3315 4524 3589 4589 sumptam
3627 4534 3758 4577 cum
3787 4535 3915 4591 pro-

2326 4610 2596 4680 portione.
2651 4608 2786 4665 Nam
2826 4608 3224 4681 propositiones
3253 4608 3543 4684 physicae,
3576 4609 3703 4666 licet
3727 4609 3918 4666 dican*

2327 4706 2419 4755 tur
2446 4696 2719 4756 interdum
2746 4697 3001 4769 deficere,
3033 4704 3213 4755 tamen
3241 4706 3304 4757 ut
3323 4700 3712 4757 conclusiones
3735 4700 3916 4757 scien-

2329 4788 2497 4845 tificae
2527 4794 2692 4860 sunt,
2721 4804 2830 4844 non
2855 4786 3145 4861 deliciunt,
3175 4791 3302 4863 quia
3330 4797 3393 4848 ut
3419 4791 3496 4847 sic
3524 4806 3634 4846 non
3662 4790 3918 4848 absolute

2322 4879 2664 4951 inseruntur,
2710 4877 2804 4935 sed
2846 4894 2978 4935 cum
3017 4879 3362 4951 limitatione,
3409 4881 3598 4954 utique
3640 4896 3672 4937 a
3711 4881 3911 4938 talibus

2325 4971 2508 5028 causis
2537 4984 2632 5042 per
2660 4985 2718 5027 se
2741 4968 2846 5027 hoc
2877 4971 3186 5043 provenire,
3211 4970 3311 5027 nisi
3330 4970 3721 5044 impediantur,
3753 4978 3811 5028 et
3832 4972 3910 5027 sic

2323 5062 2490 5119 etiam
2515 5060 2564 5116 in
2586 5062 2856 5133 praesenti
2879 5059 3126 5118 naturale
3151 5070 3532 5134 praeceptum,
3561 5068 3626 5121 ut
3645 5062 3780 5134 dixi,
3805 5078 3913 5118 non

2326 5150 2572 5209 absolute
2614 5150 2876 5223 praecipit
2913 5152 2966 5206 in
2995 5149 3084 5207 tali
3113 5152 3371 5224 materia,
3404 5169 3458 5212 v.
3481 5168 3541 5227 g.
3572 5152 3913 5211 reddendum

2323 5247 2411 5299 est
2436 5240 2762 5314 depositum,
2789 5239 2885 5298 sed
2905 5241 3301 5301 subintellectis
3325 5243 3522 5303 debitis
3541 5245 3925 5303 circumstan-
