4325 6267
812 277 966 348 -244

759 424 832 487 de
859 413 976 502 lege
1004 423 1182 496 civili,
1210 439 1352 502 quae
1376 422 1548 500 iubet,
1576 421 1868 486 haeredem
1893 421 2186 486 adeuntem
2211 422 2342 482 hae-

758 517 1082 590 reditatem,
1104 533 1213 575 non
1241 517 1494 576 confecto
1521 516 1823 576 inventario
1849 558 1865 588 ,
1908 515 2120 575 solvere
2159 515 2344 574 debita

764 610 930 668 etiam
949 608 1094 666 ultra
1118 610 1261 668 vires
1289 607 1678 682 haereditatis3
1707 614 1764 666 et
1800 606 2150 665 nihilominus
2189 621 2343 664 com·

761 700 948 759 munis
966 698 1335 771 interpretatio
1353 703 1462 772 est,
1489 697 1643 756 illum
1663 714 1772 755 non
1793 697 1964 756 teneri
1983 697 2036 755 in
2055 699 2344 755 conscien-

766 791 842 849 tia
867 790 1078 848 solvere
1103 788 1284 848 debita
1309 789 1362 846 in
1389 804 1454 847 ea
1481 789 1810 864 quantitate,
1839 801 1981 862 quae
2005 802 2067 844 re
2095 802 2225 845 vera
2251 803 2345 844 su-

764 887 926 956 perat
948 883 1092 939 vires
1116 879 1487 939 haereditatis.
1515 879 1652 949 Quia
1678 878 1763 936 lex
1789 877 2053 937 fundatur
2089 879 2148 935 in
2187 893 2344 951 prae·

761 973 1110 1045 sumptione,
1140 969 1291 1045 quod
1319 970 1440 1042 ille,
1471 971 1567 1044 qui
1604 968 1842 1043 neglexit
1884 968 2061 1026 facere
2101 970 2346 1026 inventa-

763 1064 932 1135 rium,
953 1074 1222 1134 usurpare
1249 1059 1424 1117 voluit
1448 1060 1706 1132 pinguem
1727 1057 2133 1133 haereditatem,
2155 1065 2215 1114 et
2232 1073 2341 1115 non

763 1153 977 1226 integre
1006 1150 1219 1209 solvere
1246 1149 1446 1224 debita,
1470 1165 1612 1224 quae
1638 1149 2007 1223 praesumptio
2037 1151 2091 1207 in
2118 1163 2185 1205 eo
2208 1163 2345 1206 casu

765 1248 991 1315 cessat,
1038 1247 1098 1300 et
1139 1248 1538 1316 consequenter
1576 1245 1759 1298 cessat
1794 1242 1960 1298 etiam
1999 1238 2251 1312 obligatio
2290 1238 2346 1295 in

761 1331 1100 1392 conscientia
1123 1373 1140 1406 ,
1189 1339 1257 1390 ut
1293 1339 1380 1389 est
1425 1330 1768 1388 communior
1807 1327 2070 1388 sententia
2115 1327 2342 1399 Bartoli,

765 1423 944 1494 Baldi,
971 1429 1029 1481 et
1054 1422 1284 1481 aliorum
1301 1463 1316 1494 ,
1345 1437 1488 1496 quos
1515 1421 1710 1492 refert,
1741 1427 1799 1480 et
1821 1420 2066 1495 sequitur
2087 1421 2265 1478 Iason.
2289 1421 2345 1477 in

760 1512 990 1573 rubrica
1015 1512 1071 1570 Π.
1103 1511 1170 1570 de
1199 1511 1479 1586 acquiren.
1511 1511 1774 1570 haeredit.
1818 1526 1849 1568 a
1885 1527 2037 1570 num.
2071 1515 2168 1569 23.
2198 1510 2345 1569 idem

767 1619 904 1678 ergo
929 1593 1034 1662 'erit
1057 1603 1111 1659 in
1140 1602 1392 1660 omnibus
1421 1601 1704 1659 similibus.
1737 1600 2173 1660 Fundamentum
2199 1603 2346 1659 enim

767 1692 1026 1768 generale
1050 1697 1136 1750 est
1153 1735 1169 1766 ,
1198 1691 1348 1767 quod
1375 1695 1578 1750 veritas
1603 1691 1915 1764 praefertur
1952 1691 2351 1765 praesumptio-2

764 1784 849 1858 ni,
880 1789 935 1842 et
963 1783 1085 1841 ideo
1113 1782 1334 1840 intentio
1361 1781 1720 1856 legislatoris,
1750 1781 1843 1856 qui
1871 1783 1924 1839 in
1954 1781 2349 1855 praesumptio-

763 1891 834 1934 ne
860 1873 1142 1948 fundatur,
1171 1890 1279 1932 non
1307 1872 1550 1932 creditur
1575 1871 1792 1931 extendi
1820 1871 1888 1930 ad
1915 1888 2128 1946 casum,
2157 1873 2215 1929 in
2236 1887 2347 1946 quo

767 1965 966 2025 veritas
995 1980 1104 2022 non
1131 1963 1406 2022 subsistit.

844 2054 947 2115 sed
973 2053 1322 2112 nihilominus
1348 2051 1595 2112 doctrina
1618 2052 1754 2110 haec
1773 2067 1880 2110 non
1903 2057 2084 2126 potest
2101 2050 2349 2109 indistin-

768 2153 858 2206 cte
882 2153 940 2205 et
963 2143 1288 2219 generaliter
1314 2143 1638 2216 approbari,
1665 2143 1793 2218 quia
1830 2144 1944 2201 sine
1969 2143 2137 2201 dubio
2169 2141 2351 2216 aliqua

769 2255 836 2297 ex
878 2235 1132 2294 adductis
1157 2233 1418 2306 exemplis
1445 2233 1578 2293 falsa
1603 2241 1764 2307 sunt,
1794 2240 1859 2291 ut
1885 2234 2022 2291 infra
2048 2232 2144 2290 lib.
2175 2235 2240 2290 V.
2272 2231 2353 2290 di·

770 2344 964 2388 cemus
1003 2325 1072 2384 de
1113 2325 1404 2400 aliquibus.
1445 2327 1521 2382 De
1561 2324 1972 2382 renunciatione
2006 2329 2189 2381 autem
2214 2321 2350 2380 filiae

768 2421 898 2478 dote
936 2421 1257 2490 contentae,
1301 2422 1358 2473 et
1395 2412 1464 2472 de
1503 2414 1819 2472 alienatione
1859 2412 2010 2472 fundi
2051 2411 2243 2470 dotalis
2284 2412 2350 2470 ab

768 2525 944 2568 uxore
968 2508 1136 2578 faeta,
1168 2505 1314 2564 etde
1341 2503 1600 2562 similibus
1627 2503 1845 2562 actibus
1866 2519 1964 2576 per
1985 2504 2130 2578 leges
2160 2502 2351 2560 huma-

772 2616 870 2658 nas
896 2599 1078 2656 irritos
1105 2611 1225 2655 esse
1241 2638 1257 2669 ,
1287 2594 1535 2668 quamvis
1561 2593 1692 2652 fiant
1719 2607 1850 2651 cum
1889 2608 2022 2651 vero
2048 2607 2349 2664 consensu,

769 2696 830 2748 et
855 2687 974 2746 aliis
1000 2685 1398 2745 conditionibus
1425 2699 1491 2742 ex
1521 2684 1572 2740 vi
1601 2681 1770 2741 solius
1791 2682 1925 2740 iuris
1947 2682 2211 2740 naturalis
2238 2681 2352 2739 suf-

773 2779 1115 2850 ficientibus,
1148 2777 1204 2834 in
1229 2783 1365 2834 tom.
1397 2774 1462 2831 11.
1487 2771 1562 2830 de
1598 2771 1767 2846 reliq.
1811 2778 1973 2831 tract.
2018 2771 2090 2829 de
2125 2774 2347 2829 iuram.

773 2871 938 2928 iatius
964 2868 1220 2927 diximus.
1247 2865 1520 2938 Denique,
1547 2862 1813 2938 quidquid
1849 2864 1921 2920 sit
1957 2860 2024 2920 de
2063 2861 2354 2934 particula-

774 2960 929 3018 ribus
967 2955 1260 3030 exemplis,
1300 2961 1516 3011 certum
1556 2953 1800 3024 videtur,
1833 2969 1995 3025 posse
2023 2952 2198 3024 legem
2226 2952 2357 3010 civi-

774 3051 917 3125 ·lem,
942 3045 1148 3107 etiamsi
1178 3045 1355 3122 (iuxta
1381 3043 1608 3101 modum
1628 3042 1884 3117 loquendi
1911 3042 2133 3100 illorum
2161 3050 2353 3101 aucto-

774 3139 931 3214 rum)
962 3139 1012 3195 in
1052 3134 1495 3210 praesumptione
1536 3134 1822 3206 fundetur,
1854 3133 2172 3208 simpliciter
2199 3133 2353 3206 ferri,

770 3231 849 3290 ita
877 3237 943 3288 ut
968 3227 1262 3303 obliget,et
1284 3225 1480 3284 habeat
1498 3233 1680 3284 totum
1701 3240 1864 3283 suum
1887 3225 2165 3300 effectum,
2189 3227 2353 3282 etiam

773 3323 829 3380 in
858 3320 1079 3379 casibus
1101 3359 1118 3392 ,
1167 3319 1223 3375 in
1270 3317 1472 3391 quibus
1514 3316 1886 3389 praesumptio
1933 3330 2040 3372 non
2086 3315 2353 3388 subsistit,

773 3409 994 3487 quando
1026 3411 1082 3467 in
1111 3407 1488 3466 observatione
1513 3406 1648 3480 legis
1675 3405 1887 3464 nullum
1917 3405 2203 3464 intervenit
2229 3421 2357 3478 pec·

773 3509 993 3572 catum,
1024 3500 1154 3574 quia
1182 3502 1360 3571 potest
1387 3496 1457 3555 ad
1484 3510 1778 3554 commune
1815 3497 2020 3554 bonum
2059 3497 2351 3569 pertinere,

773 3600 840 3650 ut
862 3591 983 3648 talis
1013 3590 1098 3648 lex
1123 3587 1372 3646 ahsolute
1411 3586 1656 3660 feratur,
1696 3593 1754 3645 et
1780 3586 1988 3661 obliget
2011 3629 2026 3660 ,
2065 3587 2276 3644 etiamsi
2302 3587 2353 3645 in

772 3679 1090 3757 particulari
1123 3693 1260 3737 casu
1288 3678 1424 3734 ratio
1453 3677 1572 3734 eius
1597 3674 1842 3750 deficiat3
1884 3692 2013 3752 ergo
2039 3692 2150 3734 non
2176 3683 2357 3750 potest

773 3771 1095 3847 generaliter
1135 3775 1193 3827 et
1217 3766 1527 3826 indistincte
1553 3765 1803 3839 defendi,
1832 3766 1982 3842 quod
2009 3768 2096 3826 lex
2123 3769 2176 3825 in
2202 3783 2357 3841 prae·

773 3860 1082 3934 sumptione
1113 3857 1336 3916 fundata
1366 3871 1647 3930 nunquam
1675 3857 1901 3930 obliget,
1931 3856 2014 3914 vel
2055 3857 2254 3916 habeat
2278 3857 2355 3916 ef·

773 3952 980 4010 fectum
1007 3950 1060 4007 in
1086 3947 1419 4006 conscientia
1439 3987 1455 4018 ,
1482 3947 1696 4021 quoties
1716 3949 1917 4005 veritas
1944 3963 2052 4006 non
2086 3953 2356 4005 consonat

772 4040 1228 4117 praesumptioni,
1252 4038 1383 4096 licet
1402 4036 1632 4096 fortasse
1653 4029 1759 4097 sint
1779 4037 1994 4113 aliquae
2016 4038 2187 4114 leges,
2211 4055 2352 4115 quae

771 4135 826 4191 in
851 4133 961 4190 hoc
988 4146 1152 4189 sensu
1177 4128 1442 4187 ferantur.

848 4228 904 4283 3.
923 4223 1263 4296 Quapropter
1281 4218 1622 4278 distinctione
1645 4217 1907 4277 utendum
1926 4219 2167 4294 videtur,
2186 4235 2351 4296 quam

773 4328 991 4372 sumere
1017 4327 1312 4386 possumus
1339 4325 1405 4368 ex
1432 4308 1556 4367 divo
1576 4309 1779 4366 Thema
1796 4317 1852 4370 2.
1881 4314 1937 4383 2,
1964 4327 2020 4385 q.
2048 4314 2264 4386 60,art.
2292 4315 2346 4371 i.

770 4403 838 4463 ad
863 4409 918 4476 3,
940 4402 1031 4459 ubi
1053 4403 1168 4475 ipse
1190 4400 1434 4475 loquitur
1455 4399 1524 4456 de
1545 4399 1989 4474 interpretatione
2017 4400 2248 4462 alicuius
2270 4401 2349 4459 rei

767 4493 830 4554 in'
865 4494 1182 4553 deteriorem
1219 4498 1460 4566 partem,
1487 4507 1654 4566 quam
1690 4491 1843 4566 dicit,
1873 4506 2035 4564 posse
2060 4491 2351 4564 dupliciter

769 4586 905 4658 lieri,
937 4583 1144 4642 scilicet
1168 4581 1654 4656 praesupponendo
1681 4595 1844 4656 posse
1869 4581 1942 4640 ita
1969 4597 2112 4656 esse,
2145 4582 2228 4640 vel
2256 4581 2348 4642 de-

770 4673 1002 4733 finiendo
1031 4674 1105 4731 ita
1123 4689 1263 4731 esse.
1289 4675 1370 4731 lta
1385 4688 1516 4746 ergo
1535 4675 1589 4729 iu
1611 4672 1881 4746 praesenti
1902 4672 2173 4746 duplicem
2194 4688 2348 4746 prae-

771 4765 1137 4839 sumptionem
1165 4764 1300 4838 legis
1327 4762 1620 4836 distinguo,
1648 4778 1810 4820 unam
1831 4778 2030 4820 vocare
2050 4779 2347 4836 possumus

767 4854 1256 4932 praesumptionis,
1288 4853 1447 4912 aliam
1483 4851 1835 4927 definitionis,
1864 4852 1948 4910 vel
1989 4868 2157 4910 unam
2197 4853 2345 4928 facti,

769 4947 927 5006 aliam
956 4943 1184 5019 periculi
1222 4944 1441 5002 moralis
1469 4943 1772 5001 secundum
1803 4943 1856 5001 id
1873 4985 1889 5017 ,
1919 4943 2066 5016 quod
2093 4944 2347 5019 frequen·

765 5041 876 5097 tius
903 5035 1131 5109 accidit,
1161 5035 1206 5093 si
1247 5040 1425 5092 nmen
1465 5033 1602 5092 haec
1641 5033 1913 5106 posterior
1952 5034 2339 5108 praesumptio,

766 5136 822 5187 et
842 5144 950 5187 non
975 5129 1162 5200 potius
1191 5131 1340 5184 certa
1367 5125 1594 5182 scientia
1631 5123 1858 5182 dicenda
1897 5130 2022 5198 est,
2064 5124 2343 5200 loquimur

766 5225 948 5278 tamen
973 5216 1190 5292 vulgari
1214 5213 1397 5274 modo.
1425 5213 1582 5273 Prior
1606 5229 1737 5290 ergo
1763 5213 1960 5272 modus
1987 5221 2096 5290 est,
2123 5215 2342 5292 quando

2204 293 2408 348 [mm
2431 295 2541 350 111.

2410 425 2781 499 praesumitur
2806 439 2948 501 opus
2974 425 3071 486 tali
3094 426 3180 486 vel
3208 426 3302 487 tali
3328 427 3494 488 modo
3520 443 3642 488 esse
3670 427 3907 504 factum,
3934 437 4003 490 ut

2410 517 2464 574 in
2492 530 2630 574 casu
2658 516 2748 574 illo
2790 516 2859 574 de
2896 519 3243 577 matrimonio
3284 535 3383 592 per
3422 520 3691 592 sponsalia
3731 535 4003 580 consum-

2407 611 2589 678 mata,
2617 607 2985 679 praesumitur
3012 608 3211 682 copula
3238 609 3381 669 facta
3419 611 3618 670 affectu
3654 611 3895 670 maritali
3942 620 4003 671 et

2412 711 2545 754 cum
2572 711 2703 756 vero
2730 713 3007 758 consensu
3033 698 3389 758 contrahendi
3426 703 3857 760 matrimonium.
3888 703 4005 761 Po-

2412 788 2609 845 sterior
2648 793 2833 847 autem
2870 791 3011 862 erit,
3054 789 3270 865 quando
3309 789 3490 849 solum
3528 793 3901 865 praesumitur
3942 796 3999 852 in

2410 875 2504 934 tali
2530 878 2689 936 modo
2715 878 3069 938 contrahendi
3096 897 3148 937 v.
3179 898 3235 956 g.
3266 882 3442 939 inesse
3462 881 3681 955 dolum,
3712 889 3810 941 aut
3828 885 4005 940 timo-

2410 981 2526 1023 rem
2545 1007 2561 1040 ,
2590 966 2678 1024 vel
2704 969 3163 1042 imperfectionem
3189 986 3492 1029 consensus
3519 989 3583 1030 ex
3610 971 3833 1032 defectu
3860 973 3999 1032 iudi-

2412 1057 2513 1126 cii,
2542 1055 2671 1130 quia
2695 1057 3017 1135 plerumque
3044 1060 3118 1118 ita
3144 1062 3344 1120 accidit
3368 1062 3419 1118 in
3448 1062 3605 1120 simili
3632 1070 3861 1122 eventu.
3889 1067 4001 1124 Un-

2415 1144 2483 1203 de
2510 1162 2726 1220 semper
2752 1148 2892 1207 inest
2918 1148 3224 1222 periculum
3253 1149 3478 1223 morale,
3502 1151 3647 1226 quod
3670 1152 3743 1210 ita
3770 1154 3860 1225 sit,
3890 1155 4003 1212 sic·

2414 1241 2478 1293 ut
2502 1237 2887 1310 praesumitur.
2918 1239 2987 1297 Et
3016 1239 3119 1296 hoc
3147 1238 3307 1297 modo
3337 1240 3596 1300 fundatur
3626 1242 3679 1298 in
3706 1259 3993 1316 praesum·

2412 1327 2597 1399 ptione
2627 1326 2711 1385 lex
2739 1327 2955 1386 irritans
2975 1329 3365 1402 professionem
3389 1340 3512 1392 ante
3532 1333 3834 1407 legitimum
3856 1343 3993 1394 tem·

2413 1432 2517 1489 pus
2545 1418 2731 1474 aetatis
2750 1458 2768 1490 ,
2801 1425 2898 1477 aut
2923 1419 3287 1495 probationis,
3318 1428 3373 1479 et
3398 1425 3623 1482 similes.

2492 1510 2547 1566 4.
2582 1507 2711 1565 Dico
2737 1523 2870 1583 ergo
2896 1511 3105 1583 primo,
3150 1510 3294 1586 leges
3335 1512 3585 1574 fundatas
3626 1518 3677 1574 in
3714 1533 4001 1590 praesum-

2415 1595 2603 1669 ptione
2624 1599 2836 1656 ratione
2850 1600 3023 1658 solius
3046 1601 3263 1659 moralis
3284 1604 3513 1676 periculi
3534 1605 3770 1680 obligare
3791 1609 3847 1665 in
3870 1624 4001 1667 con-

2416 1687 2671 1760 scientia,
2698 1695 2759 1745 et
2784 1689 2980 1747 habere
3010 1707 3143 1748 suos
3181 1693 3443 1766 effectus,
3485 1697 3697 1754 etiamsi
3738 1698 3791 1755 in
3830 1702 4001 1770 parti-

2417 1775 2594 1834 culari
2621 1793 2758 1835 casu
2784 1777 2992 1838 factum
3020 1797 3127 1839 non
3153 1782 3225 1841 sit
3252 1791 3679 1845 consentaneum
3719 1789 3997 1861 periculo,

2418 1881 2520 1923 nec
2561 1881 2622 1924 re
2665 1882 2793 1925 vera
2832 1869 3183 1940 interveniat,
3224 1873 3373 1947 quod
3414 1875 3590 1933 timeri
3615 1885 3857 1949 poterat.
3888 1881 4003 1938 Hoc

2416 1954 2681 2032 probant,
2712 1972 2855 2032 quae
2881 1959 3072 2018 ultimo
3096 1961 3219 2020 loco
3242 1961 3587 2022 adduximus.
3610 1969 3743 2024 Nam
3766 1968 3853 2026 lex
3874 1985 4000 2041 pro-

2416 2047 2609 2105 hibens
2635 2049 2748 2106 lieri
2789 2049 3179 2122 professionem
3215 2062 3341 2112 ante
3368 2055 3862 2115 decimumsextum
3902 2075 4001 2116 an-

2419 2154 2552 2196 num
2578 2139 2875 2212 expletum,
2906 2141 3139 2215 obligat,
3168 2145 3377 2202 etiamsi
3405 2162 3541 2219 puer
3566 2147 3637 2205 sit
3663 2147 3773 2206 doli
3799 2165 3999 2224 capax,

2416 2233 2473 2285 et
2490 2227 2654 2287 habet
2672 2229 2927 2287 effectum
2952 2231 3193 2289 irritandi
3205 2235 3595 2306 professionem
3606 2243 3761 2295 antea
3776 2238 4001 2310 factam,

2422 2319 2495 2376 ita
2535 2319 2680 2377 utin
2712 2320 3048 2380 conscientia
3086 2321 3291 2382 nullam
3332 2325 3707 2399 obligationem
3748 2327 3995 2386 inducat.

2419 2406 2671 2466 Similiter
2692 2408 2779 2467 lex
2806 2417 3072 2485 statuens,
3102 2420 3167 2471 ut
3191 2420 3381 2474 votum
3409 2417 3614 2474 factum
3636 2434 3669 2475 a
3687 2417 3793 2475 filio
3823 2420 4006 2492 impu-

2418 2497 2544 2555 bere
2573 2505 2695 2557 ante
2722 2498 3254 2577 decimumquartum
3285 2521 3488 2562 annum
3514 2508 3686 2580 possit
3722 2509 3925 2566 irritari
3962 2528 3998 2568 a

2423 2596 2649 2662 parente
2681 2631 2696 2662 ,
2746 2605 2905 2647 suam
2958 2591 3067 2649 vim
3115 2592 3311 2661 habet,
3352 2596 3513 2652 etiam
3550 2596 3604 2652 in
3643 2600 4001 2672 conscientia,

2422 2681 2675 2752 quamvis
2703 2687 2857 2738 certo
2886 2679 3136 2755 constet,
3169 2683 3329 2744 talem
3356 2701 3593 2758 puerum
3618 2687 3669 2745 in
3700 2688 3793 2748 tali
3820 2697 4001 2750 aetate

2420 2767 2676 2828 habuisse
2706 2773 3011 2844 perfectum
3037 2772 3322 2832 iudicium.
3354 2777 3426 2834 Et
3464 2777 3543 2834 sic
3571 2777 3641 2835 de
3678 2779 3815 2838 aliis.
3846 2782 4003 2838 Ratio

2421 2875 2552 2917 vero
2592 2868 2719 2934 est,
2758 2879 2926 2936 quam
2964 2864 3174 2922 notavit
3210 2865 3266 2922 d.
3308 2865 3541 2924 Thomas
3580 2875 3638 2928 2.
3682 2873 3712 2926 2
3740 2910 3756 2940 ,
3798 2884 3855 2943 q.
3906 2876 3999 2940 88,

2422 2958 2529 3008 arr.
2561 2955 2593 3010 9
2611 2992 2627 3025 ,
2656 2951 2784 3025 quia
2813 2953 2963 3027 leges
2990 2953 3257 3012 humanae
3284 2956 3571 3015 attendunt
3594 2973 3659 3014 ea
3680 2999 3695 3030 ,
3726 2974 3869 3032 quae
3896 2959 4005 3017 fre·

2423 3041 2681 3113 quentius
2720 3041 3019 3116 accidunt,
3058 3052 3115 3103 et
3150 3044 3205 3103 id
3245 3048 3376 3105 satis
3415 3058 3538 3122 est,
3578 3056 3643 3106 ut
3679 3049 4005 3124 generaliter

2422 3132 2682 3206 obligent.
2724 3134 3087 3192 confirmatur
3125 3137 3337 3212 primo,
3379 3139 3507 3213 quia
3546 3139 3617 3197 ob
3656 3140 3797 3198 hanc
3838 3142 4003 3198 ratio-

2422 3239 2576 3296 nem,
2614 3223 2896 3284 deficiente
2923 3228 3024 3284 line
3048 3225 3183 3301 legis
3210 3227 3261 3284 in
3289 3230 3631 3304 particulari,
3674 3247 3783 3288 non
3812 3239 3996 3290 cessat

2422 3313 2675 3388 obligatio
2704 3315 2869 3389 legis3
2910 3317 2991 3374 sic
3021 3324 3202 3374 autem
3233 3336 3289 3375 se
3318 3320 3476 3378 habet
3512 3322 3564 3379 in
3602 3323 3877 3394 praesenti
3904 3323 3999 3382 de-

2424 3404 2606 3463 fectus
2632 3406 3091 3480 praesumptionis
3126 3408 3178 3464 in
3206 3409 3525 3482 particulari
3563 3427 3737 3485 casu,
3778 3413 3910 3488 quia
3935 3413 4005 3471 ibi

2423 3501 2640 3555 tantum
2666 3505 2847 3554 cessat
2872 3499 3013 3557 ratio
3038 3497 3175 3573 legis
3203 3499 3256 3556 in
3282 3500 3619 3573 particulari,
3647 3509 3705 3560 et
3732 3517 3883 3560 mere
3908 3519 4003 3562 ne·

2422 3586 2629 3660 gative,
2661 3586 3106 3662 quandoquidem
3133 3596 3317 3662 potest
3344 3590 3428 3648 lex
3470 3592 3583 3650 sine
3620 3595 3887 3652 iniustitia
3916 3596 4003 3653 vel

2425 3675 2529 3734 alia
2556 3676 2755 3735 malitia
2782 3679 3015 3750 servari,
3046 3686 3110 3738 ut
3137 3682 3482 3754 supponitur.

2502 3772 2556 3826 5.
2586 3766 2691 3826 Sed
2716 3775 2907 3826 contra
2934 3769 3039 3826 hoc
3068 3769 3231 3828 obiici
3265 3778 3479 3844 potest,
3508 3772 3634 3848 quia
3660 3775 3882 3848 quaudo
3913 3774 4001 3834 lex

2423 3855 2623 3931 aliquid
2638 3844 2899 3931 'prohibet
2922 3867 3149 3944 propter
3176 3861 3397 3920 vitanda
3421 3861 3603 3937 aliqua
3632 3864 3999 3940 incommoda,

2424 3946 2467 4003 si
2498 3947 2551 4004 in
2579 3948 2901 4020 particulari
2929 3966 3066 4008 casu
3094 3959 3339 4026 cessant,
3372 3968 3473 4012 seu
3512 3970 3619 4013 non
3658 3958 4005 4017 inveniantur

2419 4037 2514 4096 illa
2538 4037 2824 4097 commoda
2843 4081 2859 4113 ,
2885 4055 2991 4098 non
3018 4041 3219 4116 obligat
3244 4043 3367 4101 talis
3396 4043 3481 4102 lex
3506 4087 3521 4116 ,
3562 4047 3773 4103 etiamsi
3811 4055 4004 4120 posset

2422 4129 2535 4185 sine
2562 4129 2906 4187 incommodo
2942 4133 3251 4190 executioni
3278 4134 3553 4209 mandari,
3596 4143 3658 4194 ut
3696 4139 3864 4194 sentit
3900 4141 4004 4195 Pa·

2420 4218 2641 4276 normit.
2674 4220 2725 4275 in
2752 4235 2806 4277 c.
2834 4223 3130 4296 Quoniam
3156 4230 3386 4285 contra.
3413 4225 3481 4287 de
3506 4226 3717 4298 probat.
3748 4245 3906 4287 num.
3940 4235 3995 4288 6.

2418 4309 2779 4378 Dummodo,
2832 4312 2909 4368 ait
2927 4351 2943 4382 ,
2986 4311 3085 4369 lex
3122 4330 3239 4370 non
3274 4320 3703 4376 contemnatur.
3746 4320 3817 4377 Et
3856 4317 4001 4378 idem

2420 4401 2582 4458 sentit
2606 4401 2829 4458 Navarr.
2862 4403 2916 4458 in
2953 4403 3105 4461 Sum.
3136 4419 3259 4477 cap.
3298 4409 3394 4480 16,
3424 4423 3578 4464 num.
3610 4411 3705 4468 37.
3737 4425 3869 4468 cum
3896 4411 4001 4468 Ca·-

2417 4491 2575 4549 ietan.
2609 4497 2741 4549 tom.
2784 4496 2831 4551 1.
2864 4493 3067 4566 Opusc.
3111 4499 3272 4553 tract.
3315 4501 3411 4569 12,
3442 4513 3499 4571 q.
3530 4502 3589 4555 2.
3620 4499 3688 4556 de
3716 4502 3997 4560 matrimo-

2416 4581 2525 4652 nio;
2550 4582 2643 4656 qui
2674 4582 2978 4654 specialiter
3003 4591 3243 4642 tractant
3267 4584 3334 4643 de
3366 4585 3483 4660 lege
3513 4587 3829 4660 prohibente
3848 4591 4003 4650 clan-

2415 4670 2625 4729 destina
2648 4672 3014 4746 matrimonia,
3030 4690 3193 4748 quam
3212 4675 3403 4734 dicunt
3418 4694 3527 4734 non
3543 4678 3803 4755 obligare,
3822 4697 3999 4755 quan-

2414 4761 2485 4819 do
2513 4770 2731 4820 cessant
2767 4765 2949 4820 omnia
2984 4765 3073 4822 illa
3108 4765 3485 4838 incommoda,
3516 4785 3661 4844 quae
3686 4771 3771 4828 lex
3800 4771 3889 4829 illa
3918 4775 4001 4830 vi-

2414 4858 2530 4909 tare
2556 4851 2804 4910 intendit.
2836 4853 2907 4910 Et
2932 4854 3069 4910 ratio
3098 4853 3250 4912 reddi
3276 4861 3473 4932 potest,
3504 4861 3632 4931 quia
3658 4867 3794 4917 tunc
3822 4863 3995 4920 inuti-

2412 4941 2479 5000 lis
2504 4948 2591 5000 est
2616 4942 2953 5000 observantia
2980 4943 3100 5001 talis
3127 4944 3283 5019 legis,
3312 4947 3625 5022 nullamque
3652 4949 4003 5011 honestatem

2411 5032 2602 5106 habet,
2632 5048 2763 5106 ergo
2808 5029 3050 5090 simiIIter
3085 5033 3136 5090 in
3173 5037 3477 5112 praesenti,
3506 5037 3725 5112 quando
3755 5039 3839 5098 lex
3870 5043 4000 5100 fun-

2410 5123 2575 5182 datur
2602 5123 2652 5180 in
2676 5125 3115 5196 praesumptione
3132 5125 3367 5197 generali
3386 5127 3589 5186 ratione
3608 5129 3865 5203 periculi,
3891 5149 4001 5204 po—

2412 5215 2519 5272 tius
2558 5229 2725 5288 quam
2763 5213 2891 5271 facti
2912 5253 2928 5286 ,
2972 5226 3083 5272 non
3120 5213 3372 5290 obligabit
3394 5215 3448 5274 in
3472 5219 3794 5290 particulari
3822 5238 4001 5298 casu,
