4325 6267
753 338 838 400 14
2161 355 2365 404 Lissa
2390 355 2441 402 1.

675 477 945 534 animatae
976 475 1150 548 leges,
1183 489 1424 548 quorum
1452 473 1676 532 arbitrio
1707 477 1890 549 populi
1919 478 2272 551 regebantur,

675 572 739 623 ut
759 581 829 622 ex
859 563 1068 622 Iustino
1099 563 1267 620 refert
1295 561 1454 620 divus
1475 565 1846 638 Augustinus,
1874 564 1966 622 lib.
1993 571 2049 625 4.
2074 565 2146 624 de
2175 569 2275 624 Ci-

681 658 883 720 uitate,
922 668 1044 723 cap.
1080 656 1136 710 6.

759 747 847 801 15.
878 742 1116 799 Tandem
1157 757 1286 799 vero
1326 742 1463 802 haec
1506 745 1740 818 positiva
1772 744 1857 802 lex
1887 747 1942 801 in
1969 744 2185 801 civilem
2214 751 2273 802 et

659 829 1099 888 ecclesiasticam
1138 830 1521 905 distinguitur:
1555 849 1720 907 quam
1749 833 2069 891 divisionem
2100 832 2274 905 philo·

679 919 837 992 sophi
872 935 978 976 non
1021 928 1394 994 agnoverunt,
1439 924 1571 996 quia
1611 923 2085 994 supernaturalem
2115 923 2277 978 tinem

673 1016 730 1066 et
757 1008 1044 1081 specialem
1066 1017 1394 1081 potestatem
1426 1011 1766 1084 ignorarunt.
1791 1013 1861 1069 Et
1887 1011 2010 1068 ideo
2039 1011 2193 1083 apud
2218 1010 2280 1067 il·

677 1097 760 1154 los
788 1097 924 1154 idem
957 1105 1040 1154 est
1069 1098 1150 1154 lex
1181 1098 1445 1172 humana,
1477 1116 1614 1173 quae
1645 1100 1841 1173 civilis,
1871 1117 2038 1175 quam
2068 1107 2275 1172 tempo-

673 1186 844 1243 ralem
867 1187 1009 1243 solet
1031 1189 1370 1259 Augustinus
1399 1189 1691 1261 appellare.
1717 1191 1817 1247 Est
1837 1191 1978 1248 enim
2001 1188 2110 1263 illa,
2136 1204 2278 1263 quae

677 1273 746 1331 ad
787 1276 1025 1332 civitatis
1064 1275 1340 1347 politicam
1379 1277 1856 1350 gubernationem,
1887 1278 2037 1336 etad
2067 1287 2279 1349 tempo-

676 1363 811 1421 ralia
837 1365 962 1420 iura
988 1364 1212 1436 tuenda,
1234 1373 1290 1422 et
1317 1367 1370 1422 in
1397 1382 1536 1438 pace
1566 1381 1630 1424 ac
1659 1367 1864 1424 iustitia
1885 1366 2277 1438 rempublicam

678 1451 1118 1510 conservandam
1168 1453 1470 1511 ordinatur.
1515 1455 1668 1513 Unde
1708 1455 1858 1529 leges
1897 1454 2086 1513 civiles
2127 1457 2280 1512 circa

601 1595 610 1604 ,
679 1543 816 1598 haec
841 1543 1157 1615 temporalia
1175 1544 1314 1601 bona
1336 1560 1434 1601 seu
1456 1545 1762 1617 corporalia
1783 1550 2091 1602 versantur.
2116 1546 2281 1601 Prae-

675 1638 758 1688 ter
781 1631 879 1688 has
905 1639 1088 1690 autem
1111 1633 1406 1690 christiana
1431 1633 1619 1707 religio
1643 1636 1994 1707 recognoscit
2013 1633 2162 1708 leges
2186 1647 2282 1690 ec-

676 1719 1016 1778 clesiasticas
1037 1763 1052 1792 ,
1097 1737 1196 1779 seu
1237 1725 1561 1796 canonicas,
1590 1737 1731 1794 quae
1761 1726 1812 1778 in
1843 1723 2014 1780 sacris
2053 1721 2278 1778 canoni·

675 1809 784 1866 bus
812 1817 870 1868 et
910 1810 1146 1869 decretis
1177 1812 1496 1869 Pontificum
1527 1815 1911 1884 continentur,
1944 1827 2082 1884 quas
2112 1810 2280 1884 aliqui

675 1916 785 1956 non
824 1899 1119 1971 humanas,
1155 1900 1248 1958 sed
1278 1900 1483 1958 divinas
1513 1908 1745 1973 vocant,
1775 1917 1840 1958 eo
1872 1899 2024 1975 quod
2062 1899 2130 1956 ab
2157 1915 2279 1972 spe·

675 1989 799 2045 ciali
839 1995 1104 2061 potestate
1142 2006 1172 2046 a
1213 1993 1322 2047 Deo
1360 1990 1674 2062 specialiter
1701 1990 1810 2047 lata
1838 1990 2193 2061 deriventur,
2224 1995 2281 2045 et

675 2076 744 2134 ad
775 2079 1249 2150 supernaturalem
1293 2080 1450 2136 finem
1492 2085 1548 2136 et
1573 2079 1816 2136 divinum
1847 2078 2060 2135 cultum
2092 2093 2156 2134 ac
2190 2093 2277 2133 sa·

674 2166 848 2224 lutcm
872 2169 1176 2225 animarum
1202 2169 1477 2240 potissime
1500 2169 1826 2226 referantur.
1843 2170 1920 2226 Re
1948 2177 2127 2225 tamen
2151 2182 2281 2224 vera

680 2255 954 2313 humanae
993 2263 1153 2320 sunt,
1202 2266 1264 2314 ut
1302 2258 1440 2315 bene
1482 2257 1674 2315 docuit
1710 2259 1862 2315 loan.
1907 2255 2077 2314 Andr.
2111 2271 2277 2330 quem

677 2345 864 2418 refert,
889 2351 943 2402 et
965 2346 1212 2418 sequitur
1235 2347 1486 2403 Panorm.
1511 2347 1559 2402 in
1582 2343 1634 2403 ὁ.
1665 2345 1792 2404 1.de
1815 2346 2014 2403 iuram.
2031 2345 2271 2402 calumn.

673 2451 729 2490 n.
767 2437 827 2507 7,
858 2440 912 2492 et
939 2437 1178 2491 sumitur
1205 2442 1392 2507 aperte
1419 2451 1486 2491 ex
1515 2452 1568 2494 c.
1595 2452 1714 2492 non
1735 2434 1915 2502 debet,
1951 2435 2018 2491 de
2043 2450 2278 2491 consan-

671 2525 831 2596 guin.
863 2530 921 2580 et
948 2522 1097 2580 affin.
1128 2531 1184 2582 et
1210 2525 1352 2581 ratio
1379 2531 1502 2593 est,
1533 2526 1661 2598 quia
1689 2540 1786 2595 per
1817 2523 2153 2580 voluntatem
2176 2522 2278 2578 hu·

672 2627 892 2668 menam
931 2613 1178 2684 proxime
1207 2613 1649 2685 constituuntur,
1681 2612 1809 2670 licet
1835 2628 1868 2669 a
1893 2611 2148 2668 civilibus
2176 2610 2277 2667 dis·

676 2700 856 2758 serant
883 2703 937 2756 in
971 2707 1241 2772 potestate
1257 2741 1272 2772 ,
1293 2718 1324 2757 a
1351 2717 1458 2774 qua
1481 2703 1727 2774 proxime
1745 2707 1991 2773 manant,
2015 2707 2069 2757 et
2096 2701 2147 2756 iu
2172 2701 2276 2756 fine

671 2796 731 2847 ct
768 2790 1024 2862 materia,
1059 2797 1124 2848 ut
1163 2795 1350 2861 postea
1393 2789 1715 2847 videbimus.
1747 2791 1902 2848 Ratio
1932 2795 2146 2863 autem,
2178 2804 2275 2846 seu

673 2879 973 2934 necessitas
998 2878 1188 2935 talium
1203 2879 1386 2952 legum
1406 2878 1595 2936 eadem
1619 2895 1750 2936 cum
1773 2879 2129 2951 proportione
2148 2877 2272 2935 fuit.

671 2967 811 3035 Quia
847 2971 993 3024 Deus
1023 2966 1113 3041 (ut
1147 2967 1533 3042 supponimus)
1571 2968 1862 3040 specialem
1892 2967 2281 3042 congregatio-

673 3069 800 3113 nem
843 3055 1115 3129 fidelium,
1147 3072 1287 3130 quae
1325 3064 1472 3114 esset
1513 3073 1683 3114 unum
1725 3073 1966 3130 corpus,
1995 3055 2143 3129 quod
2172 3057 2277 3113 Ec-

672 3143 899 3201 clesiam
929 3160 1076 3202 nunc
1106 3161 1404 3218 vocamus,
1435 3147 1699 3203 instituit:
1730 3152 1788 3202 et
1817 3161 1915 3218 per
1940 3146 2117 3219 legem
2153 3160 2187 3202 a
2218 3160 2278 3201 se

673 3231 840 3290 latam
871 3249 978 3290 non
1009 3233 1277 3307 disposuit
1303 3235 1354 3290 in
1387 3234 1704 3307 particulari
1734 3234 1800 3292 de
1823 3233 2102 3303 omnibus,
2133 3247 2277 3306 quae

676 3320 744 3378 ad
775 3322 1054 3395 spirituale
1078 3325 1318 3398 regimen
1341 3323 1616 3382 Ecclesiae
1641 3323 2012 3380 convenientia
2033 3337 2154 3380 esse
2178 3337 2275 3395 po-

671 3415 881 3484 terant,
921 3412 1016 3469 sed
1045 3413 1220 3469 solum
1252 3413 1520 3486 quaedam
1551 3411 1926 3469 substantialia
1955 3409 2277 3468 fundamen-

672 3505 726 3556 ta
748 3499 912 3557 huius
946 3500 1244 3572 spiritualis
1265 3502 1599 3574 reipublicae
1620 3501 1883 3557 instituit:
1911 3499 2119 3573 reliqua
2142 3515 2276 3557 vero

672 3605 770 3662 per
803 3606 938 3647 suos
974 3593 1252 3647 ministros
1280 3598 1338 3647 et
1357 3591 1635 3647 Ecclesiae
1664 3597 1914 3661 pastores
1938 3588 2275 3659 disponenda

673 3678 922 3754 reliquit;
954 3686 1072 3735 tum
1098 3685 1158 3735 ut
1185 3677 1430 3735 suaviter
1450 3685 1508 3736 et
1531 3676 1693 3734 modo
1717 3677 2029 3734 bominibus
2049 3692 2275 3734 accom-

673 3765 891 3823 modato
921 3767 1103 3824 omnia
1131 3766 1551 3840 ordinarentur,
1581 3773 1699 3823 tum
1722 3767 1850 3840 quia
1878 3782 1986 3824 non
2018 3772 2274 3839 poterant

672 3856 855 3911 omnia
897 3855 949 3911 in
992 3854 1307 3927 particulari
1347 3857 1422 3911 ita
1463 3855 1840 3927 determinari,
1875 3863 1938 3913 ut
1964 3863 2151 3914 essent
2179 3856 2276 3912 im-

673 3944 968 4002 mutabilia.
1015 3947 1161 4002 Haec
1202 3960 1338 4018 ergo
1377 3944 1752 4003 determinatio
1791 3947 1849 4002 tit
1876 3960 1976 4017 per
2007 3945 2152 4018 leges
2182 3959 2278 4000 ca-

671 4035 936 4106 nonicas,
977 4040 1036 4091 et
1073 4033 1193 4090 ideo
1235 4041 1344 4091 tam
1386 4033 1614 4091 suerunt
1655 4033 1996 4092 necessariae
2024 4035 2080 4089 in
2118 4034 2277 4106 spiri-

671 4123 806 4180 tuali
837 4123 1118 4195 republica
1143 4123 1424 4182 Ecclesiae
1443 4167 1457 4193 ,
1484 4127 1632 4182 sicut
1659 4125 1848 4181 civiles
1877 4125 1927 4180 in
1963 4124 2272 4195 temporali.

747 4213 828 4269 Ex
859 4210 946 4268 his
983 4213 1151 4286 igitur
1187 4215 1317 4269 satis
1353 4221 1572 4270 constat
1607 4213 1838 4270 varietas
1875 4213 2056 4286 legum
2090 4218 2147 4269 et
2182 4229 2275 4270 ne·

671 4304 934 4375 cessitas,
979 4301 1377 4375 multiplexque
1417 4303 1629 4360 divisio.
1671 4302 1880 4371 Quibus
1929 4301 2052 4359 addi
2097 4302 2277 4361 solent

671 4389 831 4458 aliae,
855 4405 998 4464 quae
1021 4391 1102 4448 vel
1125 4393 1369 4449 incertae
1399 4400 1552 4464 sunt,
1578 4393 1664 4450 vel
1685 4395 1842 4467 quasi
1871 4392 2197 4465 materiales,
2221 4397 2277 4449 et

669 4477 794 4536 ideo
821 4480 972 4536 circa
999 4481 1120 4537 illas
1142 4483 1422 4538 immorari
1451 4497 1600 4538 nunc
1631 4498 1738 4538 non
1765 4489 1854 4537 est
1879 4497 2126 4551 necesse,
2147 4497 2273 4538 nam

673 4568 788 4625 suis
820 4567 958 4625 locis
987 4570 1180 4626 melius
1213 4572 1565 4643 attingentur.
1597 4570 1924 4628 Huiusmodi
1959 4578 2046 4628 est
2080 4570 2274 4628 divisio

671 4656 806 4730 legis
833 4658 884 4712 in
919 4657 1296 4715 ostendentem
1326 4664 1379 4715 et
1406 4660 1827 4731 praecipientem
1848 4699 1862 4728 ,
1890 4659 1959 4716 de
1986 4675 2096 4732 qua
2127 4659 2275 4716 dice-

673 4761 797 4802 mus
825 4748 878 4802 in
911 4746 1051 4804 libro
1073 4749 1345 4821 sequenti,
1363 4754 1419 4805 et
1440 4747 1670 4805 sortasse
1694 4751 2003 4806 necessaria
2033 4765 2140 4805 non
2163 4755 2268 4805 est.

676 4835 811 4890 ltem
838 4842 928 4892 est
954 4836 1056 4892 alia
1091 4835 1361 4909 generalis
1404 4835 1598 4894 divisio
1633 4837 1765 4910 legis
1802 4840 1855 4893 in
1893 4837 2274 4895 affirmativam

669 4929 725 4980 et
753 4927 1078 4997 negativam,
1103 4927 1232 4997 quia
1252 4925 1344 4982 illa
1367 4926 1655 4999 praecipit,
1683 4926 1830 5000 quod
1859 4927 2134 5002 agendum
2163 4932 2269 4999 est,

674 5011 810 5070 haec
842 5020 1021 5085 vetat,
1051 5022 1107 5073 et
1133 5014 1419 5086 prohibet,
1452 5014 1600 5088 quod
1639 5016 1948 5074 cavendum
1981 5022 2100 5073 est:
2132 5031 2275 5091 quae

674 5102 785 5160 duo
817 5109 1097 5176 praestant
1135 5118 1323 5161 omnes
1368 5104 1515 5176 leges
1553 5111 1903 5178 numeratae,
1933 5106 2060 5179 quia
2095 5106 2275 5162 solum

565 5205 570 5214 ·
673 5192 929 5252 differunt
973 5195 1028 5251 in
1069 5195 1293 5252 materia
1330 5203 1657 5269 praecepta,
1687 5211 1830 5269 quae
1867 5201 1952 5252 est
1991 5211 2152 5269 agere
2194 5193 2275 5254 vel

2346 492 2455 534 non
2494 489 2689 549 agere;
2726 480 2783 530 ct
2818 473 2947 531 inde
2986 471 3186 530 hahent
3218 469 3460 544 aliquam
3500 468 3856 527 differentiam
3894 469 3949 526 in

2347 563 2511 621 modo
2540 561 2848 637 obligandi,
2878 576 3043 635 quam
3074 575 3197 632 cap.
3228 559 3365 616 Xlll.
3396 556 3751 614 commodius.
3768 555 3951 614 trade-

2348 669 2493 710 mus.
2522 651 2660 709 Addi
2690 650 2925 723 denique
2949 655 3181 722 possunt
3202 646 3499 704 divisiones
3522 645 3655 720 legis
3678 645 3947 702 humanae

2350 741 2400 798 in
2433 741 2743 814 poenalem,
2768 746 2827 798 et
2846 755 2955 796 non
2982 737 3286 811 poenalem,
3312 736 3687 809 prohibentem
3710 741 3947 807 tantum,

2349 831 2431 886 vel
2461 831 2626 886 ctiam
2658 829 2979 898 irritantem,
3000 841 3143 900 quae
3164 841 3327 882 voces
3355 826 3487 881 satis
3518 830 3679 881 notae
3706 831 3857 896 sunt3
3880 823 3951 880 de

2348 921 2514 979 rebus
2546 927 2731 978 autem
2762 919 2890 993 ipsis
2920 921 2974 974 in
2996 916 3355 990 sequentibus
3388 921 3555 972 erunt
3574 912 3840 986 speciales
3868 912 3951 970 di·

2352 1011 2695 1082 epulationes
2733 1006 3116 1064 instituendae.
3146 1005 3387 1077 Denique
3416 1005 3467 1060 in
3494 1004 3655 1062 dictis
3681 1002 3953 1061 divisioni-

2353 1098 2461 1154 bus
2490 1085 2759 1154 omissum'
2785 1095 2954 1153 videri
2985 1101 3164 1167 potest
3189 1095 3275 1151 ius
3302 1095 3569 1166 gentium,
3593 1092 3691 1149 sed
3716 1106 3947 1164 quomo·

2350 1185 2423 1244 do
2446 1185 2577 1243 illud
2601 1185 2667 1242 ad
2694 1184 2971 1258 praedicta
2993 1184 3377 1256 revocetur,in
3401 1181 3495 1238 lib.
3524 1195 3640 1255 seq.
3657 1195 3781 1254 cap.
3804 1180 3943 1238 vul.

2348 1275 2765 1349 explicabimus.

2914 1464 3194 1534 CAPUT
3238 1463 3354 1534 IV.

2392 1663 2514 1737 Qua·
2538 1664 2711 1718 actus
2740 1663 2867 1716 sint
2888 1661 3215 1716 necessarii
3242 1660 3306 1714 in
3332 1661 3521 1714 niente
3545 1653 3912 1729 legislatoris

2820 1748 2905 1807 ad
2930 1747 3118 1822 quem
3128 1744 3477 1821 serendam.

2924 1937 3375 2003 summarium

2353 2129 2401 2179 1.
2433 2127 2536 2178 Lex
2562 2140 2661 2178 non
2684 2131 2764 2177 est
2793 2125 2921 2185 sola,
2944 2123 3031 2174 sed
3061 2124 3348 2174 necessaria
3366 2130 3422 2175 et
3438 2121 3853 2188 multiplex.—2.
3876 2123 3953 2175 Ad

2420 2205 2655 2246 naturam
2687 2195 3089 2246 intellectualem
3114 2194 3361 2256 pertinet.
3384 2221 3455 2228 —
3474 2194 3523 2244 3.
3554 2193 3661 2242 Non
3687 2193 3737 2243 in
3770 2192 3953 2244 habitu

2414 2268 2579 2330 posita
2604 2272 2704 2326 est,
2726 2264 2813 2316 sed
2841 2265 2893 2314 in
2920 2264 3186 2314 actm—4.
3208 2263 3278 2312 De
3296 2263 3551 2324 subiect0,
3574 2263 3625 2312 in
3652 2275 3756 2326 quo
3780 2269 3951 2326 potest

2418 2336 2499 2385 lex
2534 2336 2773 2386 existere.
2797 2334 2937 2383 -5.
2978 2333 3031 2382 ln
3066 2332 3274 2383 subdito
3310 2331 3501 2382 residet
3540 2333 3701 2382 solum
3739 2332 3792 2380 in
3829 2338 3951 2381 actu

2416 2403 2749 2454 mentis—6.
2776 2402 2849 2452 Ad
2877 2403 3041 2466 legem
3066 2401 3325 2451 serendam
3351 2402 3626 2450 necessarii
3652 2407 3772 2452 sunt
3801 2408 3949 2452 actus

2419 2473 2719 2524 intellectus
2753 2479 2807 2523 et
2845 2471 3373 2532 voluntatis-Quot
3406 2477 3553 2520 actus
3588 2471 3693 2519 sint
3726 2472 3951 2534 proxime

2417 2542 2694 2593 necessarii
2725 2542 2778 2590 in
2804 2541 3073 2591 intellectu
3098 2549 3151 2590 et
3188 2540 3454 2590 voluntate
3487 2539 3551 2588 ad
3586 2541 3752 2622 legem
3785 2535 3951 2592 feren·

2414 2610 2549 2662 dam.
2570 2612 2698 2661 —7.
2727 2610 2900 2671 Qualis
2924 2609 3148 2660 efficacia
3172 2615 3321 2659 actus
3354 2608 3651 2672 requiratur
3686 2609 3739 2658 in
3773 2609 3952 2660 volun-

2420 2686 2527 2730 tate
2552 2681 2613 2730 ad
2640 2680 2805 2743 legem
2832 2679 3111 2760 ferendam
3116 2679 3238 2727 -8
3268 2677 3342 2728 Ad
3375 2678 3539 2740 legem
3564 2677 3823 2730 ferendam
3848 2691 3949 2730 non

2416 2750 2705 2814 requiritur
2738 2755 2886 2799 actus
2913 2749 2999 2798 ille
3025 2748 3351 2810 intellectus,
3378 2749 3469 2810 qui
3494 2747 3561 2796 ab
3593 2749 3852 2813 aliquibus
3873 2746 3953 2797 di-

2416 2819 2556 2869 citur
2578 2819 2852 2868 intimatio.
2855 2817 2979 2868 -9.
3001 2817 3213 2867 Praeter
3230 2823 3377 2868 actus
3396 2818 3496 2867 iam
3519 2825 3847 2870 enumeratos
3871 2829 3953 2867 re-

2416 2889 2645 2952 quiritur
2671 2893 2818 2938 actus
2842 2887 3142 2938 intellectus
3166 2884 3227 2936 ad
3255 2887 3563 2951 loquendum
3586 2887 3813 2939 subdito.

2431 3060 2481 3115 1.
2512 3059 2661 3126 Quae
2689 3057 2955 3115 hactenus
2978 3056 3357 3130 tractavimus,
3382 3057 3559 3115 solum
3586 3058 3859 3130 pertinent
3881 3056 3949 3114 ad

2346 3144 2702 3204 definiendam
2724 3149 3124 3220 quaestionem,
3148 3163 3215 3203 an
3245 3149 3317 3203 sit
3336 3146 3448 3218 lex;
3472 3146 3811 3205 ostendimus
3834 3163 3943 3203 non

2346 3241 2533 3292 autem
2562 3235 2741 3292 solum
2770 3251 2917 3306 esse,
2950 3236 3045 3292 aed
3074 3236 3237 3293 etiam
3266 3236 3634 3294 necessariam
3660 3251 3803 3303 esse,
3836 3251 3947 3293 non

2346 3339 2513 3379 tinam
2538 3329 2771 3395 tantum,
2796 3322 2889 3380 sed
2921 3323 3070 3380 varia
3096 3338 3320 3397 genera,
3346 3339 3443 3380 seu
3466 3325 3678 3396 species
3706 3324 3945 3396 illarum,

2347 3427 2587 3484 quorum
2618 3413 2865 3482 nomina,
2896 3418 2952 3468 et
2980 3412 3217 3468 rationes
3244 3426 3437 3468 eorum
3464 3414 3852 3483 exposuimus,
3888 3419 3950 3470 ut

2346 3499 2398 3554 in
2428 3498 2688 3556 discursu
2731 3501 2986 3557 materiae
3024 3499 3174 3556 clare
3214 3505 3272 3556 et
3305 3499 3551 3570 expedite
3586 3499 3735 3572 loqui
3778 3499 3950 3571 possi-

2348 3602 2491 3643 mus.
2519 3588 2630 3643 lam
2655 3589 2910 3661 sequitur
2934 3586 3247 3660 videndum,
3270 3587 3403 3661 quid
3424 3590 3499 3646 sit
3520 3589 3626 3660 lex,
3644 3588 3795 3662 quod
3819 3591 3946 3648 abs-

2348 3683 2526 3734 tracte
2566 3683 2622 3734 ct
2662 3677 2714 3733 in
2744 3679 3022 3735 communi
3054 3677 3477 3751 explicabimus,
3506 3684 3561 3734 et
3587 3677 3943 3738 difficultates

2344 3767 2694 3838 insurgentes
2715 3782 2782 3823 ex
2805 3766 3229 3838 particularibus
3251 3764 3463 3840 legibus
3490 3768 3545 3822 in
3577 3769 3793 3841 propria
3821 3766 3941 3826 loca

2347 3856 2709 3929 remittemus3
2741 3871 3067 3931 semperque
3096 3855 3388 3928 loquemur
3418 3873 3571 3913 more
3599 3857 3861 3929 humano,
3885 3865 3943 3914 et

2346 3945 2497 4001 iuxta
2525 3949 2776 4002 nostrum
2802 3943 3143 4016 concipiendi
3172 3944 3430 4018 modum·
3460 3953 3625 4003 erunt
3652 3953 3829 4003 tamen
3859 3947 3940 4003 lo-

2344 4033 2596 4091 cutiones
2618 4032 2966 4107 applicandae
2990 4033 3055 4090 ad
3079 4032 3314 4091 divinam
3336 4034 3533 4108 legem,
3558 4051 3656 4091 seu
3679 4043 3941 4105 mentem,

2348 4125 2573 4182 remotis
2611 4122 3130 4195 imperfectionibus.
3171 4125 3229 4180 ln
3270 4122 3373 4182 hoc
3422 4139 3553 4196 ergo
3602 4130 3657 4182 et
3695 4126 3943 4197 sequenti

2343 4212 2521 4284 capite
2549 4210 2798 4269 dicemus
2825 4210 2893 4269 de
2920 4227 3142 4285 genere,
3174 4213 3313 4269 sub
3308 4193 3417 4285 q'uo
3449 4201 3533 4268 lex
3554 4198 3939 4283 constituitur,

2344 4305 2534 4372 postea
2560 4299 2917 4357 differentiam
2948 4300 3307 4374 inquiremus.

2419 4395 2477 4446 9.
2510 4390 2751 4446 Primum
2778 4404 2911 4461 ergo
2940 4391 3336 4463 supponimuS,
3370 4390 3542 4464 legem
3580 4405 3703 4448 esse
3742 4389 3947 4463 aliquid

2343 4479 2617 4550 pertinens
2646 4477 2713 4535 ad
2748 4485 3001 4534 naturam
3034 4478 3484 4551 intellectualem,
3519 4486 3795 4551 quatenus
3822 4478 3945 4536 talis

2344 4576 2450 4641 est,
2484 4577 2648 4642 atque
2678 4567 2812 4624 adeo
2842 4567 2907 4622 ad
2940 4575 3175 4624 mentem
3204 4569 3353 4640 eius3
3386 4569 3492 4625 sub
3524 4574 3702 4624 mente
3740 4567 3944 4624 intelle-

2344 4665 2497 4716 ctum
2524 4667 2581 4714 et
2610 4657 2946 4715 voluntatem
2970 4656 3486 4729 comprehendendo
3512 4658 3607 4730 (ita
3626 4657 3769 4712 enim
3794 4673 3943 4714 nunc

2345 4745 2577 4819 loquor).
2612 4747 2727 4802 Hoc
2758 4762 2856 4818 per
2884 4763 2943 4802 se
2975 4747 3102 4803 satis
3140 4753 3335 4802 notum
3362 4752 3482 4814 est,
3514 4747 3645 4818 quia
3687 4743 3770 4802 lex
3814 4745 3947 4802 dicit

2346 4835 2604 4892 moralem
2634 4834 2881 4892 ordinem
2912 4835 2979 4893 ad
3011 4834 3215 4908 aliquid
3244 4832 3548 4905 agendum,
3578 4832 3728 4889 nulla
3760 4840 3945 4890 autem

2346 4937 2546 4984 natura
2573 4934 2662 4983 est
2687 4941 2859 4998 capax
2892 4925 3055 4982 huius
3078 4922 3454 4994 ordinationis,
3478 4923 3577 4978 nisi
3602 4922 3947 4981 intellectua-

2346 5017 2437 5074 lis.
2464 5020 2599 5073 Item
2622 5016 2842 5088 proprie
2865 5013 3141 5087 loquendo
3161 5029 3265 5068 non
3292 5017 3559 5084 reguntur
3584 5009 3816 5085 legibus,
3841 5027 3942 5069 nec

2345 5112 2476 5163 sunt
2504 5121 2737 5178 capaces
2770 5103 2886 5160 talis
2916 5101 3343 5175 gubernationis,
3369 5100 3470 5156 nisi
3496 5115 3638 5173 quae
3661 5100 3944 5158 intellectu

2345 5203 2399 5252 et
2427 5194 2631 5252 ratione
2654 5197 2909 5264 utuntur,
2930 5206 3062 5264 ergo
3076 5189 3247 5248 multo
3270 5189 3441 5262 magis
3466 5189 3768 5262 requiritur
3786 5205 3939 5246 mens

2388 5387 2417 5418 S
