4325 6267
752 314 838 378 12
2159 330 2361 380 Lmen
2392 331 2438 380 ι.

763 455 1004 528 Denique
1045 463 1280 528 utraque
1313 453 1404 512 les
1440 453 1548 512 dici
1575 459 1756 526 potest
1783 452 2156 512 connaturalis
2184 468 2278 527 ges

686 543 800 600 neri
831 543 1072 601 humano
1091 583 1106 611 ,
1135 557 1203 600 eo
1233 541 1418 613 modo,
1450 559 1563 616 quo
1595 541 1842 600 naturale
1871 538 2277 615 quodammodo

686 632 920 706 dicitur,
946 631 1095 705 quod
1123 647 1253 688 cum
1283 639 1479 687 natura
1507 638 1868 689 concreatum
1895 637 2004 704 est,
2037 644 2281 701 semper·

682 738 791 796 que
831 724 886 779 in
929 720 1016 778 illa
1057 720 1448 793 perseveravit.
1481 721 1564 778 lta
1591 723 1736 776 enim
1763 720 1852 778 lex
1877 720 2042 778 etiam
2069 733 2279 778 conna-

683 811 876 869 turalis
911 811 1119 884 gratiae
1159 824 1378 882 semper
1407 809 1456 865 in
1491 809 1727 866 humano
1755 825 1958 882 genera
1982 809 2119 880 fuit,
2151 808 2281 882 quia

686 915 966 972 nunquam
1008 901 1062 955 in
1102 898 1418 955 hominibus
1459 898 1759 967 universis,
1801 913 1898 955 seu
1935 899 1990 954 in
2035 904 2148 954 tota
2175 899 2281 956 Ec·

683 989 851 1046 clesia
885 987 1068 1044 lumen
1101 986 1222 1043 fidei
1249 987 1458 1059 defuit3
1488 1001 1666 1059 neque
1695 985 1942 1044 homines
1969 993 2279 1044 caruerunt

684 1093 928 1151 unquam
955 1076 1073 1151 lege
1102 1075 1280 1133 divina
1311 1075 1749 1147 supernaturali,
1775 1077 1891 1132 sine
1917 1091 2032 1150 qua
2053 1091 2160 1132 non
2184 1090 2280 1148 po-

685 1167 919 1224 tuissent
968 1167 1020 1222 in
1069 1165 1547 1240 supernaturalem
1587 1164 1980 1223 beatitudinem
2031 1164 2276 1222 tendere.

682 1256 836 1317 Unde
875 1255 1098 1330 quando
1138 1253 1398 1328 distingui
1441 1255 1623 1311 solent
1665 1260 1840 1312 status
1871 1254 2154 1310 hominum
2184 1267 2283 1324 per

684 1346 834 1419 leges
851 1388 865 1416 ,
895 1345 1112 1402 scilicet
1130 1345 1179 1400 in
1204 1349 1406 1402 statum
1437 1345 1571 1418 legis
1586 1343 1850 1402 naturalis
1867 1383 1882 1412 ,
1909 1346 2172 1416 scriptae,
2198 1344 2281 1402 vel

685 1436 920 1510 gratiae3
957 1435 1006 1490 iu
1039 1434 1214 1506 primo
1245 1440 1393 1492 statu
1427 1449 1522 1506 per
1551 1433 1726 1508 legem
1755 1433 2066 1492 naturalem
2087 1432 2285 1490 intelli-

684 1525 862 1600 genda
891 1530 978 1582 est
1005 1529 1115 1580 tam
1145 1522 1228 1580 lex
1258 1523 1428 1580 solius
1465 1530 1726 1595 naturae,
1756 1538 1924 1597 quam
1963 1523 2047 1580 lex
2078 1539 2282 1579 conna-

685 1612 878 1672 turalis
911 1615 1151 1686 gratiae,
1181 1628 1280 1670 seu
1311 1612 1394 1670 lex
1425 1611 1577 1686 fidei3
1609 1629 1718 1669 non
1747 1613 1927 1684 potuit
1951 1611 2098 1668 enim
2127 1628 2286 1668 mun-

691 1701 798 1759 dus
827 1717 1072 1774 unquam
1101 1717 1294 1760 carere
1321 1703 1543 1759 omnino
1575 1701 1676 1758 bac
1707 1699 1826 1774 lege
1856 1700 2165 1758 secundum
2194 1715 2282 1756 or-

688 1791 950 1849 dinariam
990 1791 1420 1864 providentiam,
1463 1807 1591 1848 cum
1631 1790 1872 1848 factores
1900 1788 2036 1862 legis
2066 1805 2285 1862 semper

688 1882 972 1956 potuerint
1005 1897 1137 1938 cum
1163 1879 1342 1937 divino
1369 1879 1572 1938 auxilio
1599 1871 1916 1951 iustificari,
1952 1887 2014 1937 ut
2043 1881 2285 1936 sumitur

689 1989 763 2029 ex
795 1971 962 2029 Paulo
993 1969 1063 2028 ad
1089 1973 1364 2028 Romanos
1394 1984 1517 2041 cap.
1551 1973 1607 2028 2.
1641 1975 1696 2037 et
1725 1974 1782 2028 3.
1811 1975 1990 2043 Atque
2018 1971 2095 2026 ita
2123 1968 2285 2026 etiam

691 2067 876 2134 patet,
919 2075 1060 2134 quae
1102 2059 1268 2116 suerit
1303 2059 1602 2116 necessitas
1633 2066 1689 2116 et
1717 2058 1922 2116 utilitas
1965 2058 2099 2132 legis
2127 2063 2286 2116 natu-

691 2152 818 2208 ralis
861 2152 913 2207 in
957 2150 1062 2206 hoc
1106 2149 1391 2222 posteriori
1433 2164 1600 2205 sensu
1641 2147 1982 2220 declaratae,
2025 2148 2287 2204 nimirum

692 2243 820 2314 quia
862 2241 1036 2315 gratia
1075 2246 1130 2294 et
1159 2237 1289 2294 tides
1321 2253 1536 2310 semper
1563 2237 1665 2294 suit
1691 2237 2035 2306 necessaria,
2064 2244 2120 2293 et
2149 2237 2285 2293 haee

690 2330 777 2387 lex
806 2336 892 2396 est
931 2329 1034 2386 illis
1071 2326 1464 2386 connaturalis.
1494 2328 1626 2384 Item
1665 2332 1731 2384 ut
1754 2325 1982 2384 haberet
2015 2325 2181 2384 homo
2213 2326 2288 2383 le·

692 2434 848 2491 gem,
888 2433 987 2491 per
1027 2416 1190 2474 cuius
1233 2415 1637 2474 observantiam
1676 2425 1864 2488 posset
1903 2416 2173 2490 consequi
2202 2431 2288 2472 re-

694 2507 1006 2565 missionem
1045 2510 1405 2578 peccatorum
1443 2521 1508 2562 ac
1541 2505 1706 2562 vitam
1736 2510 2018 2562 aeternam
2045 2521 2179 2562 cum
2206 2504 2288 2561 di·

692 2597 818 2654 vino
847 2595 1069 2653 auxilio.
1905 2585 1910 2590 ’

775 2691 864 2745 10.
913 2685 1074 2743 Circa
1117 2685 1348 2743 alterum
1397 2685 1708 2743 membrum
1760 2683 1828 2744 de
1886 2685 2004 2758 lege
2053 2684 2289 2757 positiva

695 2775 984 2836 sciendum
1023 2782 1138 2847 est,
1182 2774 1327 2832 illam
1363 2774 1543 2850 legem
1571 2775 1756 2832 vocari
1789 2775 2113 2846 positivam,
2145 2789 2289 2846 quae

695 2883 804 2925 non
832 2874 918 2924 est
937 2868 1119 2922 innata
1141 2880 1272 2921 cum
1295 2871 1490 2920 natura
1509 2907 1523 2935 ,
1545 2863 1630 2920 vel
1651 2863 1826 2936 gratia
1843 2905 1858 2933 ‚
1885 2863 1980 2920 sed
2005 2862 2152 2920 ultra
2170 2861 2290 2918 illas

694 2957 763 3014 ah
804 2956 988 3030 aliquo
1029 2953 1296 3026 principio
1338 2952 1647 3010 extrinseco
1693 2951 1926 3008 habente
1968 2957 2291 3024 potestatem

693 3045 877 3118 posita
901 3050 1016 3114 est,
1050 3041 1172 3100 inde
1193 3041 1338 3098 enim
1357 3041 1588 3114 positiva
1615 3040 1763 3098 dieta
1783 3047 1902 3112 est,
1927 3040 2086 3114 quasi
2107 3039 2291 3097 addita

693 3133 927 3191 naturali
955 3132 1092 3207 legi,
1129 3148 1238 3190 non
1275 3148 1341 3188 ex
1382 3130 1470 3188 illa
1509 3131 1822 3188 necessario
1853 3146 2102 3188 manans.
2134 3130 2291 3189 Unde

695 3223 763 3280 ab
789 3221 1062 3296 aliquibus
1084 3224 1178 3279 ius
1189 3223 1518 3296 positivum
1547 3226 1810 3290 vocatur,
1835 3226 1899 3278 ut
1923 3219 2087 3277 videri
2109 3226 2293 3292 potest

698 3315 754 3370 in
794 3314 1002 3370 Conan.
1034 3311 1128 3369 lib.
1169 3314 1215 3369 l.
1244 3312 1550 3368 comment.
1579 3312 1688 3366 iur.
1721 3310 1829 3368 civ.
1863 3325 1917 3366 c.
1952 3315 2004 3370 8.
2037 3311 2106 3366 Et
2131 3310 2185 3364 in
2218 3309 2290 3365 le-

698 3419 822 3478 gem
852 3402 1138 3475 positivam
1161 3402 1240 3458 sic
1263 3407 1542 3473 sumptam
1567 3399 1844 3471 convenit,
1867 3396 2018 3471 quod
2035 3397 2201 3454 Arist.
2240 3403 2285 3456 t.

696 3493 893 3550 Ethio.
927 3508 982 3549 c.
1016 3496 1070 3550 9.
1098 3490 1259 3562 dixit,
1283 3489 1469 3564 legem
1491 3504 1614 3546 esse
1635 3503 1963 3546 sermonem
1982 3487 2060 3545 ab
2081 3486 2294 3561 aliqua

691 3579 1022 3658 prudentia
1044 3583 1100 3636 et
1129 3583 1320 3636 meme
1338 3575 1696 3652 profectum,
1737 3591 1887 3650 quae
1910 3578 2034 3633 vim
2072 3575 2293 3633 habeat

697 3669 782 3727 ad
800 3666 1144 3741 coqendam.
1165 3668 1300 3722 Nam
1324 3665 1452 3723 licet
1469 3664 1557 3722 ille
1580 3665 1647 3721 de
1667 3666 1785 3739 lege
1815 3664 2056 3722 humana
2077 3671 2291 3722 tantum

697 3758 988 3832 loquatur,
1014 3762 1195 3813 tamen
1226 3755 1392 3814 verba
1423 3756 1545 3813 eius
1577 3754 1643 3811 de
1675 3771 1734 3812 se
1766 3756 2110 3831 generaliora
2137 3762 2289 3826 sunt,

699 3853 755 3904 et
781 3847 853 3903 ita
879 3844 1038 3902 etiam
1062 3844 1146 3902 lex
1169 3845 1394 3917 positiva
1418 3844 1579 3901 latius
1607 3849 1777 3918 patet,
1802 3859 1966 3918 quam
1987 3842 2248 3901 humana.

785 3937 872 3994 tt.
907 3937 1094 4008 Atque
1123 3933 1252 3990 hinc
1291 3933 1521 3991 traditur
1559 3950 1590 3990 a
1631 3932 1891 4006 theologis
1921 3933 2076 3990 tertia
2103 3933 2293 3990 divisio

701 4026 840 4099 legis
874 4024 1137 4097 positivae
1161 4023 1212 4078 in
1239 4021 1475 4080 divinam
1497 4028 1555 4079 et
1577 4021 1896 4080 humanam.
1929 4024 2038 4080 Lex
2063 4023 2291 4094 positiva

701 4115 879 4173 divina
909 4113 1140 4184 dicitur,
1163 4127 1305 4186 quae
1332 4112 1400 4168 ab
1429 4113 1546 4183 ipso
1573 4114 1685 4168 Deo
1713 4111 2022 4169 immediate
2045 4110 2155 4169 lata
2176 4119 2292 4183 est,

703 4211 758 4262 et
786 4204 885 4262 toti
925 4203 1029 4276 legi
1066 4199 1300 4258 naturali
1329 4198 1539 4272 addita3
1571 4201 1638 4258 de
1663 4199 1900 4258 humana
1930 4202 2115 4272 statim
2147 4201 2293 4258 dice-

701 4310 846 4351 mus.
883 4295 1107 4349 Praeter
1143 4290 1241 4347 bas
1270 4306 1398 4346 vero
1427 4306 1533 4346 non
1563 4296 1747 4362 potest
1771 4305 1894 4346 esse
1924 4290 2030 4346 alia
2064 4291 2297 4362 positiva

701 4382 787 4440 lex
815 4387 1070 4455 respectu
1097 4369 1415 4453 homin'um,
1447 4381 1579 4453 quia
1619 4397 1723 4437 non
1755 4387 1886 4437 sunt
1915 4379 2104 4452 plures
2134 4380 2296 4454 legis-

703 4473 943 4544 latores,
973 4470 1149 4544 angeli
1175 4471 1319 4526 enim
1348 4485 1456 4526 non
1485 4469 1686 4526 habent
1711 4468 1850 4526 lianc
1883 4475 2211 4542 potestatem
2240 4472 2297 4527 in

703 4561 988 4632 homines,
1019 4559 1148 4634 quia
1178 4574 1280 4615 nec
1315 4557 1583 4615 naturalis
1610 4557 1712 4614 illis
1738 4564 1854 4631 est,
1885 4573 1988 4616 nec
2017 4574 2049 4615 a
2075 4561 2186 4616 Deo
2210 4566 2297 4615 est

703 4649 808 4707 illis
834 4665 1139 4720 concessa3
1172 4647 1304 4704 nulli
1327 4647 1471 4704 enim
1492 4645 1544 4703 id
1566 4646 1872 4704 revelatum
1893 4654 2124 4720 scimus,
2150 4649 2294 4706 unde

705 4755 806 4797 nec
848 4739 1088 4796 divinare
1129 4736 1263 4794 illud
1303 4751 1624 4809 possumus.
1657 4738 1768 4795 Lex
1807 4737 1993 4812 itaque
2033 4737 2213 4796 divina
2244 4739 2295 4794 in

703 4829 982 4902 praesenti
1010 4843 1116 4883 non
1144 4826 1352 4885 dieitur
1379 4825 1539 4882 lexin
1561 4828 1675 4883 Deo
1695 4825 1968 4898 existens,
2000 4825 2095 4884 sed
2124 4844 2157 4885 a
2186 4830 2297 4885 Deo

705 4933 932 4978 manans
959 4915 1182 4989 speciali
1217 4913 1457 4989 quodam
1489 4915 1684 4987 modo3
1714 4931 1824 4972 non
1852 4916 1998 4973 enim
2027 4917 2295 4991 significat

651 5008 672 5032 ²
703 5010 874 5082 legem
913 5010 1274 5078 conceptam,
1317 5020 1418 5063 seu
1457 5002 1782 5079 exhibitam,
1821 5010 1880 5063 et
1917 5006 1972 5062 in
2013 5006 2120 5064 hoc
2159 5005 2299 5064 inter

706 5095 1027 5171 alia,differt
1061 5111 1093 5152 a
1134 5094 1250 5168 lege
1290 5093 1498 5167 divina,
1529 5100 1698 5166 prout
1735 5093 1883 5152 illam
1911 5096 2096 5168 posuit
2121 5095 2293 5154 Plato.

702 5185 904 5246 Deinde
930 5184 1112 5244 differt
1138 5177 1276 5242 haec
1306 5182 1389 5241 lex
1417 5197 1450 5242 a
1477 5182 1718 5242 naturali
1749 5190 1968 5256 sumpta
1998 5201 2127 5242 cum
2151 5186 2297 5243 omni

2350 452 2683 524 perfectione
2720 471 2887 527 supra
2928 454 3236 526 declarata,
3266 457 3397 528 quia
3436 455 3519 512 lex
3551 455 3811 514 naturalis
3842 473 3951 514 non

2348 540 2566 600 additur
2606 559 2639 600 a
2680 547 2788 601 Deo
2831 544 3141 617 specialiter
3183 545 3285 617 ipsi
3316 551 3575 617 naturae,
3608 545 3690 603 vel
3718 547 3945 619 gratiae3

2350 629 2485 688 haec
2514 639 2699 690 autem
2730 633 2817 691 lex
2848 633 3158 706 specialiter
3190 635 3443 706 ponitur,
3472 641 3528 691 et
3554 635 3777 692 additur
3808 634 3953 692 ultra

2347 718 2518 778 illam.
2551 720 2707 778 Unde
2743 721 2830 782 lex
2866 723 3131 780 naturalis
3170 723 3600 781 non-confertur
3626 739 3725 796 per
3750 739 3810 780 se
3840 725 3956 796 pri-

2351 825 2440 866 mo
2458 851 2473 881 ,
2508 817 2577 868 ut
2601 809 2837 882 speciale
2856 811 3064 869 donum
3093 811 3261 886 legis,
3288 812 3385 869 sed
3408 819 3671 870 censetur
3693 810 3842 870 idem
3861 812 3959 870 do-

2352 915 2519 972 num,
2553 900 2634 956 vel
2664 915 2795 958 cum
2822 903 2940 973 ipsa
2969 908 3198 972 natura,
3225 902 3308 960 vel
3332 918 3464 960 cum
3486 905 3606 974 ipsa
3626 902 3729 960 tide
3750 910 3805 961 et
3829 919 3955 976 gra-

2349 989 2453 1060 tia3
2488 1005 2613 1046 nam
2643 993 2738 1063 qui
2766 991 2862 1049 dat
2898 991 3163 1064 formam,
3195 992 3289 1050 dat
3330 992 3721 1065 consequentia
3750 993 3819 1050 ad
3848 993 3958 1051 l'or-

2354 1094 2523 1136 mam.
2554 1080 2704 1136 Haec
2734 1087 2920 1138 autem
2950 1080 3037 1139 lex
3067 1097 3166 1153 per
3203 1097 3262 1138 se
3299 1082 3473 1155 primo
3502 1083 3669 1139 datur
3698 1089 3960 1156 tanquam

2350 1165 2556 1224 donum
2578 1167 2825 1226 additum
2848 1175 2904 1226 et
2924 1176 3158 1228 naturae
3176 1175 3236 1226 et
3252 1170 3481 1243 gratiae.
3504 1171 3579 1228 Et
3597 1170 3725 1226 hinc
3748 1169 3959 1229 factum

2350 1261 2467 1328 est,
2501 1264 2561 1315 ut
2602 1257 2736 1314 haec
2776 1256 2951 1316 soleat
2988 1257 3248 1330 appellari
3275 1257 3591 1330 simpliciter
3626 1258 3743 1322 lex,
3778 1267 3840 1317 ut
3868 1276 3960 1332 pa-

2353 1349 2431 1402 tet
2466 1361 2533 1403 ex
2574 1353 2688 1403 tota
2730 1347 2965 1419 epistola
3004 1346 3074 1404 ad
3115 1349 3274 1406 Rom.
3318 1355 3376 1404 et
3399 1364 3466 1406 ex
3490 1347 3609 1406 aliis
3642 1347 3959 1422 scripturae

2354 1433 2487 1492 locis
2511 1478 2525 1507 ,
2558 1451 2700 1509 quae
2736 1439 2925 1494 statim
2954 1436 3375 1495 insinuabimus.
3405 1439 3585 1511 Atque
3610 1437 3732 1495 ideo
3761 1438 3845 1494 lex
3872 1438 3963 1495 di-

2355 1524 2479 1582 vina
2515 1526 2842 1597 simpliciter
2868 1526 3016 1584 dicta
3042 1525 3181 1584 solet
3206 1526 3276 1584 de
3312 1527 3414 1584 hac
3448 1528 3680 1599 positiva
3706 1527 3954 1603 intelligi,

2356 1620 2414 1670 et
2442 1613 2513 1670 ita
2542 1614 2706 1671 etiam
2736 1629 2839 1672 nos
2864 1614 3209 1688 frequentius
3236 1615 3552 1689 loquemur.

2431 1703 2509 1760 Ex
2539 1719 2652 1777 quo
2682 1705 2847 1761 etiam
2877 1703 3033 1764 facile
3060 1710 3481 1778 constat,·quae
3507 1705 3671 1762 suerit
3692 1705 3855 1764 huius
3874 1706 3959 1764 di·

2356 1792 2510 1848 vinae
2547 1792 2681 1865 legis
2711 1795 3029 1851 necessitas.
3058 1795 3132 1850 'ln
3162 1810 3275 1868 quo
3301 1793 3845 1853 animadvertendum
3871 1803 3961 1854 est

2357 1883 2455 1953 (ne
2484 1888 2712 1953 propter
2742 1882 3157 1956 ambiguitatem
3180 1883 3327 1940 vocis
3349 1883 3525 1956 decipi
3548 1883 3877 1958 contingat),
3901 1883 3958 1940 d.

2354 1969 2619 2029 'rhomam
2648 1971 2699 2027 in
2730 1978 2951 2046 quaest.
2994 1977 3045 2044 1,
3076 1979 3185 2029 art.
3216 1977 3272 2030 4.
3305 1977 3545 2045 quatuor
3573 1973 3765 2030 afferre
3796 1972 3963 2030 ratio-

2358 2075 2453 2116 nes
2475 2103 2489 2130 ,
2518 2060 2591 2117 ob
2618 2077 2759 2134 quas
2785 2059 2890 2118 ruit
2915 2062 3224 2118 necessaria
3256 2061 3341 2118 lex
3369 2060 3585 2134 divina3
3617 2077 3758 2135 quas
3792 2063 3835 2118 si
3864 2061 3961 2118 ali·

2356 2148 2481 2222 quis
2518 2154 2727 2206 attente
2762 2148 3105 2222 consideret,
3145 2150 3381 2206 inveniet
3416 2148 3597 2207 solum
3628 2151 3861 2222 probare
3892 2149 3962 2208 de

2366 2237 2481 2310 lege
2524 2238 2703 2295 divina
2744 2239 2825 2296 vel
2868 2239 3134 2310 naturali,
3176 2241 3257 2296 vel
3300 2239 3745 2312 supernaturali,
3791 2247 3958 2312 prout

2360 2327 2735 2385 connaturalis
2772 2335 2861 2386 est
2886 2330 3125 2401 gratiae3
3158 2345 3268 2385 non
3298 2342 3425 2386 vero
3451 2328 3519 2384 de
3550 2328 3667 2402 tege
3695 2345 3966 2402 superna-

2362 2416 2523 2474 turali
2570 2419 2840 2492 positiva,
2884 2424 3053 2489 prout
3088 2433 3236 2474 nunc
3272 2417 3569 2490 loquimur.
3604 2419 3785 2475 Prima
3826 2419 3965 2475 ratio

2358 2510 2472 2576 est,
2506 2511 2567 2561 ut
2602 2505 2800 2579 dirigat
2837 2504 3111 2563 hominem
3149 2506 3217 2563 ad
3258 2506 3735 2578 supernaturalem
3774 2507 3959 2578 finem3

2360 2594 2635 2666 secunda,
2664 2603 2723 2653 ut
2748 2596 2899 2654 iuvet
2925 2595 3199 2653 hominem
3220 2596 3383 2653 etiam
3410 2598 3463 2652 in
3494 2595 3865 2664 naturalibus,
3892 2613 3959 2652 ne

2358 2690 2540 2758 erret3
2574 2686 2761 2758 tertia,
2787 2693 2849 2743 ut
2876 2686 3041 2743 etiam
3069 2684 3137 2742 de
3164 2686 3517 2744 interioribus
3546 2685 3760 2745 actibus
3790 2687 3963 2760 possit

2359 2773 2701 2846 praecipere,
2746 2781 2804 2833 et
2842 2774 3127 2848 ordinare3
3173 2783 3402 2849 quarta,
3444 2783 3507 2834 ut
3547 2791 3708 2834 omne
3752 2776 3959 2835 malum

2360 2862 2711 2936 prohiberet,
2738 2863 2888 2936 quod
2916 2863 3005 2920 lex
3034 2863 3271 2921 humana
3300 2882 3405 2923 non
3437 2871 3634 2937 potest.
3667 2865 3739 2923 Et
3770 2865 3839 2922 ad
3864 2865 3963 2923 bas

2359 2957 2599 3026 quatuor
2638 2953 2999 3024 proprietates
3036 2955 3425 3011 accommodat
3451 2954 3589 3012 illud
3624 2953 3817 3028 psalmi
3867 2961 3953 3015 18:

2358 3045 2485 3100 Lex
2535 3044 2779 3099 Domini
2826 3041 3232 3101 immaculata
3252 3087 3267 3111 ‚
3314 3048 3651 3102 convertens
3697 3048 3955 3111 animas.

2362 3131 2765 3188 testimonium
2780 3134 3022 3188 Domini
3030 3129 3233 3204 fidele,
3254 3135 3618 3207 sapientiam
3636 3139 3958 3208 praestans

2352 3219 2652 3294 parvulis.
2676 3222 2813 3278 Nam
2834 3223 2885 3276 iu
2910 3220 3013 3278 hoc
3041 3221 3230 3279 ultimo
3254 3222 3420 3278 verbo
3454 3222 3769 3306 continetur
3790 3224 3964 3298 prima

2362 3308 2537 3380 ratio,
2564 3310 2690 3380 quia
2714 3325 2811 3380 per
2833 3311 3150 3381 sapientiam
3174 3310 3461 3368 ordinatur
3492 3311 3656 3368 homo
3674 3310 3741 3368 ad
3771 3327 3961 3384 super-

2362 3397 2663 3454 naturalem
2714 3399 2899 3454 tinem.
2950 3400 3009 3452 ln
3060 3400 3218 3456 tertia
3264 3405 3479 3468 autem,
3510 3417 3610 3456 seu
3660 3402 3960 3472 penultima

2362 3488 2695 3558 proprietate
2732 3489 3047 3544 continetur
3076 3488 3267 3544 ultima
3301 3487 3474 3547 ratioz
3506 3504 3631 3545 nam
3666 3491 3800 3562 quia
3828 3489 3961 3546 haec

2364 3574 2447 3632 lex
2478 3576 2669 3634 nititur
2706 3577 2759 3632 in
2800 3577 3026 3633 veritate
3054 3577 3178 3645 Dei,
3211 3591 3315 3632 non
3346 3583 3526 3647 potest
3552 3576 3780 3634 subesse
3808 3593 3961 3636 erro-

2364 3667 2538 3735 ribus,
2558 3667 2667 3721 imo
2692 3681 2913 3722 errores
2942 3672 3167 3722 naturae
3191 3671 3369 3739 potest
3388 3665 3701 3738 emendare,
3726 3676 3784 3724 et
3808 3666 3961 3724 cohi-

2364 3753 2519 3810 bere:
2567 3759 2847 3825 praeterea
2885 3753 2935 3811 in
2976 3753 3218 3810 secunda
3268 3753 3600 3826 proprietate
3648 3753 3957 3812 insinuatur

2364 3844 2499 3900 ratio
2528 3843 2715 3914 tertia,
2748 3859 2873 3899 nam
2902 3844 3029 3916 quia
3062 3843 3145 3899 lex
3172 3841 3351 3899 divina
3380 3842 3661 3902 interiores
3696 3849 3857 3902 actus
3880 3844 3962 3902 di-

2365 3932 2491 4005 rigit
2511 3974 2525 4003 ,
2560 3932 2755 3989 merito
2784 3937 3105 3988 convertere
3134 3934 3339 3988 animas
3370 3932 3595 3989 dicitur.
3630 3937 3706 3989 Ac
3730 3933 3965 4007 denique

2364 4020 2711 4078 immaculata
2749 4020 2989 4094 dicitur,
3020 4021 3149 4094 quia
3184 4021 3397 4079 nullum
3436 4023 3639 4080 malum
3676 4025 3961 4095 permittit.

2363 4113 2434 4168 At
2459 4127 2587 4167 vero
2615 4111 2716 4167 hae
2744 4125 2935 4168 omnes
2962 4111 3198 4167 rationes
3228 4113 3461 4168 maxime
3491 4112 3725 4183 probant
3744 4111 3813 4168 de
3837 4111 3953 4184 lege

2363 4199 2543 4257 divin-a
2568 4200 2912 4257 connaturali
2928 4199 3142 4272 gratiae
3158 4240 3173 4270 ,
3202 4187 3522 4272 praesertim
3543 4201 3682 4256 ratio
3709 4201 3885 4272 prima
3902 4207 3961 4255 et

2366 4289 2639 4360 secunda,
2672 4298 2755 4346 ut·
2776 4303 2945 4361 supra
2984 4290 3149 4346 etiam
3192 4289 3359 4361 tetigi.
3390 4289 3525 4346 Nam
3557 4289 3693 4346 ratio
3722 4281 3881 4346 'tertia
3907 4297 3963 4344 et

2366 4384 2565 4452 quarta
2606 4365 2770 4434 etiam
2806 4378 2857 4434 in
2904 4391 3043 4449 pura
3082 4375 3201 4450 lege
3237 4376 3471 4446 naturali
3512 4376 3699 4434 locum
3736 4377 3959 4450 habent,

2367 4467 2493 4540 quia
2533 4466 2623 4523 illa
2666 4465 2933 4539 praecipit
2970 4468 3153 4523 etiam·
3178 4466 3417 4523 internos
3458 4472 3619 4524 actus
3660 4467 3864 4537 bonos,
3904 4473 3965 4524 et

2367 4557 2539 4613 malos
2578 4556 2862 4628 prohibet,
2904 4556 3231 4629 nullumque
3270 4563 3457 4614 actum
3488 4573 3717 4629 pravum
3744 4573 3805 4614 re
3834 4572 3965 4613 vera

2366 4645 2651 4718 permittit.
2682 4647 2795 4702 lmo
2829 4645 2912 4702 lex
2942 4645 3121 4702 divina
3144 4646 3367 4718 positiva
3384 4687 3399 4718 ,
3422 4652 3589 4719 prout
3610 4662 3758 4703 nunc
3782 4645 3850 4704 de
3876 4647 3965 4704 illa

2368 4734 2646 4809 loquimur
2666 4776 2681 4806 ,
2713 4734 2984 4792 ordinarie
3008 4741 3261 4792 versatur
3286 4736 3439 4792 circa
3460 4743 3621 4793 actus
3640 4738 3967 4808 exteriores,

2370 4831 2435 4881 ut
2476 4823 2662 4882 videre
2706 4825 2836 4882 licet
2874 4825 2927 4881 in
2970 4823 3089 4897 lege
3128 4827 3297 4881 veteri
3326 4831 3381 4882 et
3408 4826 3455 4885 in
3486 4841 3663 4898 nova,
3692 4833 3967 4898 quatenus

2368 4920 2455 4970 est
2496 4913 2565 4970 de
2605 4915 2968 4971 sacramentis
3009 4917 3065 4971 et
3103 4911 3172 4970 de
3213 4912 3518 4971 hierarchia
3556 4915 3961 4973 ecclesiastica.

2369 5005 2505 5061 ltem
2534 5019 2633 5076 per
2668 5003 2841 5076 legem
2880 5002 3167 5076 positivam
3204 5018 3311 5059 non
3342 5002 3592 5075 prohibet
3618 5006 3763 5062 Deus
3791 5004 3971 5061 omnia

2374 5093 2551 5165 mala,
2583 5092 2678 5150 sed
2708 5093 2816 5150 hoc
2846 5097 3061 5164 spectat
3086 5090 3153 5148 ad
3190 5091 3427 5150 divinam
3457 5090 3630 5166 legem
3660 5093 3970 5175 naturalem

2376 5184 2671 5258 utriusque
2700 5181 2939 5258 ordinis,
2976 5187 3036 5240 ut
3063 5196 3233 5257 supra
3260 5181 3528 5255 explicata
3555 5188 3661 5239 est.
