4325 6267
795 326 878 390 34

705 469 772 526 ab
796 469 899 524 alio
925 471 1158 538 accepta
1180 465 1326 539 leges
1349 464 1487 522 ferre
1508 469 1712 538 potest,
1733 469 1788 522 et
1803 477 2005 537 cogere
2031 461 2098 518 ad
2115 477 2307 518 earum

2206 337 2402 386 unmt
2430 337 2456 384 1
2467 367 2481 384 .

2382 465 2639 516 votorum
2668 460 3020 516 irritationem
3050 465 3107 515 et
3144 457 3601 531 dispensationem
3626 457 3765 516 libro
3786 459 3873 516 Vl.
3906 457 3980 516 de

705 557 1166 626 observationem,
1207 561 1264 611 et
1300 554 1491 627 punire
1525 561 1990 626 transgressores.
2025 549 2309 634 Quomodo
2388 553 2553 616 Veto,
2592 564 2714 620 cap.
2758 552 2805 606 l.
2838 550 2907 605 Et
2948 548 3129 605 solent
3162 547 3327 604 etiam
3352 545 3615 620 distingui
3644 547 3712 604 ab
3740 549 3984 604 auctori·

703 647 840 705 dixit
865 645 1028 704 Iacob
1057 645 1235 716 capite
1265 648 1333 702 4:
1377 646 1536 704 Unus
1563 647 1650 700 est
1677 639 1984 715 leqislator
2019 644 2074 696 et
2100 637 2303 700 iisdem.

2378 643 2484 702 bus
2524 642 2984 716 distinguentibus
3021 640 3320 698 dominium
3348 642 3399 698 in
3430 639 3736 712 dominium
3767 639 3982 698 iurisdi-

701 739 802 810 qui
818 738 1014 809 potest
1031 731 1308 807 perdere,
1349 736 1404 788 et
1431 729 1721 800 liberare:
1752 730 1900 803 leges
1937 744 2068 801 ergo
2097 727 2308 784 divinae
2378 735 2572 790 ctionis
2599 739 2655 790 et
2682 733 3032 804 proprietatis
3058 771 3075 804 ,
3104 737 3167 788 ut
3194 730 3299 788 late
3324 729 3571 787 declarat
3597 729 3775 787 nolin.
3814 736 3978 787 tract.

702 826 1016 883 necessario
1055 823 1250 880 dicunt
1286 826 1603 893 respectum
1630 818 1696 876 ad
1729 819 2004 890 pubiicum
2033 822 2088 874 et
2115 829 2308 887 supre-

703 931 850 972 mam
881 919 1228 986 potestatem.
1254 912 1528 979 Quocirca
1559 911 1645 966 lex
1671 909 1935 965 naturalis
1959 913 2058 965 aut
2086 909 2305 977 propria

701 1006 786 1062 lex
814 1019 920 1060 non
945 1009 1059 1072 est3
1086 1008 1181 1058 aut
1210 1003 1255 1056 si
1287 1015 1414 1055 vera
1442 998 1527 1056 lex
1550 1003 1666 1070 est,
1692 1014 1722 1054 a
1753 997 1972 1069 publica
1994 995 2154 1051 etiam
2179 1009 2304 1065 pro·

700 1093 848 1150 cedit
885 1091 1224 1165 gubernandi
1267 1093 1569 1161 potestate3
1617 1088 1747 1158 quia
1789 1087 1832 1141 si
1877 1085 1962 1141 lex
1991 1081 2174 1138 divina
2196 1086 2301 1152 est,

700 1197 834 1255 ergo
862 1188 948 1238 est
975 1182 1044 1236 ab
1071 1181 1190 1237 eius
1223 1183 1524 1249 potestate,
1555 1191 1696 1249 quae
1727 1181 1985 1230 naturam
2005 1172 2299 1244 gubernat,

700 1271 857 1342 eique
887 1268 1218 1325 dominatur.
1244 1265 1530 1334 Quomodo
1560 1271 1744 1320 autem
1773 1263 1854 1319 lex
1879 1266 2108 1317 naturae
2131 1263 2303 1316 Deum

702 1359 899 1422 habeat
926 1364 1208 1414 auctorem
1231 1398 1244 1425 ,
1277 1356 1415 1412 libro
1447 1353 1698 1426 sequenti
1730 1350 2121 1409 declarabitur.

781 1451 833 1504 3.
860 1448 930 1503 Ut
950 1453 1132 1502 autem
1153 1446 1206 1501 in
1233 1444 1442 1514 legibus
1465 1443 1715 1498 humanis
1738 1439 1878 1496 hanc
1905 1438 2185 1495 veritatem
2208 1435 2303 1494 de·

702 1536 999 1605 claremus,
1029 1541 1083 1590 et
1109 1532 1494 1601 ostendamus,
1523 1529 1884 1602 supponimus
1912 1529 2111 1598 primo,
2143 1540 2300 1597 prae·

699 1629 955 1695 ceptum,
1001 1630 1061 1678 ut
1103 1621 1206 1678 tale
1245 1625 1361 1692 e‘st,
1403 1620 1714 1676 necessario
1744 1614 2028 1688 postulare
2056 1613 2297 1686 aliquam

701 1715 1039 1785 superiorem
1062 1717 1388 1782 potestatem
1410 1710 1462 1764 in
1488 1708 1850 1779 praecipiente
1872 1709 2132 1776 respectu
2153 1703 2296 1775 eius,

697 1804 790 1858 cui
821 1800 1108 1873 praecipit.
1138 1799 1280 1854 Nota
1305 1798 1450 1853 enim
1471 1803 1559 1853 est
1577 1795 1880 1853 differentia
1901 1795 2042 1850 inter
2063 1792 2163 1848 bos
2185 1799 2297 1849 tres

699 1896 882 1962 actus,
913 1895 1096 1961 petere
1127 1903 1224 1944 seu
1253 1902 1434 1957 orare,
1463 1886 1784 1958 promittere
1811 1899 1912 1940 seu
1943 1897 2173 1950 vovere,
2196 1882 2299 1938 im·

695 1993 890 2051 perare
919 1993 1017 2034 seu
1045 1981 1398 2048 praeceptum
1427 1976 1736 2046 imponere,
1771 1970 1922 2045 quod
1951 1971 2190 2042 primum
2212 1975 2297 2026 est

697 2066 988 2139 indigentis
1007 2109 1020 2134 ,
1049 2073 1106 2121 et
1135 2065 1279 2134 ideo,
1313 2069 1377 2120 ut
1403 2063 1508 2130 sic,
1540 2070 1628 2119 est
1657 2062 1924 2118 inferioris
1954 2058 2022 2116 ad
2051 2059 2295 2130 superio-

695 2169 845 2227 rem3
879 2155 1102 2212 ultimus
1129 2158 1217 2210 est
1236 2152 1533 2223 superioris
1555 2150 1621 2207 ad
1644 2150 1986 2219 inferiorem,
2011 2147 2294 2208 secundus

697 2258 830 2300 vero
872 2248 1055 2314 potest
1093 2256 1212 2298 esse
1253 2240 1320 2296 ad
1351 2254 1566 2310 omnes,
1599 2244 1665 2295 ut
1693 2237 1950 2294 indicavit
1971 2235 2028 2294 d.
2057 2236 2294 2292 Thomas

696 2339 755 2393 2.
786 2339 844 2406 2,
875 2347 931 2404 q.
969 2335 1035 2390 88
1055 2372 1069 2398 ,
1099 2333 1262 2387 artic.
1303 2333 1322 2386 t
1348 2369 1363 2398 ,
1394 2335 1448 2385 et
1485 2334 1650 2386 tract.
1681 2329 1772 2399 lV,
1801 2333 1860 2384 et
1882 2328 1972 2384 Vl.
2003 2325 2076 2383 de
2101 2325 2287 2402 Reliy.

696 2423 746 2478 in
769 2421 949 2494 princ.
973 2417 1354 2490 explicuimus.
1377 2418 1532 2475 Ratio
1554 2432 1688 2474 vero
1707 2421 1814 2487 est,
1837 2417 1965 2489 quia
1989 2431 2085 2487 per
2100 2423 2291 2473 actum

695 2511 960 2569 orationis
1001 2523 1102 2565 nec
1145 2523 1203 2564 se
1244 2507 1445 2579 obligat
1485 2507 1684 2575 bomo,
1732 2520 1833 2562 nec
1871 2503 2076 2578 obligat
2101 2503 2288 2577 alium,

696 2597 792 2655 sed
820 2597 1000 2653 solum
1027 2594 1146 2652 vult
1173 2594 1376 2668 aliquid
1405 2595 1472 2650 ab
1498 2594 1602 2650 alio
1630 2593 1902 2666 obtinere,
1935 2595 1986 2648 in
2015 2607 2128 2664 quo
2155 2592 2291 2649 infe-

691 2687 890 2743 riorem
921 2702 980 2743 se
1007 2685 1082 2741 illi
1111 2683 1350 2742 exhibet.
1383 2685 1484 2739 Per
1506 2685 1927 2754 promissionem
1949 2689 2134 2738 autem
2157 2681 2291 2737 obli-

689 2783 786 2850 gat
824 2775 988 2831 homo
1030 2775 1302 2845 seipsum3
1343 2787 1510 2845 quam
1550 2777 1876 2843 potestatem
1905 2771 2289 2841 unusquisque

691 2867 746 2923 in
775 2881 832 2921 se
860 2864 1046 2935 habet,
1075 2869 1131 2920 et
1158 2867 1340 2934 potest
1361 2861 1506 2916 illam
1527 2875 1784 2917 exercere
1805 2864 2065 2931 respectu
2087 2873 2289 2931 aequa-

687 2953 786 3027 lis,
811 2953 896 3010 vel
917 2952 1214 3021 inferioris,
1241 2957 1338 3007 aut
1365 2950 1664 3021 superioris
1691 2992 1706 3021 ,
1729 2952 1856 3023 quia
1875 2964 2179 3022 numquam
2202 2947 2286 3004 ille

689 3047 910 3098 exercet
951 3041 1034 3097 ius
1075 3040 1128 3096 in
1155 3039 1355 3108 alium,
1385 3037 1482 3096 sed
1508 3039 1560 3095 in
1593 3053 1683 3108 se,
1713 3052 1814 3094 nec
1845 3037 1995 3110 cogit
2023 3037 2191 3094 alium
2220 3034 2287 3092 ad

687 3129 1086 3202 acceptandum
1106 3172 1119 3199 ,
1151 3129 1198 3184 si
1233 3127 1386 3184 nolit.
1423 3129 1523 3184 Per
1556 3134 1910 3198 praeceptum
1940 3132 2125 3183 autem
2153 3127 2287 3184 obli-

689 3224 782 3291 gat
807 3218 1146 3290 praecipiens
1177 3217 1367 3287 alium,
1395 3215 1486 3272 cui
1517 3216 1808 3287 praecipit,
1832 3221 1888 3272 et
1914 3214 2034 3272 ideo
2059 3231 2288 3273 necesse

688 3314 796 3378 est,
821 3313 884 3364 ut
910 3308 961 3363 in
984 3307 1138 3364 illum
1159 3306 1358 3362 habeat
1381 3307 1468 3362 ius
1489 3311 1547 3361 et
1567 3305 1906 3377 superiorem
1928 3310 2282 3376 potestatem.

688 3399 808 3455 Non
835 3398 978 3454 enim
1009 3402 1190 3467 potest
1215 3411 1337 3451 esse
1364 3396 1509 3451 actio
1538 3396 1654 3450 sine
1683 3395 1950 3465 principio
1980 3393 2288 3466 proportio-

686 3494 847 3557 nato,
889 3501 918 3542 a
946 3501 1057 3556 quo
1087 3490 1300 3554 manet,
1333 3484 1438 3539 hoc
1469 3489 1655 3538 autem
1684 3483 2016 3553 principium
2043 3485 2098 3538 in
2128 3497 2285 3553 prae·

689 3575 826 3631 senti
855 3578 942 3630 est
969 3578 1210 3643 potestas
1239 3570 1352 3640 illa,
1379 3584 1478 3641 per
1500 3585 1661 3642 quam
1684 3585 1832 3626 unus
1853 3569 2010 3625 alteri
2034 3571 2287 3641 superior

687 3662 1067 3719 constituitur.
1093 3662 1226 3715 ltem
1250 3674 1354 3714 non
1377 3657 1551 3714 omnis
1577 3657 1736 3713 homo
1760 3656 2110 3729 potestatteri
2128 3673 2289 3730 prae·

688 3736 896 3822 cipere,
923 3763 1026 3804 nec
1057 3747 1298 3820 aequalis
1329 3745 1418 3820 (ut
1446 3747 1528 3801 sic
1557 3744 1760 3816 dicam)
1793 3752 1973 3818 potest
2001 3747 2287 3819 aequalem

688 3840 962 3912 obligare,
994 3843 1058 3894 ut
1093 3843 1177 3893 est
1204 3851 1299 3908 per
1329 3851 1386 3890 se
1414 3840 1629 3906 notum,
1661 3837 1790 3908 quia
1815 3851 1922 3891 non
1952 3841 2038 3892 est
2066 3836 2177 3892 ulla
2203 3851 2290 3892 ra-

690 3929 788 3998 tio,
833 3941 936 3982 cur
977 3940 1122 3981 unus
1151 3925 1320 3996 magis
1351 3928 1605 3980 teneatur
1632 3938 1823 3995 parere
1852 3923 2029 3990 alteri,
2062 3939 2227 3996 quam
2255 3939 2287 3981 e

687 4032 980 4087 converso,
1012 4019 1266 4087 essetque
1293 4012 1498 4070 bellum
1527 4015 1734 4069 iustum
1758 4029 1822 4069 ex
1847 4019 2081 4086 utraque
2105 4020 2285 4086 parte,

687 4111 772 4162 est
808 4119 942 4177 ergo
985 4102 1296 4160 necessario
1337 4101 1586 4174 specialis
1629 4108 1872 4171 potestas
1923 4104 2175 4174 superior
2220 4103 2289 4160 ad

689 4190 1126 4265 praecipiendum
1171 4189 1344 4248 valide
1383 4196 1439 4248 et
1479 4189 1802 4248 efficaciter.
1847 4190 2003 4254 Unde
2040 4209 2173 4249 cum
2202 4193 2287 4249 lex

689 4282 761 4338 sit
789 4279 1146 4338 essentialiter
1177 4283 1566 4350 praeceptum
1597 4280 1759 4335 etiam
1787 4277 1892 4335 hoc
1921 4281 2025 4336 erit
2053 4279 2120 4336 de
2151 4280 2289 4352 legis

689 4369 924 4426 essentia
951 4382 1016 4423 ac
1044 4368 1396 4438 necessitate,
1426 4367 1590 4424 etiam
1615 4369 1670 4423 in
1701 4366 1957 4424 humanis
1988 4368 2219 4441 legibus.

769 4462 823 4516 4.
857 4457 1110 4514 Secundo
1137 4470 1270 4512 vero
1299 4455 1607 4513 addendum
1634 4463 1748 4530 est,
1779 4456 1926 4530 quod
1957 4458 2104 4515 sicut
2133 4473 2289 4530 prae·

689 4553 913 4618 ceptum
954 4552 1010 4601 et
1051 4545 1136 4601 lex
1173 4561 1281 4600 non
1322 4552 1754 4617 convertuntur,
1800 4547 1928 4619 quia
1967 4563 2074 4604 non
2126 4563 2287 4605 omne

689 4638 1046 4707 praeceptum
1075 4639 1160 4690 est
1186 4633 1268 4690 lex
1289 4678 1304 4706 ,
1336 4633 1464 4690 licet
1489 4635 1664 4691 omnis
1693 4635 1778 4692 lex
1809 4637 1879 4691 sit
1906 4643 2283 4708 praeceptum3

690 4724 762 4778 ita
803 4729 1048 4794 potestas
1091 4723 1436 4794 praeceptiva
1473 4730 1532 4779 et
1572 4723 1871 4797 legislativa
1908 4740 2016 4781 non
2056 4740 2289 4781 conver-

691 4818 903 4868 tuntur.
955 4814 1202 4868 Potestas
1251 4826 1384 4882 ergo
1428 4815 1776 4883 praeceptiva
1821 4813 1978 4886 quasi
2028 4815 2287 4886 generica

690 4906 796 4970 est,
826 4915 968 4975 quae
995 4902 1050 4956 in
1079 4899 1219 4956 duas
1246 4900 1455 4972 species
1487 4899 1868 4972 distinguenda
1895 4909 2000 4969 est,
2030 4918 2170 4975 quas
2194 4915 2287 4966 po·

693 4995 950 5045 testatem
987 4989 1403 5045 oeconomicam
1430 4995 1487 5044 et
1513 4989 1810 5063 politicam,
1845 4991 1926 5047 vel
1958 4997 2284 5063 potestatem

691 5077 1097 5148 dominativam,
1137 5084 1194 5134 et
1232 5077 1618 5135 iurisdictionis
1661 5079 1931 5151 appellare
1963 5096 2281 5151 possumus,

695 5166 842 5222 sicut
879 5179 973 5221 eas
1013 5165 1432 5238 nominavimus,
1462 5172 1520 5222 et
1545 5165 1890 5224 distinximus
1916 5169 1969 5222 in
1999 5166 2187 5223 ordine
2216 5167 2281 5224 ad

2378 827 2433 880 2.
2464 821 2537 878 de
2576 825 2771 878 Iustit.
2815 820 2958 893 disp.
2993 826 3024 878 3
3046 862 3062 894 ,
3094 836 3225 876 cum
3264 821 3495 876 Covarr.
3522 820 3585 876 in
3620 818 3807 892 regula
3840 821 3985 876 Pec-

2374 915 2607 978 catum,
2645 915 2699 968 2.
2734 926 2787 981 p.
2818 917 2852 975 s
2886 914 2941 976 9,
2974 925 3028 965 n.
3066 915 3128 981 8,
3158 915 3213 964 et
3239 908 3414 980 attigit
3449 909 3658 964 Seneca
3690 905 3783 963 lib.
3826 909 3877 965 7.
3908 905 3983 964 de

2374 998 2629 1072 Benefic.
2656 1013 2781 1069 cap.
2810 1001 2863 1056 4.
2896 996 3105 1054 dicens:
3132 995 3225 1054 Ad
3243 1011 3408 1069 reyes
3430 983 3695 1068 potestas
3716 997 3981 1051 omnium

2366 1089 2645 1160 pertinet.
2692 1085 2777 1143 ad
2814 1084 3073 1159 sinqnlos
3108 1089 3472 1160 proprietas.
3515 1089 3753 1144 Possunt
3792 1092 3979 1143 autem

2374 1175 2633 1247 distingui
2675 1174 2775 1230 hae
2817 1181 3116 1247 potestates
3156 1177 3309 1232 circa
3351 1189 3645 1246 personas,
3690 1181 3746 1232 et
3796 1175 3981 1248 aliquo

2374 1264 2535 1321 modo
2566 1265 2717 1321 circa
2746 1281 2833 1321 res
2861 1265 3013 1336 alias,
3046 1267 3196 1321 circa
3237 1280 3375 1337 quas
3413 1267 3669 1336 proprius
3711 1265 3982 1322 invenitur

2372 1359 2615 1424 potestas
2665 1353 2918 1424 dominii,
2962 1369 3129 1427 quam
3182 1353 3602 1425 iurisdictionis3
3648 1362 3827 1412 tamen
3874 1371 3978 1412 suo

2376 1441 2538 1499 modo
2578 1444 2741 1499 etiam
2782 1443 2919 1499 baec
2950 1445 3103 1500 circa
3130 1443 3247 1499 illas
3277 1448 3558 1512 versatur,
3592 1443 3674 1500 vel
3705 1442 3979 1500 secunda·

2369 1531 2449 1586 rio
2490 1537 2549 1586 et
2583 1546 2678 1601 per
2714 1532 3191 1596 consecutionem,
3224 1531 3309 1587 vel
3350 1546 3448 1603 per
3490 1530 3715 1587 modum
3753 1530 3979 1588 admini-

2371 1620 2685 1675 strationis:
2732 1619 2834 1676 hoc
2865 1634 2995 1675 vero
3022 1635 3171 1675 nunc
3200 1618 3268 1675 ad
3299 1633 3552 1691 praesens
3582 1634 3691 1676 non
3732 1627 3972 1692 spectat3

2368 1723 2494 1764 nam
2538 1707 2605 1765 ad
2646 1708 2794 1780 leges
2841 1709 2925 1766 rel
2954 1714 3251 1780 praecepta
3280 1723 3376 1780 per
3404 1723 3462 1763 se
3500 1709 3801 1779 requiritur
3823 1717 3980 1781 pote-

2367 1803 2482 1854 stas
2525 1796 2575 1852 in
2616 1812 2940 1870 personam,
2972 1803 3035 1854 ut
3070 1813 3138 1854 ex
3179 1798 3385 1853 ratione
3418 1795 3697 1868 praecepti
3728 1794 3979 1854 declara-

2365 1894 2485 1944 tum
2513 1893 2617 1944 est.
3216 1929 3227 1934 -

2446 1981 2497 2033 5.
2532 1979 2683 2033 Inter
2711 1977 2827 2033 illas
2856 1982 3039 2033 autem
3064 1981 3392 2048 potestates,
3418 1978 3557 2032 utin
3584 1979 3829 2048 personis
3852 1995 3997 2035 ver-·

2367 2071 2563 2121 santur
2582 2106 2597 2134 ,
2636 2080 2766 2121 cum
2798 2065 2999 2122 multae
3028 2065 3163 2121 aliae
3189 2063 3515 2122 differentiae
3556 2067 3819 2139 assignari
3846 2083 3973 2140 pos·

2365 2155 2492 2226 sint,
2525 2159 2636 2210 tres
2666 2159 2816 2226 sunt,
2846 2169 2987 2226 quae
3016 2152 3081 2210 ad
3114 2158 3453 2224 praesentem
3474 2169 3700 2212 causam
3730 2157 3965 2213 faciunt.

2362 2243 2481 2300 Una
2500 2248 2611 2314 est,
2630 2241 2778 2316 quod
2798 2248 3039 2314 potestas
3058 2240 3391 2298 dominativa
3406 2242 3733 2316 regulariter
3759 2251 3844 2302 est
3864 2244 3972 2301 cir-

2361 2346 2430 2388 ca
2464 2332 2704 2402 privatas
2732 2345 2997 2402 personas
3023 2371 3038 2401 ,
3074 2346 3171 2386 seu
3217 2331 3359 2387 inter
3392 2337 3575 2402 partes
3616 2333 3971 2404 imperfectae

2361 2420 2796 2489 communitatis,
2828 2425 2884 2475 et
2918 2419 3191 2490 interdum
3230 2425 3315 2476 est
3348 2435 3415 2476 ex
3452 2421 3573 2476 iure
3614 2429 3843 2478 naturae
3874 2438 3975 2493 per

2358 2508 2659 2565 naturalem
2687 2508 2951 2579 originem
2982 2513 3218 2578 tantum,
3240 2512 3299 2563 et
3317 2523 3383 2564 ex
3406 2509 3457 2563 vi
3481 2507 3647 2580 itlius,
3674 2515 3735 2565 ut
3764 2517 3851 2565 est
3877 2526 3972 2581 pa-

2362 2598 2457 2654 tris
2493 2603 2736 2669 potestas
2774 2598 2829 2653 in
2870 2597 3067 2668 tilium3
3102 2595 3377 2653 interdum
3414 2603 3499 2654 est
3545 2599 3705 2654 etiam
3746 2604 3968 2668 natura,

2359 2687 2642 2757 supposito
2666 2693 2845 2742 tamen
2870 2691 3034 2755 pacto
3057 2685 3319 2756 humano,
3340 2691 3400 2741 ut
3419 2693 3506 2742 est
3526 2691 3765 2756 potestas
3796 2686 3891 2742 viri
3912 2688 3971 2743 in

2360 2785 2591 2830 uxorem
2630 2775 2683 2829 in
2726 2769 2913 2830 ordine
2954 2772 3020 2830 ad
3049 2773 3503 2846 gubernationem
3529 2772 3729 2830 domus
3755 2781 3814 2831 et
3843 2790 3970 2846 per-

2359 2876 2559 2929 sonae3
2604 2861 2894 2934 aliquando
2921 2867 3103 2919 estex
3130 2862 3247 2917 iure
3276 2862 3542 2934 gentium,
3574 2861 3657 2918 vel
3690 2863 3874 2935 civili,
3906 2869 3971 2920 ut

2356 2957 2603 3023 potestas
2640 2951 2847 3008 domini
2890 2951 2945 3006 in
2975 2965 3196 3007 servum
3225 2950 3365 3006 bello
3394 2956 3652 3024 captum,
3686 2952 3968 3010 interdum

2355 3053 2421 3096 ex
2463 3039 2703 3096 humano
2744 3044 3070 3110 contractu,
3111 3044 3166 3094 et
3202 3044 3265 3094 ut
3290 3038 3588 3096 dominium
3619 3039 3670 3094 in
3703 3056 3963 3113 servum,

2356 3129 2451 3201 qui
2490 3142 2549 3183 se
2589 3127 2859 3198 vendidit,
2902 3134 2959 3185 et
2996 3127 3107 3184 buc
3152 3134 3371 3199 spectat
3399 3134 3662 3199 potestas,
3691 3144 3838 3201 quae
3868 3147 3969 3202 per

2356 3223 2547 3273 votum
2576 3214 2917 3273 obedientiae
2954 3216 3241 3272 confertur
3268 3217 3345 3286 ei,
3376 3207 3803 3275 cui'obedientia
3828 3235 3967 3292 pro-

2358 3306 2617 3363 mittitur.
2650 3308 2721 3361 At
2748 3320 2877 3361 vero
2909 3311 3153 3376 potestas
3179 3305 3561 3362 iurisdictionis
3584 3323 3682 3378 per
3704 3324 3762 3364 se
3784 3309 3965 3380 primo

2355 3394 2585 3464 respicit
2624 3393 3074 3449 communitatem
3115 3394 3449 3466 perfectam,
3488 3409 3613 3451 nam
3656 3412 3754 3468 per
3790 3413 3848 3453 se
3878 3404 3965 3456 est

2356 3482 2425 3539 ad
2467 3481 2741 3553 politicam
2772 3482 3243 3554 gubernationem,
3274 3496 3415 3554 quae
3442 3482 3494 3538 in
3524 3483 3618 3540 tali
3648 3487 3965 3542 communi-

2357 3576 2467 3627 tate
2488 3578 2574 3627 est
2592 3570 2924 3634 necessaria,
2950 3585 3073 3626 nam
3098 3568 3166 3626 ad
3188 3571 3563 3642 imperfectam
3584 3573 3794 3630 sufficit
3812 3577 3965 3647 prior

2357 3665 2616 3732 potestas.
2668 3661 2847 3732 Atque
2887 3658 3012 3715 binc
3054 3659 3305 3732 sequitur
3345 3660 3589 3717 secunda
3629 3660 3958 3734 differentia,

2357 3748 2485 3822 quia
2524 3750 2575 3805 in
2617 3755 2889 3821 potestate
2929 3748 3323 3805 iurisdictionis
3358 3750 3534 3806 'multa
3560 3753 3729 3808 maior
3770 3755 3851 3809 vis
3890 3753 3961 3810 ad

2356 3836 2731 3894 coercendum
2774 3843 2829 3893 et
2866 3837 3177 3910 cogendum
3206 3838 3499 3907 invenitur,
3529 3854 3695 3911 quam
3723 3841 3779 3897 in
3810 3847 3963 3912 pote·

2359 3932 2500 3984 state
2527 3913 2890 4001 domina‘iiva3
2924 3931 3040 3983 tum
3071 3926 3199 3997 quia
3230 3927 3398 3983 maior
3426 3933 3513 3984 est
3541 3935 3783 4000 potestas
3806 3946 3963 3987 com-

2363 4017 2564 4088 munis,
2597 4031 2765 4089 quam
2796 4016 3025 4087 privata,
3056 4021 3175 4072 tum
3204 4017 3371 4072 etiam
3400 4015 3527 4088 quia
3564 4018 3633 4074 ad
3658 4020 3963 4077 communi·

2360 4111 2526 4161 tatem
2567 4105 2869 4176 perfectam
2910 4103 3168 4161 tuendam
3190 4145 3206 4175 ,
3240 4109 3295 4160 et
3328 4119 3519 4160 omnes
3549 4112 3732 4178 partes
3762 4108 3881 4164 eius
3906 4111 3963 4165 in

2359 4193 2540 4249 officio
2578 4192 2962 4266 continendas,
3004 4194 3174 4248 maior
3202 4194 3463 4250 coercitio
3504 4197 3814 4252 necessaria
3846 4204 3954 4266 est,

2360 4297 2523 4354 quam
2554 4281 2605 4337 in
2643 4283 2853 4353 privata
2892 4280 3057 4338 domo
3094 4280 3178 4337 vel
3218 4283 3358 4337 inter
3396 4282 3639 4354 privatas
3670 4299 3957 4356 personas.

2358 4371 2427 4426 Et
2453 4370 2530 4425 ita
2556 4385 2665 4426 non
2696 4369 2824 4425 licet
2851 4368 3071 4425 domino
3099 4370 3306 4425 saevire
3336 4373 3387 4425 in
3412 4385 3655 4442 servum,
3684 4379 3748 4429 ut
3766 4373 3961 4432 dicunt

2361 4459 2480 4514 iura
2507 4456 2705 4528 civilia,
2736 4457 3064 4529 expeditque
3094 4457 3445 4529 reipublicae,
3480 4466 3542 4516 ut
3571 4461 3814 4518 severior
3834 4479 3959 4521 cor·

2358 4546 2531 4604 rectio
2580 4559 2689 4601 non
2738 4545 2838 4600 nisi
2886 4545 3221 4602 auctoritate
3272 4545 3491 4616 publica
3528 4549 3636 4604 fiat.
3678 4549 3833 4608 Unde
3872 4559 3960 4608 est

2356 4636 2521 4692 etiam
2550 4631 2788 4690 notanda
2816 4633 2970 4688 tertia
2999 4632 3320 4705 differentia,
3352 4636 3483 4706 quia
3504 4635 3837 4695 dominativa
3861 4655 3959 4712 po·

2359 4731 2527 4782 testas
2554 4723 2823 4779 ordinarie
2854 4723 3027 4794 magis
3054 4729 3140 4778 est
3166 4721 3217 4777 in
3250 4723 3604 4780 commodum
3630 4725 3876 4785 habentis
3895 4728 3960 4785 il-

2358 4813 2495 4884 lam,
2534 4827 2700 4885 quam
2741 4811 2893 4882 eius,
2936 4812 2986 4866 in
3029 4825 3193 4882 quem
3231 4810 3484 4880 habetur,
3514 4811 3643 4870 licet
3669 4816 3956 4890 aliquando

2355 4901 2529 4974 possit
2566 4901 2909 4957 contrarium
2946 4899 3204 4968 inveniri,
3238 4899 3467 4956 maxime
3494 4902 3715 4973 quando
3742 4907 3961 4964 confer-

2356 4997 2449 5047 tur
2476 5005 2543 5045 ex
2571 4995 2734 5061 pacto
2763 4987 3070 5044 voluntario
3097 4989 3149 5042 in
3176 5003 3304 5043 eum
3334 4988 3492 5046 finem
3516 4991 3793 5066 ordinato,
3816 5000 3956 5054 utin

2355 5077 2653 5135 obedientia
2696 5093 2761 5134 ex
2801 5083 2931 5132 voto
2966 5074 3145 5133 debita
3182 5075 3523 5149 frequentius
3550 5089 3821 5140 servatur.
3856 5088 3959 5144 Po·

2357 5166 2550 5224 sterior
2576 5171 2760 5223 autem
2789 5169 3032 5236 potestas
3062 5177 3159 5234 pet·
3184 5177 3243 5221 se
3268 5171 3324 5221 et
3348 5179 3413 5221 ex
3443 5167 3717 5238 primaeva
3740 5172 3958 5231 institu-
