4325 6267
1811 369 2023 419 CAPUT
2047 371 2193 419 xvl.

362 492 636 566 dictatur,
681 494 765 551 vel
809 500 972 565 prout
996 493 1319 568 exprimitur
1345 492 1621 566 aliquibus
1647 494 1813 550 certis
1842 508 1961 549 ver·

366 583 451 640 bis
478 600 577 655 per
604 583 843 657 aliquam
872 582 1045 656 legem
1076 578 1357 656 scriptam.

449 679 504 729 5.
537 674 669 731 Dico
697 690 827 747 ergo
858 675 1063 745 primo:
1087 674 1255 730 Multa
1278 680 1571 745 praecepta
1592 673 1865 731 naturalia
1886 674 1966 729 in-

368 760 554 835 digent
594 761 773 820 multa
810 760 1185 819 declaratione
1223 769 1279 819 et
1307 764 1745 833 interpretatione
1776 762 1844 818 ad
1876 778 1967 817 ve-

369 867 493 908 rum
533 868 757 908 sensum
802 852 1237 926 uniuscuiusque
1281 852 1658 908 statuendum.
1703 854 1849 909 Haec
1880 870 1967 907 as-

369 942 539 997 sertio
566 941 785 1014 intelligi
816 948 996 1012 potest
1021 940 1087 999 de
1117 941 1235 1015 lege
1264 943 1495 998 naturali
1520 949 1628 997 tam
1658 942 1965 998 secundum

370 1046 460 1101 se,
505 1047 671 1103 quam
712 1038 879 1103 prout
915 1032 1121 1103 scripta
1164 1032 1212 1087 in
1256 1031 1436 1105 aliqua
1474 1032 1592 1104 lege
1619 1034 1879 1105 positiva,
1908 1040 1967 1089 et

372 1126 606 1192 utroque
634 1119 795 1177 modo
828 1117 1115 1177 manifesta
1144 1128 1247 1177 est.
1280 1121 1663 1194 Probatur-que
1691 1121 1865 1193 primo
1892 1122 1969 1177 in-

371 1209 665 1279 ductione3
708 1225 832 1271 nam
878 1210 927 1265 in
972 1218 1265 1282 praecepto
1307 1227 1359 1265 v.
1400 1229 1459 1286 g.
1502 1211 1701 1268 vitandi
1742 1212 1969 1267 homici-

372 1298 553 1369 dium,
584 1299 953 1371 interpretatio
986 1302 1227 1358 maxime
1258 1301 1563 1357 necessaria
1585 1309 1696 1373 est,
1722 1302 1789 1357 ad
1811 1301 1971 1358 intel-

375 1386 817 1461 ligendum,quid
842 1392 1057 1447 nomine
1082 1389 1351 1449 homicidii
1373 1392 1441 1447 ibi
1465 1392 1817 1466 significetur,
1842 1392 1971 1465 quia

376 1492 499 1533 non.
522 1478 797 1549 quaelibet
842 1479 1045 1535 occisio
1087 1480 1317 1536 hominis
1346 1488 1431 1537 est
1460 1480 1812 1540 homicidium
1844 1497 1971 1553 pro-

377 1564 603 1623 hibitum
625 1567 741 1640 lege
764 1568 1021 1639 naturali,
1046 1568 1141 1627 sed
1165 1570 1255 1627 illa
1270 1615 1283 1639 ,
1304 1588 1445 1643 quae
1468 1571 1525 1627 fit
1546 1572 1756 1642 privata
1778 1580 1970 1629 aucto-

377 1655 530 1711 ritate
559 1662 634 1715 ‚et
674 1672 769 1727 per
810 1673 897 1727 se,
930 1674 1029 1715 seu
1058 1675 1121 1715 ex
1156 1660 1401 1716 instituto
1422 1702 1438 1733 ,
1471 1668 1568 1717 aut
1605 1676 1700 1733 per
1746 1662 1967 1718 modum

378 1745 770 1819 aggressionis,
803 1764 911 1803 non
942 1764 1069 1804 vero
1098 1764 1237 1822 quae
1266 1750 1326 1808 tit
1353 1750 1591 1823 legitima
1618 1752 1966 1823 auctoritate,

376 1834 461 1889 vel
492 1849 590 1905 per
624 1835 848 1892 modum
876 1845 1073 1894 cautae
1100 1838 1447 1896 defensionis.
1480 1843 1557 1897 lta
1585 1844 1637 1896 in
1672 1849 1967 1913 praecepto

382 1921 623 1979 solvendi
664 1931 852 1981 votum
895 1928 1004 1983 Deo
1044 1928 1248 1985 sactum
1288 1929 1744 2001 interpretamur,
1776 1932 1970 1989 intelli-

382 2012 621 2083 gendum
658 2030 780 2070 esse
822 2014 889 2071 de
926 2023 1055 2073 voto
1098 2019 1249 2075 iuxta
1299 2020 1644 2077 intentionem
1692 2024 1968 2093 voventis,

383 2096 612 2176 ideoque
650 2120 757 2161 non
806 2105 1047 2179 obligare
1079 2108 1129 2163 in
1169 2110 1389 2166 casibus
1426 2112 1529 2167 sub
1555 2111 1674 2167 eius
1700 2118 1877 2168 mente
1904 2128 1969 2168 ac

384 2193 677 2251 intentione
723 2212 827 2251 non
871 2198 1309 2270 comprehensis:
1355 2206 1411 2256 et
1448 2201 1529 2257 sic
1557 2202 1623 2258 de
1652 2200 1801 2271 aliis,
1830 2218 1971 2275 quae

386 2284 565 2339 statim
594 2300 982 2357 proponemus.
1014 2290 1167 2344 Ratio
1196 2305 1329 2345 vero
1358 2298 1463 2357 est,
1494 2291 1623 2362 quia
1652 2307 1760 2347 non
1789 2294 1971 2347 omnia

387 2380 671 2445 praecepta
698 2374 963 2432 naturalia
991 2383 1121 2432 sunt
1156 2378 1526 2450 aequenota,
1560 2396 1661 2437 nec
1691 2396 1865 2455 aeque
1895 2381 1971 2436 sa-

386 2461 509 2517 cilia
548 2462 617 2518 ad
654 2462 1099 2537 intelligendum,
1140 2475 1197 2523 et
1238 2467 1482 2541 indigent
1531 2470 1972 2541 interpretatione

386 2557 605 2623 propter
632 2546 825 2610 verum
854 2572 1077 2612 sensum
1104 2571 1297 2612 eorum
1326 2557 1738 2630 intelligendum
1767 2559 1972 2632 absque

386 2640 567 2711 aliqua
592 2640 942 2700 diminutione
970 2645 1053 2700 vel
1082 2644 1377 2703 additione.
1419 2649 1551 2704 Item
1585 2654 1764 2719 potest
1788 2647 1972 2705 decla-

387 2730 527 2801 rari,
558 2732 685 2803 quia
714 2740 875 2790 actus
899 2733 1117 2791 humani
1138 2738 1191 2791 in
1218 2736 1503 2793 honestate
1526 2744 1579 2793 et
1601 2736 1805 2793 malitia
1830 2736 1976 2794 mul-

389 2824 505 2875 tum
547 2820 780 2891 pendent
815 2838 880 2878 ex
920 2823 1346 2882 circumstantiis
1378 2833 1435 2882 et
1477 2826 1977 2899 opportunitatibus

389 2910 679 2980 operandi,
722 2916 779 2967 et
815 2912 868 2967 in
910 2910 1015 2970 hoc
1056 2919 1142 2970 est
1168 2930 1367 2989 magna
1397 2918 1631 2972 varietas
1663 2917 1803 2973 inter
1829 2916 1973 2987 illos,

390 3001 610 3073 quidam
645 3002 788 3059 enim
832 3011 964 3058 sunt
998 3004 1113 3059 aliis
1152 3006 1539 3077 simplicioreS,
1574 3014 1636 3062 ut
1666 3007 1743 3061 sic
1771 3006 1973 3077 dicam,

388 3097 448 3146 et
473 3092 758 3161 pauciores
794 3091 1133 3150 conditiones
1162 3096 1489 3168 requirunt,
1524 3102 1798 3153 uteorum
1827 3097 1979 3153 boni-

392 3187 478 3236 tas
500 3182 583 3238 vel
625 3182 829 3240 malitia
856 3185 1131 3257 insurgat:
1160 3187 1246 3243 lex
1274 3194 1454 3243 autem
1482 3187 1739 3243 naturalis
1780 3204 1981 3244 secun-

390 3269 525 3327 dum
554 3287 611 3327 se
638 3279 880 3344 spectata
908 3290 1016 3330 non
1044 3275 1307 3346 praecipit
1334 3282 1553 3346 actum,
1590 3276 1687 3332 nisi
1729 3282 1790 3333 ut
1819 3276 1971 3333 illum

393 3358 597 3417 honum
626 3376 747 3418 esse
776 3366 1064 3435 supponit,
1098 3378 1197 3419 nec
1228 3364 1507 3435 prohibet,
1534 3365 1633 3421 nisi
1662 3373 1829 3436 prout
1848 3383 1979 3437 sup-

394 3450 544 3520 ponit
568 3450 857 3507 intrinsece
886 3452 1109 3525 malum3
1132 3459 1187 3509 et
1214 3454 1331 3509 ideo
1358 3454 1422 3509 ad
1460 3454 1865 3528 intelligendum
1892 3472 1981 3513 ve-

392 3554 517 3595 rum
552 3556 776 3597 sensum
818 3541 1083 3599 naturalis
1127 3544 1401 3619 praecepti
1434 3560 1657 3601 necesse
1686 3556 1771 3601 est
1803 3548 1982 3619 inqui-

396 3642 519 3685 rere
548 3630 885 3687 eonditiones
905 3637 962 3687 et
982 3633 1439 3705 circumstantias,
1454 3650 1585 3690 cum
1600 3634 1803 3707 quihus
1823 3642 1981 3692 actus

394 3716 481 3774 ille
509 3718 813 3775 secundum
843 3735 901 3776 se
940 3719 1119 3777 malus
1154 3727 1239 3777 est
1274 3722 1356 3777 vel
1385 3723 1560 3779 bonus
1582 3763 1597 3794 ,
1641 3731 1695 3780 et
1724 3723 1858 3780 haec
1890 3741 1983 3780 vo-

398 3813 554 3864 catur
583 3808 953 3880 interpretatio
984 3810 1257 3883 praecepti
1286 3812 1549 3868 naturalis
1579 3814 1761 3886 quoad
1790 3828 1983 3870 verum

402 3913 620 3954 sensum
663 3899 803 3955 eius.
845 3898 997 3958 Unde
1037 3906 1283 3969 constat,
1317 3900 1457 3956 hanc
1487 3902 1984 3974 interpretationem

400 3986 743 4060 hominibus,
787 4005 888 4051 seu
929 4004 1025 4060 pro
1066 3989 1375 4046 hominibus
1422 4006 1541 4046 esse
1594 3994 1979 4061 necessariam,

400 4078 542 4132 Deus
579 4078 751 4141 enim,
782 4080 865 4136 vel
901 4079 1073 4153 angeli
1103 4096 1199 4151 per
1228 4096 1285 4135 se
1313 4096 1418 4135 non
1453 4080 1689 4153 indigent
1718 4083 1985 4157 interpre-

402 4167 599 4223 tatione
618 4208 634 4239 ,
666 4167 761 4225 sed
788 4167 995 4226 directe
1022 4172 1337 4240 intuentur,
1361 4170 1524 4243 quale
1546 4172 1619 4227 sit
1643 4173 1987 4245 unumquod-

399 4272 510 4327 que
548 4263 935 4329 praeceptum,
964 4266 1019 4315 et
1044 4258 1353 4333 quomodo,
1384 4266 1441 4317 et
1470 4276 1599 4317 cum
1624 4263 1825 4334 quibus
1853 4279 1987 4319 con-
2020 4250 2029 4257 ⁰

399 4345 692 4403 ditionibus
732 4347 883 4404 circa
922 4364 1077 4404 suam
1118 4352 1401 4406 materiam
1443 4358 1717 4409 versetur.
1761 4354 1989 4409 Constat

400 4439 594 4510 etiam,
631 4438 773 4495 hauc
809 4440 1305 4511 interpretationem
1348 4442 1461 4496 fieri
1490 4456 1680 4513 posse,
1710 4450 1766 4499 et
1792 4442 1987 4501 debere

402 4544 509 4585 non
542 4533 753 4585 tantum
780 4545 811 4585 a
839 4531 950 4585 Deo
971 4569 986 4596 ,
1019 4527 1114 4586 sed
1150 4531 1309 4586 etiam
1337 4531 1406 4586 ab
1434 4531 1685 4603 homine,
1717 4516 1846 4604 q'uia
1873 4535 1989 4605 ipse

403 4618 565 4675 homo
595 4627 683 4676 est
703 4661 717 4690 ‚
749 4621 841 4693 qui
867 4620 1028 4677 debet
1050 4621 1354 4693 inquirere,
1384 4627 1442 4677 et
1467 4620 1766 4694 intelligere
1797 4638 1988 4680 verum

404 4725 627 4766 sensum
657 4710 793 4783 legis
826 4711 1118 4782 naturalis3
1144 4716 1199 4766 et
1227 4710 1270 4765 si
1303 4726 1400 4781 per
1420 4727 1479 4768 se
1500 4727 1605 4769 non
1624 4719 1808 4784 potest
1828 4713 1880 4770 id
1904 4730 1989 4769 as·

406 4800 589 4872 sequi,
620 4800 783 4856 debet
810 4802 879 4857 ab
908 4800 1025 4856 aliis
1054 4798 1296 4867 discere,
1322 4800 1471 4873 quod
1499 4817 1659 4873 saepe
1681 4800 1790 4859 ti'eri
1811 4810 1991 4875 potest

404 4905 501 4961 per
540 4891 715 4946 solam
753 4890 1057 4967 doctrinam
1100 4891 1215 4947 sine
1255 4896 1523 4962 potestate
1566 4890 1986 4949 iurisdictionis.

404 4978 685 5046 Quomodo
730 4986 913 5036 autem
956 4979 1089 5035 haec
1123 4980 1495 5051 interpretatio
1522 4978 1799 5037 interdum
1825 4986 1990 5054 perti·

408 5074 533 5125 neat
561 5067 625 5124 ad
654 5070 1045 5126 auctoritatem
1075 5068 1402 5141 superioris,
1436 5068 1620 5125 statim
1646 5068 1849 5126 dicam.

487 5162 541 5215 6.
573 5158 929 5215 Nihilominus
958 5158 1081 5215 dico
1110 5157 1379 5214 secundo:
1407 5160 1635 5231 Propria
1663 5158 1855 5231 epiikia
1880 5177 1990 5217 non

409 5250 567 5307 habet
604 5236 788 5307 locum
826 5252 878 5305 in
908 5250 1092 5322 aliquo
1121 5256 1413 5322 praecepto
1440 5248 1711 5321 naturali,
1742 5255 1805 5306 ut
1832 5242 1990 5307 natu-

3414 350 3537 415 143

2027 493 2142 551 rale
2169 499 2286 567 est,
2315 508 2412 551 seu
2447 493 2752 555 secundum
2780 509 2837 550 se
2867 500 3137 567 spectato,
3171 493 3312 550 unde
3340 502 3517 558 neque
3543 492 3613 549 ab

2032 583 2278 653 homine,
2311 598 2486 656 neque
2518 600 2550 639 a
2591 571 2700 641 Deo
2739 584 2856 655 ipso
2885 584 2997 639 fieri
3027 590 3227 656 potest.
3259 584 3403 640 Haec
3433 590 3616 655 poste-

2033 672 2143 728 rior
2185 688 2314 743 pars
2355 673 2611 745 sequitur
2649 688 2714 729 ex
2757 674 2949 744 prima.
2981 672 3159 729 Prima
3198 686 3329 728 vero
3355 671 3617 744 probatur

2036 761 2355 818 inductione
2383 763 2437 817 in
2467 760 2670 818 eisdem
2695 762 2981 833 exemplis,
3007 778 3147 833 quae
3169 761 3254 817 alii
3283 769 3540 818 auctores
3561 764 3616 817 in

2035 851 2378 907 contrarium
2420 850 2725 907 adducunt.
2757 854 2937 909 Unum
2978 860 3066 909 est
3105 853 3170 909 de
3209 851 3327 925 lege
3356 850 3618 909 reddendi

2034 940 2342 1011 depositum
2361 981 2376 1011 ,
2406 956 2517 1013 quo
2550 941 2724 997 utitur
2748 941 3070 1012 Caietanus,
3095 942 3224 1014 quia
3254 943 3308 996 in
3336 942 3426 997 illo
3453 942 3625 998 inter-

2038 1036 2326 1102 pretamur
2359 1046 2464 1084 non
2496 1027 2736 1102 obligare
2765 1030 2814 1085 in
2844 1045 2981 1085 casu
3001 1071 3016 1101 ,
3041 1032 3095 1085 in
3123 1044 3233 1103 quo
3251 1038 3398 1087 esset
3424 1038 3621 1087 contra

2036 1119 2290 1175 iustitiam
2320 1118 2402 1173 vel
2432 1118 2713 1175 caritatem
2743 1117 3048 1191 depositum
3074 1119 3319 1175 reddere.
3346 1122 3491 1176 Haec
3521 1135 3621 1178 au-

2039 1215 2147 1266 tem
2190 1208 2560 1279 interpretatio
2602 1224 2707 1263 non
2749 1215 2836 1264 est
2873 1208 3151 1280 epiikia·in
3179 1210 3296 1281 ipso
3328 1218 3622 1282 praecepto

2039 1300 2276 1355 naturali
2320 1297 2626 1354 secundum
2667 1314 2724 1354 se
2763 1304 3044 1371 spectat03
3087 1313 3209 1353 nam
3237 1297 3368 1354 illud
3397 1314 3622 1370 praece-

2041 1395 2220 1459 ptum,
2257 1396 2317 1444 ut
2344 1390 2449 1460 sic,
2481 1394 2566 1443 est
2593 1389 2647 1443 in
2675 1394 2828 1443 recta
2850 1390 3084 1460 ratione,
3109 1394 3168 1444 et
3187 1394 3337 1444 recta
3360 1388 3494 1445 ratio
3519 1404 3625 1444 non

2036 1476 2285 1533 absolute
2307 1476 2506 1548 dictat,
2530 1475 2839 1548 depositum
2861 1492 2981 1533 esse
3003 1475 3341 1534 reddendum
3359 1516 3374 1545 ,
3399 1476 3492 1533 sed
3521 1478 3626 1533 sub

2036 1566 2325 1623 intellectis
2355 1565 2764 1637 conditionibus
2785 1608 2800 1633 ,
2841 1582 2979 1639 quas
3015 1568 3154 1623 ratio
3183 1566 3420 1623 iustitiae
3448 1574 3506 1623 et
3533 1582 3626 1623 ca-

2034 1657 2210 1713 ritatis
2251 1658 2508 1729 requirit,
2552 1664 2610 1712 et
2649 1656 2720 1712 ita
2760 1655 2852 1711 illa
2880 1656 3285 1729 interpretatio,
3317 1672 3461 1728 quae
3486 1663 3626 1712 tunc

2037 1747 2121 1813 fit,
2152 1761 2262 1801 non
2291 1753 2378 1801 est
2404 1752 2627 1817 propter
2667 1745 2974 1802 universale
2995 1787 3010 1817 ,
3046 1752 3106 1802 ut
3133 1748 3421 1803 Caietanus
3451 1746 3632 1820 loqui.-

2036 1842 2158 1906 tur,
2197 1834 2294 1891 sed
2335 1841 2418 1891 est
2457 1835 2754 1891 declaratio
2795 1852 2956 1892 verae
2999 1835 3410 1892 universalitatis
3452 1837 3629 1909 ipsius

2034 1925 2197 1998 legis,
2230 1934 2396 1998 prout
2423 1928 2475 1981 in
2505 1942 2563 1982 se
2593 1926 2700 1983 lata
2726 1932 2846 1997 est,
2877 1925 2931 1981 id
2958 1931 3045 1982 est
3079 1932 3244 1998 prout
3268 1928 3322 1981 in
3353 1935 3508 1984 recta
3536 1943 3625 1983 ra-

2040 2016 2184 2072 tione
2217 2016 2548 2073 continetur.
2585 2020 2699 2073 Non
2728 2021 2815 2071 est
2847 2031 2980 2088 ergo
3017 2014 3224 2087 epiikia.
3259 2015 3414 2072 Aliud
3443 2032 3628 2073 exem-

2036 2105 2189 2179 plum
2220 2104 2442 2161 adducit
2470 2106 2694 2161 Navarr.
2721 2120 2789 2161 ex
2816 2104 3078 2161 Clement.
3116 2110 3160 2161 l.
3187 2104 3255 2162 de
3279 2103 3539 2162 homicid.
3564 2104 3633 2161 de

2038 2202 2361 2269 praecepto,
2393 2200 2529 2253 Non
2565 2193 2823 2262 occides,
2857 2194 3008 2268 quod
3045 2210 3152 2251 non
3191 2194 3627 2267 comprehendat

2040 2288 2380 2344 occisionem
2399 2288 2453 2342 in
2476 2286 2846 2343 defensionem
2871 2285 3254 2342 necessariam.
3273 2285 3418 2342 Haec
3443 2291 3628 2342 autem

2040 2394 2146 2435 non
2175 2385 2260 2434 est
2281 2376 2496 2450 epiikia,
2521 2375 2614 2433 sed
2639 2376 2866 2448 simplex
2889 2377 3272 2447 interpretatio
3293 2376 3405 2432 veri
3429 2391 3625 2432 sensus

2038 2467 2178 2524 illius
2200 2468 2492 2540 praecepti.
2508 2466 2638 2533 Quis
2659 2466 2802 2522 enim
2825 2464 3452 2533 dicat,declarationem,
3471 2464 3622 2538 quod

2040 2556 2205 2613 libeat
2224 2558 2550 2613 auctoritate
2574 2556 2794 2628 publica
2816 2554 3068 2613 occidere
3091 2555 3494 2623 malefactores,
3518 2573 3628 2613 non

2042 2646 2293 2703 obstante
2329 2644 2519 2719 quinto
2559 2653 2854 2717 praecepto
2895 2646 3174 2718 Decalogi,
3217 2660 3338 2701 esse
3377 2645 3628 2716 epiikiam

2043 2752 2142 2791 seu
2169 2736 2595 2799 emendationem
2623 2734 2934 2807 praecepti?
2959 2736 3129 2791 Nemo
3157 2741 3308 2792 certe
3347 2735 3416 2790 ita
3447 2734 3635 2808 loqui·

2043 2833 2137 2882 tur
2155 2869 2170 2896 ,
2198 2828 2324 2899 quia
2353 2826 2530 2881 solum
2552 2833 2636 2882 est
2654 2824 2951 2881 declaratio
2974 2824 3088 2881 veri
3108 2840 3302 2881 sensus
3325 2826 3628 2898 praecepti,

2044 2914 2186 2987 idem
2207 2930 2340 2988 ergo
2367 2922 2454 2971 est
2480 2915 2547 2972 de
2579 2917 2797 2987 propria
2818 2915 3156 2984 defensione,
3183 2931 3307 2971 nam
3331 2922 3464 2971 sunt
3481 2916 3627 2972 eius-

2044 3004 2169 3061 dem
2199 3004 2440 3060 rationis.
2472 3003 2626 3060 Aliud
2662 3004 2974 3075 exemplum
3013 3003 3253 3060 eiusdem
3290 3005 3516 3069 Navarri
3545 3012 3635 3062 est

2045 3095 2098 3151 in
2126 3109 2251 3165 cap.
2295 3098 2340 3151 l.
2373 3091 2444 3149 de
2469 3096 2722 3149 iuretur.
2752 3095 2807 3149 in
2837 3096 2892 3165 6,
2925 3093 3017 3149 uhi
3045 3092 3373 3166 explicatur,
3403 3100 3630 3151 natura-

2047 3184 2153 3241 lem
2199 3184 2374 3257 legem
2413 3182 2480 3239 de
2521 3183 2792 3240 servando
2821 3183 3123 3240 iuramento
3152 3199 3258 3239 non
3288 3183 3533 3257 obligare
3564 3182 3632 3239 ad

2046 3272 2378 3331 servandum
2407 3278 2673 3328 statutum
2701 3270 2964 3329 illicitum.
2996 3273 3071 3328 De
3099 3288 3211 3345 quo
3240 3279 3476 3343 constat,
3509 3274 3635 3329 nul-

2048 3365 2153 3422 lam
2196 3363 2262 3419 ibi
2302 3378 2424 3419 esse
2449 3362 2720 3433 epiikiam,
2753 3359 2848 3417 sed
2877 3362 3055 3417 solum
3081 3360 3518 3419 declarationem
3537 3379 3638 3419 na-

2048 3460 2206 3511 turae
2231 3451 2544 3521 iuramenti,
2575 3465 2714 3525 quae
2740 3458 2826 3506 est
2851 3466 2961 3506 non
2988 3449 3226 3523 obligare
3249 3449 3315 3507 ad
3339 3450 3542 3525 aliquid
3571 3452 3636 3507 il-

2051 3544 2284 3600 licitum.
2313 3544 2384 3599 Et
2409 3543 2486 3599 ita
2513 3543 2567 3597 in
2597 3540 2682 3595 his
2709 3540 2927 3598 duobus
2955 3540 3212 3612 exemplis
3253 3542 3368 3611 ipse
3397 3542 3628 3598 Navarr.

2051 3632 2255 3689 fatetur
2282 3674 2296 3703 ,
2341 3647 2446 3687 non
2485 3645 2608 3686 esse
2647 3630 3148 3702 interpretationem
3189 3628 3428 3701 epiikiae.
3471 3630 3638 3689 Addit

2050 3738 2181 3779 vero
2207 3724 2450 3793 tertium,
2475 3722 2738 3792 sentiens,
2763 3721 2814 3775 in
2835 3736 2900 3776 eo
2922 3736 3042 3777 esse
3065 3722 3337 3793 propriam
3361 3719 3633 3792 epiikiam3

2052 3829 2178 3869 nam
2209 3813 2294 3869 lex
2323 3818 2551 3869 naturae
2582 3812 2872 3882 praecipit,
2913 3811 3215 3867 inferiorem
3253 3825 3443 3879 parere
3474 3827 3638 3895 supe-¹

2054 3904 2221 3973 riori,
2254 3918 2286 3959 a
2313 3918 2424 3975 qua
2451 3903 2511 3957 iit
2528 3900 2777 3972 exceptio
2804 3916 2902 3972 per
2922 3901 3350 3972 exemptionem,
3379 3900 3640 3971 perillam

2052 3992 2196 4049 enim
2237 3994 2322 4062 tit,
2368 3998 2430 4047 ut
2456 3991 2675 4046 interior
2701 4006 2806 4045 non
2839 3996 3090 4046 teneatur
3117 4006 3308 4061 parere
3337 3990 3625 4062 superiori.

2053 4082 2157 4139 Sed
2181 4081 2353 4137 multo
2383 4080 2560 4155 minus
2583 4079 2718 4136 haec
2742 4086 2826 4136 est
2849 4078 3072 4154 epiikia3
3099 4088 3215 4137 tum
3238 4080 3366 4152 quia
3386 4080 3642 4152 exceptio

2054 4190 2085 4229 a
2112 4172 2230 4245 lege
2264 4186 2360 4241 per
2400 4169 2739 4242 privilegium
2776 4186 2882 4225 non
2909 4177 2993 4225 est
3019 4167 3237 4242 epiikia,
3271 4176 3330 4225 ut
3357 4177 3506 4225 recte
3534 4171 3635 4226 Ca-

2055 4264 2145 4319 iet.
2177 4275 2353 4331 supra·
2373 4260 2601 4316 notavit:
2635 4259 2722 4315 illa
2751 4274 2879 4315 vero
2907 4261 3175 4329 exemptio
3203 4258 3328 4315 nihil
3351 4259 3496 4316 aliud
3519 4267 3626 4329 est,

2054 4352 2155 4407 nisi
2183 4349 2523 4423 privilegium
2559 4346 2854 4420 quoddam.
2895 4349 3031 4404 Tum
3068 4348 3227 4403 etiam
3249 4388 3264 4414 ,
3297 4348 3427 4420 quia
3452 4348 3523 4403 ibi
3555 4347 3638 4403 lex

2056 4440 2255 4497 desinit
2292 4438 2530 4511 obligare
2559 4452 2656 4507 per
2684 4436 3031 4493 mutationem
3063 4438 3346 4511 materiae,
3376 4439 3505 4510 quia
3533 4438 3644 4494 sci·

2055 4532 2186 4588 licet
2211 4530 2328 4601 ille,
2357 4530 2450 4602 qui
2478 4534 2600 4584 erat
2626 4526 2865 4596 inferior,
2898 4542 2993 4597 per
3018 4527 3412 4599 exemptionem
3441 4526 3638 4584 desinit

2055 4638 2176 4678 esse
2211 4622 2431 4677 inferior
2453 4660 2468 4691 ,
2510 4624 2573 4674 ut
2609 4618 2722 4688 ipse
2755 4619 2979 4673 Navarr.
3013 4618 3252 4689 fatetur3
3284 4625 3341 4673 at
3368 4616 3500 4674 haec
3529 4633 3638 4673 non

2055 4718 2139 4767 est
2158 4708 2378 4782 epiikia,
2403 4706 2533 4764 alias
2555 4708 2603 4762 in
2629 4708 3054 4778 praescriptione
3079 4706 3229 4761 fieret
3254 4705 3444 4778 epiikia
3465 4706 3633 4779 alege

2057 4798 2290 4857 naturali
2320 4813 2430 4854 non
2470 4792 2734 4853 retinendi
2771 4810 2884 4851 rem
2913 4794 3145 4851 alienam
3164 4834 3179 4865 ,
3210 4801 3267 4851 et
3293 4798 3370 4850 sic
3398 4795 3464 4851 de
3493 4795 3635 4861 aliis,

2056 4907 2198 4966 quae
2225 4888 2334 4947 dici
2361 4904 2467 4944 non
2499 4894 2750 4959 possunt.
2783 4886 2852 4942 Et
2875 4887 3015 4941 ratio
3043 4893 3160 4955 est,
3189 4884 3317 4957 quia
3344 4901 3440 4956 per
3463 4891 3642 4941 muta·

2056 4984 2256 5039 tionem
2299 4978 2552 5035 materiae
2593 4991 2701 5032 non
2731 4974 3055 5031 emendatur
3085 4974 3200 5044 lex,
3232 4977 3341 5029 imo
3371 4988 3471 5029 neo
3500 4974 3558 5029 iit
3586 4974 3638 5029 in

2055 5071 2149 5127 illa
2178 5070 2288 5126 ulla
2311 5066 2526 5141 propria
2543 5063 2943 5137 interpretatio,
2968 5078 3068 5120 nec
3091 5064 3340 5134 mutatio,
3365 5061 3462 5119 sed
3491 5078 3640 5119 mera

2058 5160 2294 5219 cessatio
2341 5174 2438 5229 per
2483 5153 2977 5212 denominationem
3025 5154 3393 5211 extrinsecam
3417 5194 3431 5221 ,
3485 5159 3547 5207 ut
3593 5154 3649 5207 in

2057 5266 2182 5322 cap.
2213 5250 2349 5306 xiil.
2383 5246 2730 5305 declaratum
2757 5250 2861 5301 est.
3516 5245 3523 5252 ’
