<?xml version="1.0" encoding="UTF-8"?>
<!DOCTYPE html PUBLIC "-//W3C//DTD XHTML 1.0 Transitional//EN"
    "http://www.w3.org/TR/xhtml1/DTD/xhtml1-transitional.dtd">
<html xmlns="http://www.w3.org/1999/xhtml" xml:lang="en" lang="en">
 <head>
  <title>
</title>
<meta http-equiv="Content-Type" content="text/html;charset=utf-8" />
  <meta name='ocr-system' content='tesseract 3.04.00' />
  <meta name='ocr-capabilities' content='ocr_page ocr_carea ocr_par ocr_line ocrx_word'/>
</head>
<body>
  <div class='ocr_page' id='page_1' title='image "./tractatusdelegi01sugoog_0356.png"; bbox 0 0 4325 6267; ppageno 0'>
   <div class='ocr_carea' id='block_1_1' title="bbox 754 373 879 437">
    <p class='ocr_par' dir='ltr' id='par_1_1' title="bbox 754 373 879 437">
     <span class='ocr_line' id='line_1_1' title="bbox 754 373 879 437; baseline 0 0"><span class='ocrx_word' id='word_1_1' title='bbox 754 373 879 437; x_wconf 73' lang='lat'><strong>344</strong></span> 
     </span>
    </p>
   </div>
   <div class='ocr_carea' id='block_1_2' title="bbox 610 504 2289 2195">
    <p class='ocr_par' dir='ltr' id='par_1_2' title="bbox 672 504 2287 1033">
     <span class='ocr_line' id='line_1_2' title="bbox 672 504 2287 587; baseline -0.005 -16"><span class='ocrx_word' id='word_1_2' title='bbox 672 530 787 587; x_wconf 84' lang='lat' dir='ltr'><strong>quo</strong></span> <span class='ocrx_word' id='word_1_3' title='bbox 816 514 875 571; x_wconf 80' lang='lat' dir='ltr'><strong>iit</strong></span> <span class='ocrx_word' id='word_1_4' title='bbox 912 512 1055 570; x_wconf 87' lang='lat' dir='ltr'><strong>inter</strong></span> <span class='ocrx_word' id='word_1_5' title='bbox 1082 512 1327 571; x_wconf 85' lang='lat' dir='ltr'><strong>homines</strong></span> <span class='ocrx_word' id='word_1_6' title='bbox 1349 552 1365 585; x_wconf 93' lang='lat'><strong>,</strong></span> <span class='ocrx_word' id='word_1_7' title='bbox 1396 514 1711 569; x_wconf 84' lang='lat' dir='ltr'><strong>necessario</strong></span> <span class='ocrx_word' id='word_1_8' title='bbox 1747 508 2029 585; x_wconf 80' lang='lat' dir='ltr'><strong>postulet,</strong></span> <span class='ocrx_word' id='word_1_9' title='bbox 2068 513 2133 565; x_wconf 90' lang='lat' dir='ltr'><strong>ut</strong></span> <span class='ocrx_word' id='word_1_10' title='bbox 2157 504 2287 563; x_wconf 89' lang='lat' dir='ltr'><strong>licet</strong></span> 
     </span>
     <span class='ocr_line' id='line_1_3' title="bbox 677 594 2286 677; baseline -0.007 -16"><span class='ocrx_word' id='word_1_11' title='bbox 677 609 909 677; x_wconf 90' lang='lat' dir='ltr'><strong>peccata</strong></span> <span class='ocrx_word' id='word_1_12' title='bbox 937 604 1046 659; x_wconf 89' lang='lat' dir='ltr'><strong>sint</strong></span> <span class='ocrx_word' id='word_1_13' title='bbox 1084 603 1306 658; x_wconf 88' lang='lat' dir='ltr'><strong>omnino</strong></span> <span class='ocrx_word' id='word_1_14' title='bbox 1344 602 1586 672; x_wconf 84' lang='lat' dir='ltr'><strong>interna,</strong></span> <span class='ocrx_word' id='word_1_15' title='bbox 1619 616 1718 675; x_wconf 93' lang='lat' dir='ltr'><strong>per</strong></span> <span class='ocrx_word' id='word_1_16' title='bbox 1758 606 2041 658; x_wconf 87' lang='lat' dir='ltr'><strong>externam</strong></span> <span class='ocrx_word' id='word_1_17' title='bbox 2070 594 2286 653; x_wconf 76' lang='lat' dir='ltr'><strong>conses-</strong></span> 
     </span>
     <span class='ocr_line' id='line_1_4' title="bbox 675 683 2286 758; baseline -0.006 -9"><span class='ocrx_word' id='word_1_18' title='bbox 675 694 885 751; x_wconf 89' lang='lat' dir='ltr'><strong>sionem</strong></span> <span class='ocrx_word' id='word_1_19' title='bbox 908 690 976 749; x_wconf 92' lang='lat' dir='ltr'><strong>ad</strong></span> <span class='ocrx_word' id='word_1_20' title='bbox 1002 690 1108 748; x_wconf 89' lang='lat' dir='ltr'><strong>tale</strong></span> <span class='ocrx_word' id='word_1_21' title='bbox 1130 690 1393 749; x_wconf 88' lang='lat' dir='ltr'><strong>iudicium</strong></span> <span class='ocrx_word' id='word_1_22' title='bbox 1415 690 1755 749; x_wconf 78' lang='lat' dir='ltr'><strong>deserantur.</strong></span> <span class='ocrx_word' id='word_1_23' title='bbox 1770 687 1930 758; x_wconf 81' lang='lat' dir='ltr'><strong>Quod</strong></span> <span class='ocrx_word' id='word_1_24' title='bbox 1953 687 2105 745; x_wconf 89' lang='lat' dir='ltr'><strong>solus</strong></span> <span class='ocrx_word' id='word_1_25' title='bbox 2125 683 2286 743; x_wconf 86' lang='lat' dir='ltr'><strong>Chri-</strong></span> 
     </span>
     <span class='ocr_line' id='line_1_5' title="bbox 674 775 2287 852; baseline -0.005 -15"><span class='ocrx_word' id='word_1_26' title='bbox 674 781 797 839; x_wconf 87' lang='lat' dir='ltr'><strong>st&#39;us</strong></span> <span class='ocrx_word' id='word_1_27' title='bbox 826 780 1141 850; x_wconf 78' lang='lat' dir='ltr'><strong>instituere,</strong></span> <span class='ocrx_word' id='word_1_28' title='bbox 1171 787 1228 838; x_wconf 88' lang='lat' dir='ltr'><strong>et</strong></span> <span class='ocrx_word' id='word_1_29' title='bbox 1264 780 1521 852; x_wconf 88' lang='lat' dir='ltr'><strong>primario</strong></span> <span class='ocrx_word' id='word_1_30' title='bbox 1552 780 1869 852; x_wconf 75' lang='lat' dir='ltr'>praecipere</span> <span class='ocrx_word' id='word_1_31' title='bbox 1904 777 2105 850; x_wconf 85' lang='lat' dir='ltr'><strong>potuit.</strong></span> <span class='ocrx_word' id='word_1_32' title='bbox 2136 775 2287 841; x_wconf 81' lang='lat' dir='ltr'><strong>Quo-</strong></span> 
     </span>
     <span class='ocr_line' id='line_1_6' title="bbox 673 862 2284 939; baseline -0.005 -12"><span class='ocrx_word' id='word_1_33' title='bbox 673 868 837 928; x_wconf 86' lang='lat' dir='ltr'><strong>modo</strong></span> <span class='ocrx_word' id='word_1_34' title='bbox 873 875 1059 927; x_wconf 88' lang='lat' dir='ltr'><strong>autem</strong></span> <span class='ocrx_word' id='word_1_35' title='bbox 1084 868 1460 927; x_wconf 87' lang='lat' dir='ltr'><strong>ecclesiastica</strong></span> <span class='ocrx_word' id='word_1_36' title='bbox 1494 870 1659 927; x_wconf 87' lang='lat' dir='ltr'><strong>etiam</strong></span> <span class='ocrx_word' id='word_1_37' title='bbox 1696 868 1783 927; x_wconf 87' lang='lat' dir='ltr'><strong>lex</strong></span> <span class='ocrx_word' id='word_1_38' title='bbox 1817 870 1873 925; x_wconf 92' lang='lat' dir='ltr'><strong>in</strong></span> <span class='ocrx_word' id='word_1_39' title='bbox 1915 866 2019 924; x_wconf 87' lang='lat' dir='ltr'><strong>bac</strong></span> <span class='ocrx_word' id='word_1_40' title='bbox 2049 862 2284 939; x_wconf 81' lang='lat' dir='ltr'><strong>materia</strong></span> 
     </span>
     <span class='ocr_line' id='line_1_7' title="bbox 681 957 1958 1033; baseline -0.004 -16"><span class='ocrx_word' id='word_1_41' title='bbox 681 961 887 1017; x_wconf 86' lang='lat' dir='ltr'><strong>versari</strong></span> <span class='ocrx_word' id='word_1_42' title='bbox 918 959 1115 1032; x_wconf 90' lang='lat' dir='ltr'><strong>possit,</strong></span> <span class='ocrx_word' id='word_1_43' title='bbox 1144 960 1200 1015; x_wconf 92' lang='lat' dir='ltr'><strong>in</strong></span> <span class='ocrx_word' id='word_1_44' title='bbox 1227 961 1407 1032; x_wconf 88' lang='lat' dir='ltr'><strong>capite</strong></span> <span class='ocrx_word' id='word_1_45' title='bbox 1436 960 1686 1033; x_wconf 81' lang='lat' dir='ltr'>sequenti</span> <span class='ocrx_word' id='word_1_46' title='bbox 1716 957 1958 1016; x_wconf 89' lang='lat' dir='ltr'><strong>dicetur.</strong></span> 
     </span>
    </p>

    <p class='ocr_par' dir='ltr' id='par_1_3' title="bbox 610 1044 2289 2195">
     <span class='ocr_line' id='line_1_8' title="bbox 756 1044 2286 1121; baseline -0.005 -14"><span class='ocrx_word' id='word_1_47' title='bbox 756 1054 815 1107; x_wconf 83' lang='grc'><strong>9.</strong></span> <span class='ocrx_word' id='word_1_48' title='bbox 846 1048 1165 1108; x_wconf 88' lang='lat' dir='ltr'><strong>Secundum</strong></span> <span class='ocrx_word' id='word_1_49' title='bbox 1191 1049 1507 1121; x_wconf 77' lang='lat' dir='ltr'><strong>exemplum</strong></span> <span class='ocrx_word' id='word_1_50' title='bbox 1534 1056 1653 1106; x_wconf 87' lang='lat' dir='ltr'><strong>erat</strong></span> <span class='ocrx_word' id='word_1_51' title='bbox 1672 1047 1739 1105; x_wconf 91' lang='lat' dir='ltr'><strong>de</strong></span> <span class='ocrx_word' id='word_1_52' title='bbox 1768 1052 2040 1120; x_wconf 75' lang='lat' dir='ltr'><strong>potestate</strong></span> <span class='ocrx_word' id='word_1_53' title='bbox 2068 1044 2286 1117; x_wconf 87' lang='lat' dir='ltr'><strong>dispen-</strong></span> 
     </span>
     <span class='ocr_line' id='line_1_9' title="bbox 610 1135 2281 1211; baseline -0.006 -12"><span class='ocrx_word' id='word_1_54' title='bbox 610 1190 617 1199; x_wconf 97' lang='lat'>.</span> <span class='ocrx_word' id='word_1_55' title='bbox 684 1140 839 1197; x_wconf 88' lang='lat' dir='ltr'><strong>sandi</strong></span> <span class='ocrx_word' id='word_1_56' title='bbox 870 1139 921 1196; x_wconf 91' lang='lat' dir='ltr'><strong>in</strong></span> <span class='ocrx_word' id='word_1_57' title='bbox 950 1140 1091 1197; x_wconf 78' lang='lat' dir='ltr'><strong>votis</strong></span> <span class='ocrx_word' id='word_1_58' title='bbox 1109 1182 1123 1211; x_wconf 90' lang='lat'>‚</span> <span class='ocrx_word' id='word_1_59' title='bbox 1149 1140 1360 1197; x_wconf 88' lang='lat' dir='ltr'><strong>etiamsi</strong></span> <span class='ocrx_word' id='word_1_60' title='bbox 1380 1138 1497 1196; x_wconf 89' lang='lat' dir='ltr'><strong>sola</strong></span> <span class='ocrx_word' id='word_1_61' title='bbox 1524 1146 1703 1197; x_wconf 89' lang='lat' dir='ltr'><strong>mente</strong></span> <span class='ocrx_word' id='word_1_62' title='bbox 1728 1136 1953 1195; x_wconf 89' lang='lat' dir='ltr'><strong>interius</strong></span> <span class='ocrx_word' id='word_1_63' title='bbox 1980 1136 2128 1193; x_wconf 85' lang='lat' dir='ltr'><strong>sacta</strong></span> <span class='ocrx_word' id='word_1_64' title='bbox 2150 1135 2281 1190; x_wconf 90' lang='lat' dir='ltr'><strong>sint.</strong></span> 
     </span>
     <span class='ocr_line' id='line_1_10' title="bbox 678 1222 2288 1303; baseline -0.005 -16"><span class='ocrx_word' id='word_1_65' title='bbox 678 1228 763 1289; x_wconf 78' lang='lat' dir='ltr'><strong>Ad</strong></span> <span class='ocrx_word' id='word_1_66' title='bbox 792 1245 933 1303; x_wconf 89' lang='lat' dir='ltr'><strong>quos</strong></span> <span class='ocrx_word' id='word_1_67' title='bbox 961 1228 1291 1301; x_wconf 75' lang='lat' dir='ltr'><strong>respondeo,</strong></span> <span class='ocrx_word' id='word_1_68' title='bbox 1320 1246 1427 1288; x_wconf 92' lang='lat' dir='ltr'><strong>non</strong></span> <span class='ocrx_word' id='word_1_69' title='bbox 1456 1244 1579 1286; x_wconf 84' lang='lat' dir='ltr'><strong>esse</strong></span> <span class='ocrx_word' id='word_1_70' title='bbox 1606 1227 1833 1287; x_wconf 82' lang='lat' dir='ltr'><strong>similem</strong></span> <span class='ocrx_word' id='word_1_71' title='bbox 1861 1226 2150 1283; x_wconf 88' lang='lat' dir='ltr'><strong>rationem.</strong></span> <span class='ocrx_word' id='word_1_72' title='bbox 2174 1222 2288 1281; x_wconf 87' lang='lat' dir='ltr'><strong>Pri·</strong></span> 
     </span>
     <span class='ocr_line' id='line_1_11' title="bbox 676 1311 2288 1392; baseline -0.005 -15"><span class='ocrx_word' id='word_1_73' title='bbox 676 1334 799 1389; x_wconf 91' lang='lat' dir='ltr'><strong>mo,</strong></span> <span class='ocrx_word' id='word_1_74' title='bbox 830 1318 959 1392; x_wconf 88' lang='lat' dir='ltr'><strong>quia</strong></span> <span class='ocrx_word' id='word_1_75' title='bbox 987 1318 1077 1375; x_wconf 91' lang='lat' dir='ltr'><strong>illa</strong></span> <span class='ocrx_word' id='word_1_76' title='bbox 1116 1324 1357 1391; x_wconf 88' lang='lat' dir='ltr'><strong>potestas</strong></span> <span class='ocrx_word' id='word_1_77' title='bbox 1386 1335 1493 1377; x_wconf 91' lang='lat' dir='ltr'><strong>non</strong></span> <span class='ocrx_word' id='word_1_78' title='bbox 1521 1324 1607 1376; x_wconf 91' lang='lat' dir='ltr'><strong>est</strong></span> <span class='ocrx_word' id='word_1_79' title='bbox 1633 1318 1915 1389; x_wconf 81' lang='lat' dir='ltr'><strong>coactiva,</strong></span> <span class='ocrx_word' id='word_1_80' title='bbox 1946 1311 2288 1373; x_wconf 85' lang='lat' dir='ltr'><strong>sed-iurisdi-</strong></span> 
     </span>
     <span class='ocr_line' id='line_1_12' title="bbox 675 1404 2286 1480; baseline -0.004 -15"><span class='ocrx_word' id='word_1_81' title='bbox 675 1409 876 1465; x_wconf 90' lang='lat' dir='ltr'><strong>ctionis</strong></span> <span class='ocrx_word' id='word_1_82' title='bbox 897 1406 1257 1477; x_wconf 82' lang='lat' dir='ltr'><strong>voluntariae,</strong></span> <span class='ocrx_word' id='word_1_83' title='bbox 1271 1415 1327 1465; x_wconf 93' lang='lat' dir='ltr'><strong>et</strong></span> <span class='ocrx_word' id='word_1_84' title='bbox 1346 1410 1471 1466; x_wconf 90' lang='lat' dir='ltr'><strong>ideo</strong></span> <span class='ocrx_word' id='word_1_85' title='bbox 1495 1410 1695 1467; x_wconf 90' lang='lat' dir='ltr'><strong>mirum</strong></span> <span class='ocrx_word' id='word_1_86' title='bbox 1712 1404 1825 1464; x_wconf 59' lang='lat' dir='ltr'><strong>non*</strong></span> <span class='ocrx_word' id='word_1_87' title='bbox 1839 1414 1947 1478; x_wconf 90' lang='lat' dir='ltr'><strong>est,</strong></span> <span class='ocrx_word' id='word_1_88' title='bbox 1961 1404 2109 1480; x_wconf 90' lang='lat' dir='ltr'><strong>quod</strong></span> <span class='ocrx_word' id='word_1_89' title='bbox 2124 1404 2286 1460; x_wconf 89' lang='lat' dir='ltr'><strong>etiam</strong></span> 
     </span>
     <span class='ocr_line' id='line_1_13' title="bbox 677 1494 2286 1569; baseline -0.003 -16"><span class='ocrx_word' id='word_1_90' title='bbox 677 1496 830 1553; x_wconf 86' lang='lat' dir='ltr'><strong>circa</strong></span> <span class='ocrx_word' id='word_1_91' title='bbox 848 1502 1011 1555; x_wconf 90' lang='lat' dir='ltr'><strong>actus</strong></span> <span class='ocrx_word' id='word_1_92' title='bbox 1033 1498 1275 1553; x_wconf 86' lang='lat' dir='ltr'><strong>internos</strong></span> <span class='ocrx_word' id='word_1_93' title='bbox 1297 1495 1425 1554; x_wconf 92' lang='lat' dir='ltr'><strong>data</strong></span> <span class='ocrx_word' id='word_1_94' title='bbox 1446 1498 1535 1554; x_wconf 92' lang='lat' dir='ltr'><strong>sit.</strong></span> <span class='ocrx_word' id='word_1_95' title='bbox 1563 1494 1844 1568; x_wconf 88' lang='lat' dir='ltr'><strong>Secundo,</strong></span> <span class='ocrx_word' id='word_1_96' title='bbox 1868 1496 2001 1569; x_wconf 90' lang='lat' dir='ltr'><strong>quia</strong></span> <span class='ocrx_word' id='word_1_97' title='bbox 2022 1494 2157 1551; x_wconf 88' lang='lat' dir='ltr'><strong>baec</strong></span> <span class='ocrx_word' id='word_1_98' title='bbox 2189 1508 2286 1565; x_wconf 88' lang='lat' dir='ltr'><strong>po·</strong></span> 
     </span>
     <span class='ocr_line' id='line_1_14' title="bbox 678 1582 2272 1659; baseline -0.002 -17"><span class='ocrx_word' id='word_1_99' title='bbox 678 1591 851 1643; x_wconf 87' lang='lat' dir='ltr'><strong>testas</strong></span> <span class='ocrx_word' id='word_1_100' title='bbox 872 1585 1049 1659; x_wconf 89' lang='lat' dir='ltr'><strong>magis</strong></span> <span class='ocrx_word' id='word_1_101' title='bbox 1076 1586 1295 1657; x_wconf 80' lang='lat' dir='ltr'><strong>respicit</strong></span> <span class='ocrx_word' id='word_1_102' title='bbox 1315 1585 1497 1644; x_wconf 78' lang='lat' dir='ltr'><strong>sorum</strong></span> <span class='ocrx_word' id='word_1_103' title='bbox 1518 1586 1750 1656; x_wconf 91' lang='lat' dir='ltr'><strong>animae,</strong></span> <span class='ocrx_word' id='word_1_104' title='bbox 1776 1601 1875 1642; x_wconf 90' lang='lat' dir='ltr'><strong>seu</strong></span> <span class='ocrx_word' id='word_1_105' title='bbox 1902 1586 2021 1642; x_wconf 89' lang='lat' dir='ltr'><strong>eius</strong></span> <span class='ocrx_word' id='word_1_106' title='bbox 2041 1582 2272 1653; x_wconf 90' lang='lat' dir='ltr'><strong>bonum,</strong></span> 
     </span>
     <span class='ocr_line' id='line_1_15' title="bbox 678 1672 2288 1749; baseline -0.002 -17"><span class='ocrx_word' id='word_1_107' title='bbox 678 1690 845 1749; x_wconf 85' lang='lat' dir='ltr'><strong>quam</strong></span> <span class='ocrx_word' id='word_1_108' title='bbox 870 1682 1152 1731; x_wconf 82' lang='lat' dir='ltr'><strong>externam</strong></span> <span class='ocrx_word' id='word_1_109' title='bbox 1176 1674 1631 1748; x_wconf 80' lang='lat' dir='ltr'><strong>gubernationem</strong></span> <span class='ocrx_word' id='word_1_110' title='bbox 1659 1673 1964 1743; x_wconf 80' lang='lat' dir='ltr'><strong>Ecclesiae,</strong></span> <span class='ocrx_word' id='word_1_111' title='bbox 1989 1678 2045 1730; x_wconf 91' lang='lat' dir='ltr'><strong>et</strong></span> <span class='ocrx_word' id='word_1_112' title='bbox 2067 1672 2192 1729; x_wconf 91' lang='lat' dir='ltr'><strong>ideo</strong></span> <span class='ocrx_word' id='word_1_113' title='bbox 2219 1686 2288 1729; x_wconf 88' lang='lat' dir='ltr'><strong>ex</strong></span> 
     </span>
     <span class='ocr_line' id='line_1_16' title="bbox 679 1764 2278 1839; baseline -0.001 -19"><span class='ocrx_word' id='word_1_114' title='bbox 679 1764 783 1822; x_wconf 86' lang='lat' dir='ltr'><strong>hac</strong></span> <span class='ocrx_word' id='word_1_115' title='bbox 825 1772 977 1836; x_wconf 88' lang='lat' dir='ltr'><strong>parte</strong></span> <span class='ocrx_word' id='word_1_116' title='bbox 1006 1766 1202 1822; x_wconf 90' lang='lat' dir='ltr'><strong>merito</strong></span> <span class='ocrx_word' id='word_1_117' title='bbox 1242 1765 1456 1823; x_wconf 82' lang='lat' dir='ltr'><strong>extendi</strong></span> <span class='ocrx_word' id='word_1_118' title='bbox 1496 1766 1674 1839; x_wconf 91' lang='lat' dir='ltr'><strong>potuit</strong></span> <span class='ocrx_word' id='word_1_119' title='bbox 1699 1764 1769 1822; x_wconf 89' lang='lat' dir='ltr'><strong>ad</strong></span> <span class='ocrx_word' id='word_1_120' title='bbox 1809 1770 1969 1821; x_wconf 89' lang='lat' dir='ltr'><strong>actus</strong></span> <span class='ocrx_word' id='word_1_121' title='bbox 2012 1764 2278 1820; x_wconf 86' lang='lat' dir='ltr'><strong>internos.</strong></span> 
     </span>
     <span class='ocr_line' id='line_1_17' title="bbox 678 1851 2288 1928; baseline -0.002 -17"><span class='ocrx_word' id='word_1_122' title='bbox 678 1853 1025 1924; x_wconf 77' lang='lat' dir='ltr'><strong>Declaratur,</strong></span> <span class='ocrx_word' id='word_1_123' title='bbox 1050 1854 1179 1926; x_wconf 87' lang='lat' dir='ltr'><strong>quia</strong></span> <span class='ocrx_word' id='word_1_124' title='bbox 1205 1854 1341 1913; x_wconf 87' lang='lat' dir='ltr'><strong>haee</strong></span> <span class='ocrx_word' id='word_1_125' title='bbox 1370 1861 1611 1928; x_wconf 88' lang='lat' dir='ltr'><strong>potestas</strong></span> <span class='ocrx_word' id='word_1_126' title='bbox 1639 1854 1769 1913; x_wconf 90' lang='lat' dir='ltr'><strong>data</strong></span> <span class='ocrx_word' id='word_1_127' title='bbox 1796 1862 1941 1912; x_wconf 89' lang='lat' dir='ltr'><strong>esta</strong></span> <span class='ocrx_word' id='word_1_128' title='bbox 1965 1856 2075 1911; x_wconf 87' lang='lat' dir='ltr'><strong>Deo</strong></span> <span class='ocrx_word' id='word_1_129' title='bbox 2104 1851 2176 1909; x_wconf 88' lang='lat' dir='ltr'><strong>ad</strong></span> <span class='ocrx_word' id='word_1_130' title='bbox 2203 1866 2288 1909; x_wconf 90' lang='lat' dir='ltr'><strong>re-</strong></span> 
     </span>
     <span class='ocr_line' id='line_1_18' title="bbox 690 1942 2289 2017; baseline -0.002 -16"><span class='ocrx_word' id='word_1_131' title='bbox 690 1942 1017 2001; x_wconf 88' lang='lat' dir='ltr'><strong>mittendum</strong></span> <span class='ocrx_word' id='word_1_132' title='bbox 1050 1944 1265 2003; x_wconf 88' lang='lat' dir='ltr'><strong>nomine</strong></span> <span class='ocrx_word' id='word_1_133' title='bbox 1292 1945 1411 2002; x_wconf 90' lang='lat' dir='ltr'><strong>eius</strong></span> <span class='ocrx_word' id='word_1_134' title='bbox 1438 1944 1821 2017; x_wconf 80' lang='lat' dir='ltr'><strong>obligationem</strong></span> <span class='ocrx_word' id='word_1_135' title='bbox 1852 1943 1924 2000; x_wconf 91' lang='lat' dir='ltr'><strong>illi</strong></span> <span class='ocrx_word' id='word_1_136' title='bbox 1962 1943 2162 2000; x_wconf 88' lang='lat' dir='ltr'><strong>saetam</strong></span> <span class='ocrx_word' id='word_1_137' title='bbox 2191 1956 2289 2015; x_wconf 89' lang='lat' dir='ltr'><strong>per</strong></span> 
     </span>
     <span class='ocr_line' id='line_1_19' title="bbox 679 2021 2288 2105; baseline -0.001 -16"><span class='ocrx_word' id='word_1_138' title='bbox 679 2032 911 2090; x_wconf 87' lang='lat' dir='ltr'><strong>bominis</strong></span> <span class='ocrx_word' id='word_1_139' title='bbox 958 2033 1373 2105; x_wconf 89' lang='lat' dir='ltr'><strong>promissionem</strong></span> <span class='ocrx_word' id='word_1_140' title='bbox 1400 2077 1415 2105; x_wconf 88' lang='lat'>‚</span> <span class='ocrx_word' id='word_1_141' title='bbox 1456 2040 1514 2092; x_wconf 89' lang='lat' dir='ltr'><strong>et</strong></span> <span class='ocrx_word' id='word_1_142' title='bbox 1552 2021 1625 2090; x_wconf 76' lang='lat' dir='ltr'><strong>ita</strong></span> <span class='ocrx_word' id='word_1_143' title='bbox 1664 2034 1785 2091; x_wconf 88' lang='lat' dir='ltr'><strong>eius</strong></span> <span class='ocrx_word' id='word_1_144' title='bbox 1826 2039 1991 2090; x_wconf 88' lang='lat' dir='ltr'><strong>aetus</strong></span> <span class='ocrx_word' id='word_1_145' title='bbox 2030 2037 2288 2089; x_wconf 81' lang='lat' dir='ltr'><strong>versatur</strong></span> 
     </span>
     <span class='ocr_line' id='line_1_20' title="bbox 680 2120 2282 2195; baseline -0.001 -17"><span class='ocrx_word' id='word_1_146' title='bbox 680 2128 893 2179; x_wconf 91' lang='lat' dir='ltr'><strong>tantum</strong></span> <span class='ocrx_word' id='word_1_147' title='bbox 921 2122 1066 2179; x_wconf 85' lang='lat' dir='ltr'><strong>inter</strong></span> <span class='ocrx_word' id='word_1_148' title='bbox 1106 2120 1378 2180; x_wconf 84' lang='lat' dir='ltr'><strong>bominem</strong></span> <span class='ocrx_word' id='word_1_149' title='bbox 1405 2129 1461 2181; x_wconf 92' lang='lat' dir='ltr'><strong>et</strong></span> <span class='ocrx_word' id='word_1_150' title='bbox 1498 2125 1695 2195; x_wconf 86' lang='lat' dir='ltr'><strong>Deum,</strong></span> <span class='ocrx_word' id='word_1_151' title='bbox 1738 2121 1967 2194; x_wconf 88' lang='lat' dir='ltr'><strong>ideoque</strong></span> <span class='ocrx_word' id='word_1_152' title='bbox 1996 2122 2048 2176; x_wconf 91' lang='lat' dir='ltr'><strong>in</strong></span> <span class='ocrx_word' id='word_1_153' title='bbox 2090 2125 2282 2177; x_wconf 89' lang='lat' dir='ltr'><strong>actum</strong></span> 
     </span>
    </p>
   </div>
   <div class='ocr_carea' id='block_1_3' title="bbox 559 2211 2284 2284">
    <p class='ocr_par' dir='ltr' id='par_1_4' title="bbox 559 2211 2284 2284">
     <span class='ocr_line' id='line_1_21' title="bbox 559 2211 2284 2284; baseline -0.001 -17"><span class='ocrx_word' id='word_1_154' title='bbox 559 2233 570 2245; x_wconf 88' lang='lat'><strong>·</strong></span> <span class='ocrx_word' id='word_1_155' title='bbox 681 2211 995 2269; x_wconf 89' lang='lat' dir='ltr'><strong>interiorem</strong></span> <span class='ocrx_word' id='word_1_156' title='bbox 1033 2212 1200 2269; x_wconf 90' lang='lat' dir='ltr'><strong>cadit.</strong></span> <span class='ocrx_word' id='word_1_157' title='bbox 1235 2213 1350 2270; x_wconf 86' lang='lat' dir='ltr'><strong>lmo</strong></span> <span class='ocrx_word' id='word_1_158' title='bbox 1371 2252 1387 2284; x_wconf 93' lang='lat'><strong>,</strong></span> <span class='ocrx_word' id='word_1_159' title='bbox 1418 2214 1464 2269; x_wconf 90' lang='lat' dir='ltr'><strong>si</strong></span> <span class='ocrx_word' id='word_1_160' title='bbox 1500 2220 1707 2270; x_wconf 88' lang='lat' dir='ltr'><strong>attente</strong></span> <span class='ocrx_word' id='word_1_161' title='bbox 1742 2227 1832 2269; x_wconf 90' lang='lat' dir='ltr'><strong>res</strong></span> <span class='ocrx_word' id='word_1_162' title='bbox 1870 2211 2284 2283; x_wconf 85' lang='lat' dir='ltr'><strong>consideretur,</strong></span> 
     </span>
    </p>
   </div>
   <div class='ocr_carea' id='block_1_4' title="bbox 680 2300 2294 2819">
    <p class='ocr_par' dir='ltr' id='par_1_5' title="bbox 680 2300 2294 2819">
     <span class='ocr_line' id='line_1_22' title="bbox 680 2300 2278 2376; baseline -0.002 -17"><span class='ocrx_word' id='word_1_163' title='bbox 680 2302 901 2375; x_wconf 90' lang='lat' dir='ltr'><strong>propria</strong></span> <span class='ocrx_word' id='word_1_164' title='bbox 927 2304 1040 2360; x_wconf 84' lang='lat' dir='ltr'><strong>voti</strong></span> <span class='ocrx_word' id='word_1_165' title='bbox 1066 2301 1347 2375; x_wconf 83' lang='lat' dir='ltr'><strong>obligatio,</strong></span> <span class='ocrx_word' id='word_1_166' title='bbox 1372 2319 1515 2376; x_wconf 85' lang='lat' dir='ltr'><strong>quae</strong></span> <span class='ocrx_word' id='word_1_167' title='bbox 1544 2317 1640 2375; x_wconf 90' lang='lat' dir='ltr'><strong>per</strong></span> <span class='ocrx_word' id='word_1_168' title='bbox 1666 2304 1784 2359; x_wconf 90' lang='lat' dir='ltr'><strong>eius</strong></span> <span class='ocrx_word' id='word_1_169' title='bbox 1812 2300 2278 2373; x_wconf 82' lang='lat' dir='ltr'><strong>dispensationem</strong></span> 
     </span>
     <span class='ocr_line' id='line_1_23' title="bbox 681 2390 2291 2463; baseline -0.002 -14"><span class='ocrx_word' id='word_1_170' title='bbox 681 2391 922 2461; x_wconf 90' lang='lat' dir='ltr'><strong>tollitur,</strong></span> <span class='ocrx_word' id='word_1_171' title='bbox 957 2406 1055 2463; x_wconf 89' lang='lat' dir='ltr'><strong>per</strong></span> <span class='ocrx_word' id='word_1_172' title='bbox 1094 2400 1283 2451; x_wconf 89' lang='lat' dir='ltr'><strong>actum</strong></span> <span class='ocrx_word' id='word_1_173' title='bbox 1312 2391 1587 2449; x_wconf 90' lang='lat' dir='ltr'><strong>internum</strong></span> <span class='ocrx_word' id='word_1_174' title='bbox 1624 2390 1941 2462; x_wconf 81' lang='lat' dir='ltr'><strong>inducitur3</strong></span> <span class='ocrx_word' id='word_1_175' title='bbox 1973 2405 2100 2448; x_wconf 90' lang='lat' dir='ltr'><strong>nam</strong></span> <span class='ocrx_word' id='word_1_176' title='bbox 2139 2394 2291 2446; x_wconf 82' lang='lat' dir='ltr'><strong>exte·</strong></span> 
     </span>
     <span class='ocr_line' id='line_1_24' title="bbox 680 2479 2286 2555; baseline -0.001 -18"><span class='ocrx_word' id='word_1_177' title='bbox 680 2482 793 2539; x_wconf 89' lang='lat' dir='ltr'><strong>rior</strong></span> <span class='ocrx_word' id='word_1_178' title='bbox 822 2479 1052 2553; x_wconf 88' lang='lat' dir='ltr'><strong>prolatio</strong></span> <span class='ocrx_word' id='word_1_179' title='bbox 1073 2482 1183 2538; x_wconf 86' lang='lat' dir='ltr'><strong>voti</strong></span> <span class='ocrx_word' id='word_1_180' title='bbox 1212 2482 1387 2555; x_wconf 87' lang='lat' dir='ltr'><strong>magis</strong></span> <span class='ocrx_word' id='word_1_181' title='bbox 1414 2489 1522 2553; x_wconf 90' lang='lat' dir='ltr'><strong>est,</strong></span> <span class='ocrx_word' id='word_1_182' title='bbox 1548 2487 1611 2538; x_wconf 91' lang='lat' dir='ltr'><strong>ut</strong></span> <span class='ocrx_word' id='word_1_183' title='bbox 1636 2480 1947 2538; x_wconf 87' lang='lat' dir='ltr'><strong>bominibus</strong></span> <span class='ocrx_word' id='word_1_184' title='bbox 1968 2481 2286 2537; x_wconf 87' lang='lat' dir='ltr'><strong>innotescat</strong></span> 
     </span>
     <span class='ocr_line' id='line_1_25' title="bbox 682 2568 2292 2643; baseline -0.001 -16"><span class='ocrx_word' id='word_1_185' title='bbox 682 2569 940 2641; x_wconf 81' lang='lat' dir='ltr'><strong>obligatio</strong></span> <span class='ocrx_word' id='word_1_186' title='bbox 972 2568 1106 2639; x_wconf 78' lang='lat' dir='ltr'><strong>voti,</strong></span> <span class='ocrx_word' id='word_1_187' title='bbox 1130 2585 1295 2643; x_wconf 88' lang='lat' dir='ltr'><strong>quam</strong></span> <span class='ocrx_word' id='word_1_188' title='bbox 1322 2570 1470 2643; x_wconf 89' lang='lat' dir='ltr'><strong>apud</strong></span> <span class='ocrx_word' id='word_1_189' title='bbox 1498 2572 1670 2628; x_wconf 86' lang='lat' dir='ltr'><strong>Deum</strong></span> <span class='ocrx_word' id='word_1_190' title='bbox 1702 2569 1848 2628; x_wconf 91' lang='lat' dir='ltr'><strong>illam</strong></span> <span class='ocrx_word' id='word_1_191' title='bbox 1877 2568 2129 2643; x_wconf 88' lang='lat' dir='ltr'><strong>inducat,</strong></span> <span class='ocrx_word' id='word_1_192' title='bbox 2158 2570 2292 2641; x_wconf 91' lang='lat' dir='ltr'><strong>quia</strong></span> 
     </span>
     <span class='ocr_line' id='line_1_26' title="bbox 682 2647 2289 2733; baseline -0.001 -18"><span class='ocrx_word' id='word_1_193' title='bbox 682 2662 829 2715; x_wconf 89' lang='lat' dir='ltr'><strong>Deus</strong></span> <span class='ocrx_word' id='word_1_194' title='bbox 850 2674 957 2714; x_wconf 92' lang='lat' dir='ltr'><strong>non</strong></span> <span class='ocrx_word' id='word_1_195' title='bbox 985 2656 1199 2732; x_wconf 82' lang='lat' dir='ltr'><strong>indiget</strong></span> <span class='ocrx_word' id='word_1_196' title='bbox 1218 2660 1374 2733; x_wconf 87' lang='lat' dir='ltr'><strong>signo</strong></span> <span class='ocrx_word' id='word_1_197' title='bbox 1393 2647 1646 2728; x_wconf 70' lang='lat' dir='ltr'><strong>e&#39;xterno,</strong></span> <span class='ocrx_word' id='word_1_198' title='bbox 1673 2666 1737 2717; x_wconf 90' lang='lat' dir='ltr'><strong>ut</strong></span> <span class='ocrx_word' id='word_1_199' title='bbox 1758 2665 2087 2732; x_wconf 89' lang='lat' dir='ltr'><strong>cognoscat,</strong></span> <span class='ocrx_word' id='word_1_200' title='bbox 2110 2663 2170 2714; x_wconf 86' lang='lat' dir='ltr'><strong>et</strong></span> <span class='ocrx_word' id='word_1_201' title='bbox 2197 2672 2289 2713; x_wconf 88' lang='lat' dir='ltr'><strong>ac-</strong></span> 
     </span>
     <span class='ocr_line' id='line_1_27' title="bbox 682 2747 2294 2819; baseline 0 -16"><span class='ocrx_word' id='word_1_202' title='bbox 682 2752 868 2819; x_wconf 90' lang='lat' dir='ltr'><strong>ceptet</strong></span> <span class='ocrx_word' id='word_1_203' title='bbox 912 2748 1363 2819; x_wconf 85' lang='lat' dir='ltr'><strong>promissionem,</strong></span> <span class='ocrx_word' id='word_1_204' title='bbox 1393 2754 1451 2806; x_wconf 92' lang='lat' dir='ltr'><strong>et</strong></span> <span class='ocrx_word' id='word_1_205' title='bbox 1493 2747 1615 2806; x_wconf 91' lang='lat' dir='ltr'><strong>ideo</strong></span> <span class='ocrx_word' id='word_1_206' title='bbox 1646 2747 1765 2805; x_wconf 90' lang='lat' dir='ltr'><strong>talis</strong></span> <span class='ocrx_word' id='word_1_207' title='bbox 1812 2752 2056 2819; x_wconf 88' lang='lat' dir='ltr'><strong>potestas</strong></span> <span class='ocrx_word' id='word_1_208' title='bbox 2086 2761 2184 2817; x_wconf 92' lang='lat' dir='ltr'><strong>per</strong></span> <span class='ocrx_word' id='word_1_209' title='bbox 2233 2761 2294 2803; x_wconf 89' lang='lat' dir='ltr'><strong>se</strong></span> 
     </span>
    </p>
   </div>
   <div class='ocr_carea' id='block_1_5' title="bbox 685 2830 2342 2910">
    <p class='ocr_par' dir='ltr' id='par_1_6' title="bbox 685 2830 2342 2910">
     <span class='ocr_line' id='line_1_28' title="bbox 685 2830 2342 2910; baseline 0.001 -19"><span class='ocrx_word' id='word_1_210' title='bbox 685 2835 913 2908; x_wconf 87' lang='lat' dir='ltr'><strong>respicit</strong></span> <span class='ocrx_word' id='word_1_211' title='bbox 952 2835 1097 2893; x_wconf 88' lang='lat' dir='ltr'><strong>illam</strong></span> <span class='ocrx_word' id='word_1_212' title='bbox 1139 2836 1551 2910; x_wconf 83' lang='lat' dir='ltr'><strong>obligationem,</strong></span> <span class='ocrx_word' id='word_1_213' title='bbox 1595 2838 1708 2894; x_wconf 78' lang='lat' dir='ltr'><strong>sive</strong></span> <span class='ocrx_word' id='word_1_214' title='bbox 1747 2852 1847 2909; x_wconf 90' lang='lat' dir='ltr'><strong>per</strong></span> <span class='ocrx_word' id='word_1_215' title='bbox 1886 2835 2067 2893; x_wconf 88' lang='lat' dir='ltr'><strong>solum</strong></span> <span class='ocrx_word' id='word_1_216' title='bbox 2106 2840 2294 2893; x_wconf 90' lang='lat' dir='ltr'><strong>actum</strong></span> <span class='ocrx_word' id='word_1_217' title='bbox 2336 2830 2342 2838; x_wconf 85' lang='lat'>&#39;</span> 
     </span>
    </p>
   </div>
   <div class='ocr_carea' id='block_1_6' title="bbox 683 2924 2294 3088">
    <p class='ocr_par' dir='ltr' id='par_1_7' title="bbox 683 2924 2294 3088">
     <span class='ocr_line' id='line_1_29' title="bbox 683 2924 2294 2997; baseline 0 -17"><span class='ocrx_word' id='word_1_218' title='bbox 683 2926 993 2997; x_wconf 88' lang='lat' dir='ltr'><strong>internum,</strong></span> <span class='ocrx_word' id='word_1_219' title='bbox 1037 2926 1151 2982; x_wconf 89' lang='lat' dir='ltr'><strong>sive</strong></span> <span class='ocrx_word' id='word_1_220' title='bbox 1198 2940 1329 2982; x_wconf 90' lang='lat' dir='ltr'><strong>cnm</strong></span> <span class='ocrx_word' id='word_1_221' title='bbox 1369 2932 1593 2984; x_wconf 86' lang='lat' dir='ltr'><strong>externo</strong></span> <span class='ocrx_word' id='word_1_222' title='bbox 1632 2925 1859 2983; x_wconf 83' lang='lat' dir='ltr'><strong>inducta</strong></span> <span class='ocrx_word' id='word_1_223' title='bbox 1898 2926 1986 2983; x_wconf 87' lang='lat' dir='ltr'><strong>s‘rt.</strong></span> <span class='ocrx_word' id='word_1_224' title='bbox 2017 2924 2294 2983; x_wconf 78' lang='lat' dir='ltr'><strong>Moraliter</strong></span> 
     </span>
     <span class='ocr_line' id='line_1_30' title="bbox 684 3014 2293 3088; baseline -0.001 -17"><span class='ocrx_word' id='word_1_225' title='bbox 684 3019 867 3071; x_wconf 86' lang='lat' dir='ltr'><strong>autem</strong></span> <span class='ocrx_word' id='word_1_226' title='bbox 898 3014 1193 3088; x_wconf 88' lang='lat' dir='ltr'><strong>loquendo,</strong></span> <span class='ocrx_word' id='word_1_227' title='bbox 1226 3032 1442 3088; x_wconf 86' lang='lat' dir='ltr'><strong>semper</strong></span> <span class='ocrx_word' id='word_1_228' title='bbox 1472 3017 1845 3073; x_wconf 88' lang='lat' dir='ltr'><strong>necessarium</strong></span> <span class='ocrx_word' id='word_1_229' title='bbox 1874 3020 1984 3085; x_wconf 87' lang='lat' dir='ltr'><strong>est,</strong></span> <span class='ocrx_word' id='word_1_230' title='bbox 2012 3020 2073 3071; x_wconf 89' lang='lat' dir='ltr'><strong>ut</strong></span> <span class='ocrx_word' id='word_1_231' title='bbox 2099 3020 2293 3071; x_wconf 84' lang='lat' dir='ltr'><strong>votum</strong></span> 
     </span>
    </p>
   </div>
   <div class='ocr_carea' id='block_1_7' title="bbox 686 3103 2327 3178">
    <p class='ocr_par' dir='ltr' id='par_1_8' title="bbox 686 3103 2327 3178">
     <span class='ocr_line' id='line_1_31' title="bbox 686 3103 2327 3178; baseline 0 -18"><span class='ocrx_word' id='word_1_232' title='bbox 686 3104 960 3162; x_wconf 89' lang='lat' dir='ltr'><strong>internum</strong></span> <span class='ocrx_word' id='word_1_233' title='bbox 986 3104 1226 3163; x_wconf 83' lang='lat' dir='ltr'><strong>exterius</strong></span> <span class='ocrx_word' id='word_1_234' title='bbox 1255 3114 1593 3178; x_wconf 89' lang='lat' dir='ltr'><strong>proponatur</strong></span> <span class='ocrx_word' id='word_1_235' title='bbox 1622 3106 1918 3177; x_wconf 89' lang='lat' dir='ltr'><strong>superiori,</strong></span> <span class='ocrx_word' id='word_1_236' title='bbox 1945 3110 2007 3160; x_wconf 92' lang='lat' dir='ltr'><strong>ut</strong></span> <span class='ocrx_word' id='word_1_237' title='bbox 2035 3103 2172 3160; x_wconf 88' lang='lat' dir='ltr'><strong>illud</strong></span> <span class='ocrx_word' id='word_1_238' title='bbox 2202 3118 2296 3160; x_wconf 84' lang='lat' dir='ltr'><strong>va·</strong></span> <span class='ocrx_word' id='word_1_239' title='bbox 2321 3118 2327 3123; x_wconf 88' lang='grc'>·</span> 
     </span>
    </p>
   </div>
   <div class='ocr_carea' id='block_1_8' title="bbox 684 3192 2294 3446">
    <p class='ocr_par' dir='ltr' id='par_1_9' title="bbox 684 3192 2294 3446">
     <span class='ocr_line' id='line_1_32' title="bbox 686 3192 2294 3269; baseline 0.001 -20"><span class='ocrx_word' id='word_1_240' title='bbox 686 3192 793 3251; x_wconf 88' lang='lat' dir='ltr'><strong>leat</strong></span> <span class='ocrx_word' id='word_1_241' title='bbox 830 3194 1167 3266; x_wconf 87' lang='lat' dir='ltr'><strong>dispensare.</strong></span> <span class='ocrx_word' id='word_1_242' title='bbox 1198 3198 1331 3252; x_wconf 85' lang='lat' dir='ltr'><strong>Nam</strong></span> <span class='ocrx_word' id='word_1_243' title='bbox 1369 3195 1498 3253; x_wconf 88' lang='lat' dir='ltr'><strong>licet</strong></span> <span class='ocrx_word' id='word_1_244' title='bbox 1532 3195 1759 3269; x_wconf 88' lang='lat' dir='ltr'><strong>cogitari</strong></span> <span class='ocrx_word' id='word_1_245' title='bbox 1799 3197 1976 3267; x_wconf 88' lang='lat' dir='ltr'><strong>possit</strong></span> <span class='ocrx_word' id='word_1_246' title='bbox 2000 3210 2205 3266; x_wconf 88' lang='lat' dir='ltr'><strong>casus,</strong></span> <span class='ocrx_word' id='word_1_247' title='bbox 2239 3194 2294 3251; x_wconf 90' lang='lat' dir='ltr'><strong>in</strong></span> 
     </span>
     <span class='ocr_line' id='line_1_33' title="bbox 684 3284 2287 3359; baseline 0.002 -21"><span class='ocrx_word' id='word_1_248' title='bbox 684 3298 797 3355; x_wconf 93' lang='lat' dir='ltr'><strong>quo</strong></span> <span class='ocrx_word' id='word_1_249' title='bbox 826 3284 1078 3355; x_wconf 86' lang='lat' dir='ltr'><strong>superior</strong></span> <span class='ocrx_word' id='word_1_250' title='bbox 1108 3289 1297 3341; x_wconf 81' lang='lat' dir='ltr'><strong>votum</strong></span> <span class='ocrx_word' id='word_1_251' title='bbox 1328 3284 1606 3359; x_wconf 88' lang='lat' dir='ltr'><strong>ignorans,</strong></span> <span class='ocrx_word' id='word_1_252' title='bbox 1640 3285 1744 3341; x_wconf 90' lang='lat' dir='ltr'><strong>sub</strong></span> <span class='ocrx_word' id='word_1_253' title='bbox 1770 3284 2088 3343; x_wconf 89' lang='lat' dir='ltr'><strong>conditione</strong></span> <span class='ocrx_word' id='word_1_254' title='bbox 2116 3284 2287 3346; x_wconf 89' lang='lat' dir='ltr'><strong>dicat:</strong></span> 
     </span>
     <span class='ocr_line' id='line_1_34' title="bbox 685 3371 2280 3446; baseline 0.003 -19"><span class='ocrx_word' id='word_1_255' title='bbox 685 3371 803 3445; x_wconf 86' lang='lat' dir='ltr'><strong>Ego</strong></span> <span class='ocrx_word' id='word_1_256' title='bbox 836 3379 1021 3430; x_wconf 89' lang='lat' dir='ltr'><strong>tecum</strong></span> <span class='ocrx_word' id='word_1_257' title='bbox 1048 3373 1330 3445; x_wconf 89' lang='lat' dir='ltr'><strong>dispenso,</strong></span> <span class='ocrx_word' id='word_1_258' title='bbox 1362 3374 1407 3430; x_wconf 92' lang='lat' dir='ltr'><strong>si</strong></span> <span class='ocrx_word' id='word_1_259' title='bbox 1436 3374 1577 3431; x_wconf 78' lang='lat' dir='ltr'><strong>forte</strong></span> <span class='ocrx_word' id='word_1_260' title='bbox 1604 3379 1795 3431; x_wconf 85' lang='lat' dir='ltr'><strong>votum</strong></span> <span class='ocrx_word' id='word_1_261' title='bbox 1821 3375 2080 3446; x_wconf 89' lang='lat' dir='ltr'><strong>emisisti,</strong></span> <span class='ocrx_word' id='word_1_262' title='bbox 2111 3377 2280 3432; x_wconf 89' lang='lat' dir='ltr'><strong>etiam</strong></span> 
     </span>
    </p>
   </div>
   <div class='ocr_carea' id='block_1_9' title="bbox 593 3461 2294 3536">
    <p class='ocr_par' dir='ltr' id='par_1_10' title="bbox 593 3461 2294 3536">
     <span class='ocr_line' id='line_1_35' title="bbox 593 3461 2294 3536; baseline 0.001 -19"><span class='ocrx_word' id='word_1_263' title='bbox 593 3475 605 3485; x_wconf 70' lang='grc'><em>“</em></span> <span class='ocrx_word' id='word_1_264' title='bbox 684 3461 803 3519; x_wconf 89' lang='lat' dir='ltr'><strong>sola</strong></span> <span class='ocrx_word' id='word_1_265' title='bbox 838 3470 1053 3535; x_wconf 87' lang='lat' dir='ltr'><strong>mente;</strong></span> <span class='ocrx_word' id='word_1_266' title='bbox 1086 3470 1270 3521; x_wconf 84' lang='lat' dir='ltr'><strong>tamen</strong></span> <span class='ocrx_word' id='word_1_267' title='bbox 1300 3464 1403 3520; x_wconf 90' lang='lat' dir='ltr'><strong>boc</strong></span> <span class='ocrx_word' id='word_1_268' title='bbox 1440 3479 1547 3519; x_wconf 91' lang='lat' dir='ltr'><strong>non</strong></span> <span class='ocrx_word' id='word_1_269' title='bbox 1576 3471 1760 3536; x_wconf 89' lang='lat' dir='ltr'><strong>potest</strong></span> <span class='ocrx_word' id='word_1_270' title='bbox 1802 3464 2081 3521; x_wconf 87' lang='lat' dir='ltr'><strong>moraliter</strong></span> <span class='ocrx_word' id='word_1_271' title='bbox 2109 3464 2294 3520; x_wconf 88' lang='lat' dir='ltr'><strong>consi·</strong></span> 
     </span>
    </p>
   </div>
   <div class='ocr_carea' id='block_1_10' title="bbox 678 3550 2291 5238">
    <p class='ocr_par' dir='ltr' id='par_1_11' title="bbox 680 3550 2291 4162">
     <span class='ocr_line' id='line_1_36' title="bbox 686 3550 2291 3627; baseline 0 -18"><span class='ocrx_word' id='word_1_272' title='bbox 686 3550 902 3624; x_wconf 87' lang='lat' dir='ltr'><strong>derari,</strong></span> <span class='ocrx_word' id='word_1_273' title='bbox 947 3554 1075 3625; x_wconf 89' lang='lat' dir='ltr'><strong>quia</strong></span> <span class='ocrx_word' id='word_1_274' title='bbox 1112 3552 1446 3626; x_wconf 84' lang='lat' dir='ltr'><strong>dispensatio</strong></span> <span class='ocrx_word' id='word_1_275' title='bbox 1487 3553 1598 3610; x_wconf 86' lang='lat' dir='ltr'><strong>voti</strong></span> <span class='ocrx_word' id='word_1_276' title='bbox 1640 3552 1874 3627; x_wconf 85' lang='lat' dir='ltr'><strong>requirit</strong></span> <span class='ocrx_word' id='word_1_277' title='bbox 1912 3554 2291 3625; x_wconf 88' lang='lat' dir='ltr'><strong>cognitionem</strong></span> 
     </span>
     <span class='ocr_line' id='line_1_37' title="bbox 680 3642 2288 3717; baseline 0 -20"><span class='ocrx_word' id='word_1_278' title='bbox 680 3656 906 3714; x_wconf 87' lang='lat' dir='ltr'><strong>causae,</strong></span> <span class='ocrx_word' id='word_1_279' title='bbox 937 3648 995 3699; x_wconf 90' lang='lat' dir='ltr'><strong>et</strong></span> <span class='ocrx_word' id='word_1_280' title='bbox 1021 3650 1427 3716; x_wconf 88' lang='lat' dir='ltr'><strong>consequenter</strong></span> <span class='ocrx_word' id='word_1_281' title='bbox 1453 3642 1827 3717; x_wconf 88' lang='lat' dir='ltr'><strong>cognitionem</strong></span> <span class='ocrx_word' id='word_1_282' title='bbox 1860 3644 2119 3699; x_wconf 89' lang='lat' dir='ltr'><strong>materiae</strong></span> <span class='ocrx_word' id='word_1_283' title='bbox 2147 3642 2288 3716; x_wconf 88' lang='lat' dir='ltr'><strong>eins,</strong></span> 
     </span>
     <span class='ocr_line' id='line_1_38' title="bbox 680 3730 2289 3805; baseline 0 -18"><span class='ocrx_word' id='word_1_284' title='bbox 680 3739 736 3788; x_wconf 91' lang='lat' dir='ltr'><strong>et</strong></span> <span class='ocrx_word' id='word_1_285' title='bbox 770 3730 1028 3803; x_wconf 89' lang='lat' dir='ltr'><strong>periculi,</strong></span> <span class='ocrx_word' id='word_1_286' title='bbox 1057 3748 1197 3805; x_wconf 87' lang='lat' dir='ltr'><strong>quae</strong></span> <span class='ocrx_word' id='word_1_287' title='bbox 1242 3732 1327 3788; x_wconf 86' lang='lat' dir='ltr'><strong>vix</strong></span> <span class='ocrx_word' id='word_1_288' title='bbox 1367 3738 1547 3804; x_wconf 89' lang='lat' dir='ltr'><strong>potest</strong></span> <span class='ocrx_word' id='word_1_289' title='bbox 1583 3730 1807 3805; x_wconf 87' lang='lat' dir='ltr'><strong>intelligi</strong></span> <span class='ocrx_word' id='word_1_290' title='bbox 1850 3730 2132 3788; x_wconf 85' lang='lat' dir='ltr'><strong>moraliter</strong></span> <span class='ocrx_word' id='word_1_291' title='bbox 2173 3730 2289 3787; x_wconf 89' lang='lat' dir='ltr'><strong>sine</strong></span> 
     </span>
     <span class='ocr_line' id='line_1_39' title="bbox 681 3820 2290 3893; baseline 0.001 -17"><span class='ocrx_word' id='word_1_292' title='bbox 681 3821 872 3878; x_wconf 88' lang='lat' dir='ltr'><strong>notitia</strong></span> <span class='ocrx_word' id='word_1_293' title='bbox 901 3822 1029 3878; x_wconf 85' lang='lat' dir='ltr'><strong>voti.</strong></span> <span class='ocrx_word' id='word_1_294' title='bbox 1060 3821 1265 3879; x_wconf 85' lang='lat' dir='ltr'><strong>Verum</strong></span> <span class='ocrx_word' id='word_1_295' title='bbox 1292 3827 1376 3878; x_wconf 90' lang='lat' dir='ltr'><strong>est</strong></span> <span class='ocrx_word' id='word_1_296' title='bbox 1402 3828 1582 3879; x_wconf 88' lang='lat' dir='ltr'><strong>tamen</strong></span> <span class='ocrx_word' id='word_1_297' title='bbox 1602 3864 1616 3893; x_wconf 87' lang='lat'><strong>,</strong></span> <span class='ocrx_word' id='word_1_298' title='bbox 1650 3820 1756 3879; x_wconf 85' lang='lat' dir='ltr'><strong>hoc</strong></span> <span class='ocrx_word' id='word_1_299' title='bbox 1785 3837 1897 3878; x_wconf 87' lang='lat' dir='ltr'><strong>non</strong></span> <span class='ocrx_word' id='word_1_300' title='bbox 1939 3820 2177 3878; x_wconf 90' lang='lat' dir='ltr'><strong>multum</strong></span> <span class='ocrx_word' id='word_1_301' title='bbox 2203 3838 2290 3878; x_wconf 90' lang='lat' dir='ltr'><strong>re-</strong></span> 
     </span>
     <span class='ocr_line' id='line_1_40' title="bbox 683 3908 2288 3984; baseline 0.001 -17"><span class='ocrx_word' id='word_1_302' title='bbox 683 3910 847 3983; x_wconf 78' lang='lat' dir='ltr'><strong>ferre,</strong></span> <span class='ocrx_word' id='word_1_303' title='bbox 872 3911 1000 3984; x_wconf 86' lang='lat' dir='ltr'><strong>quia</strong></span> <span class='ocrx_word' id='word_1_304' title='bbox 1028 3926 1248 3982; x_wconf 89' lang='lat' dir='ltr'><strong>semper</strong></span> <span class='ocrx_word' id='word_1_305' title='bbox 1274 3916 1437 3967; x_wconf 89' lang='lat' dir='ltr'><strong>actus</strong></span> <span class='ocrx_word' id='word_1_306' title='bbox 1468 3910 1632 3967; x_wconf 85' lang='lat' dir='ltr'><strong>huius</strong></span> <span class='ocrx_word' id='word_1_307' title='bbox 1660 3908 2082 3983; x_wconf 86' lang='lat' dir='ltr'><strong>dispensationis</strong></span> <span class='ocrx_word' id='word_1_308' title='bbox 2110 3910 2288 3968; x_wconf 76' lang='lat' dir='ltr'><strong>fertur</strong></span> 
     </span>
     <span class='ocr_line' id='line_1_41' title="bbox 683 3996 2286 4074; baseline 0.002 -20"><span class='ocrx_word' id='word_1_309' title='bbox 683 3998 736 4054; x_wconf 91' lang='lat' dir='ltr'><strong>in</strong></span> <span class='ocrx_word' id='word_1_310' title='bbox 764 3996 947 4071; x_wconf 89' lang='lat' dir='ltr'><strong>ipsum</strong></span> <span class='ocrx_word' id='word_1_311' title='bbox 974 4000 1257 4058; x_wconf 84' lang='lat' dir='ltr'><strong>vinculum</strong></span> <span class='ocrx_word' id='word_1_312' title='bbox 1278 4041 1294 4073; x_wconf 91' lang='lat'><strong>,</strong></span> <span class='ocrx_word' id='word_1_313' title='bbox 1323 4008 1379 4056; x_wconf 89' lang='lat' dir='ltr'><strong>et</strong></span> <span class='ocrx_word' id='word_1_314' title='bbox 1407 4000 1684 4058; x_wconf 89' lang='lat' dir='ltr'><strong>internum</strong></span> <span class='ocrx_word' id='word_1_315' title='bbox 1712 4005 1901 4059; x_wconf 88' lang='lat' dir='ltr'><strong>actum</strong></span> <span class='ocrx_word' id='word_1_316' title='bbox 1922 4043 1937 4074; x_wconf 96' lang='lat'><strong>,</strong></span> <span class='ocrx_word' id='word_1_317' title='bbox 1971 4001 2099 4059; x_wconf 86' lang='lat' dir='ltr'><strong>licet</strong></span> <span class='ocrx_word' id='word_1_318' title='bbox 2140 4008 2286 4058; x_wconf 87' lang='lat' dir='ltr'><strong>exte·</strong></span> 
     </span>
     <span class='ocr_line' id='line_1_42' title="bbox 683 4087 1663 4162; baseline 0.001 -18"><span class='ocrx_word' id='word_1_319' title='bbox 683 4087 797 4146; x_wconf 89' lang='lat' dir='ltr'><strong>rior</strong></span> <span class='ocrx_word' id='word_1_320' title='bbox 825 4089 1147 4161; x_wconf 85' lang='lat' dir='ltr'><strong>significatio</strong></span> <span class='ocrx_word' id='word_1_321' title='bbox 1174 4088 1322 4146; x_wconf 89' lang='lat' dir='ltr'><strong>illins</strong></span> <span class='ocrx_word' id='word_1_322' title='bbox 1348 4088 1663 4162; x_wconf 86' lang='lat' dir='ltr'><strong>praecedat.</strong></span> 
     </span>
    </p>

    <p class='ocr_par' dir='ltr' id='par_1_12' title="bbox 678 4177 2288 5238">
     <span class='ocr_line' id='line_1_43' title="bbox 768 4177 2286 4252; baseline 0.001 -16"><span class='ocrx_word' id='word_1_323' title='bbox 768 4180 855 4236; x_wconf 82' lang='lat' dir='ltr'><strong>to.</strong></span> <span class='ocrx_word' id='word_1_324' title='bbox 888 4179 1067 4236; x_wconf 90' lang='lat' dir='ltr'><strong>Tertio</strong></span> <span class='ocrx_word' id='word_1_325' title='bbox 1093 4177 1235 4235; x_wconf 89' lang='lat' dir='ltr'><strong>idem</strong></span> <span class='ocrx_word' id='word_1_326' title='bbox 1272 4178 1567 4236; x_wconf 89' lang='lat' dir='ltr'><strong>dicendum</strong></span> <span class='ocrx_word' id='word_1_327' title='bbox 1594 4185 1715 4252; x_wconf 82' lang='lat' dir='ltr'><strong>est,</strong></span> <span class='ocrx_word' id='word_1_328' title='bbox 1748 4178 1817 4236; x_wconf 91' lang='lat' dir='ltr'><strong>de</strong></span> <span class='ocrx_word' id='word_1_329' title='bbox 1854 4178 2286 4237; x_wconf 88' lang='lat' dir='ltr'><strong>commutatione</strong></span> 
     </span>
     <span class='ocr_line' id='line_1_44' title="bbox 685 4264 2286 4342; baseline -0.001 -15"><span class='ocrx_word' id='word_1_330' title='bbox 685 4272 831 4342; x_wconf 69' lang='grc' dir='ltr'><strong>νοῦς</strong></span> <span class='ocrx_word' id='word_1_331' title='bbox 861 4283 987 4325; x_wconf 90' lang='lat' dir='ltr'><strong>nam</strong></span> <span class='ocrx_word' id='word_1_332' title='bbox 1012 4274 1102 4324; x_wconf 91' lang='lat' dir='ltr'><strong>est</strong></span> <span class='ocrx_word' id='word_1_333' title='bbox 1137 4264 1384 4324; x_wconf 88' lang='lat' dir='ltr'><strong>eiusdem</strong></span> <span class='ocrx_word' id='word_1_334' title='bbox 1411 4268 1728 4340; x_wconf 86' lang='lat' dir='ltr'><strong>potestatis,</strong></span> <span class='ocrx_word' id='word_1_335' title='bbox 1758 4276 2033 4341; x_wconf 85' lang='lat' dir='ltr'><strong>quatenus</strong></span> <span class='ocrx_word' id='word_1_336' title='bbox 2072 4268 2286 4327; x_wconf 88' lang='lat' dir='ltr'><strong>iurisdi-</strong></span> 
     </span>
     <span class='ocr_line' id='line_1_45' title="bbox 679 4354 2285 4431; baseline -0.001 -14"><span class='ocrx_word' id='word_1_337' title='bbox 679 4362 919 4417; x_wconf 88' lang='lat' dir='ltr'><strong>ctionem</strong></span> <span class='ocrx_word' id='word_1_338' title='bbox 949 4354 1178 4429; x_wconf 88' lang='lat' dir='ltr'><strong>praelati</strong></span> <span class='ocrx_word' id='word_1_339' title='bbox 1208 4356 1458 4429; x_wconf 88' lang='lat' dir='ltr'><strong>requirit,</strong></span> <span class='ocrx_word' id='word_1_340' title='bbox 1492 4354 1896 4431; x_wconf 88' lang='lat' dir='ltr'><strong>aliqualemque</strong></span> <span class='ocrx_word' id='word_1_341' title='bbox 1922 4355 2285 4429; x_wconf 88' lang='lat' dir='ltr'><strong>dispensatio·</strong></span> 
     </span>
     <span class='ocr_line' id='line_1_46' title="bbox 680 4436 2278 4522; baseline -0.003 -14"><span class='ocrx_word' id='word_1_342' title='bbox 680 4436 803 4509; x_wconf 76' lang='lat' dir='ltr'><strong>neni</strong></span> <span class='ocrx_word' id='word_1_343' title='bbox 825 4446 1020 4505; x_wconf 88' lang='lat' dir='ltr'><strong>saltem</strong></span> <span class='ocrx_word' id='word_1_344' title='bbox 1037 4444 1319 4519; x_wconf 84' lang='lat' dir='ltr'><strong>partialem</strong></span> <span class='ocrx_word' id='word_1_345' title='bbox 1346 4444 1607 4514; x_wconf 87' lang='lat' dir='ltr'><strong>includit,</strong></span> <span class='ocrx_word' id='word_1_346' title='bbox 1630 4451 1695 4502; x_wconf 91' lang='lat' dir='ltr'><strong>ut</strong></span> <span class='ocrx_word' id='word_1_347' title='bbox 1722 4451 1883 4503; x_wconf 90' lang='lat' dir='ltr'><strong>tract.</strong></span> <span class='ocrx_word' id='word_1_348' title='bbox 1900 4446 1988 4503; x_wconf 86' lang='lat' dir='ltr'><strong>Vl.</strong></span> <span class='ocrx_word' id='word_1_349' title='bbox 2010 4444 2084 4503; x_wconf 83' lang='lat' dir='ltr'><strong>de</strong></span> <span class='ocrx_word' id='word_1_350' title='bbox 2109 4445 2278 4522; x_wconf 71' lang='lat' dir='ltr'><strong>reliq.</strong></span> 
     </span>
     <span class='ocr_line' id='line_1_47' title="bbox 682 4533 2287 4607; baseline -0.001 -12"><span class='ocrx_word' id='word_1_351' title='bbox 682 4540 777 4597; x_wconf 86' lang='lat' dir='ltr'><strong>lib.</strong></span> <span class='ocrx_word' id='word_1_352' title='bbox 802 4538 897 4607; x_wconf 79' lang='lat' dir='ltr'><strong>Vl,</strong></span> <span class='ocrx_word' id='word_1_353' title='bbox 928 4550 1054 4607; x_wconf 88' lang='lat' dir='ltr'><strong>cap.</strong></span> <span class='ocrx_word' id='word_1_354' title='bbox 1077 4535 1170 4591; x_wconf 84' lang='lat' dir='ltr'><strong>lx.</strong></span> <span class='ocrx_word' id='word_1_355' title='bbox 1197 4541 1255 4591; x_wconf 91' lang='lat' dir='ltr'><strong>et</strong></span> <span class='ocrx_word' id='word_1_356' title='bbox 1290 4533 1649 4607; x_wconf 88' lang='lat' dir='ltr'><strong>sequentibus</strong></span> <span class='ocrx_word' id='word_1_357' title='bbox 1676 4534 1898 4592; x_wconf 85' lang='lat' dir='ltr'><strong>dictum</strong></span> <span class='ocrx_word' id='word_1_358' title='bbox 1918 4541 2023 4591; x_wconf 89' lang='lat' dir='ltr'><strong>est.</strong></span> <span class='ocrx_word' id='word_1_359' title='bbox 2054 4537 2129 4592; x_wconf 90' lang='lat' dir='ltr'><strong>De</strong></span> <span class='ocrx_word' id='word_1_360' title='bbox 2166 4536 2287 4594; x_wconf 90' lang='lat' dir='ltr'><strong>irri-</strong></span> 
     </span>
     <span class='ocr_line' id='line_1_48' title="bbox 682 4622 2288 4695; baseline -0.002 -9"><span class='ocrx_word' id='word_1_361' title='bbox 682 4627 885 4686; x_wconf 88' lang='lat' dir='ltr'><strong>tatione</strong></span> <span class='ocrx_word' id='word_1_362' title='bbox 916 4638 1046 4681; x_wconf 89' lang='lat' dir='ltr'><strong>vero</strong></span> <span class='ocrx_word' id='word_1_363' title='bbox 1088 4622 1194 4681; x_wconf 89' lang='lat' dir='ltr'><strong>alia</strong></span> <span class='ocrx_word' id='word_1_364' title='bbox 1218 4628 1302 4681; x_wconf 86' lang='lat' dir='ltr'><strong>est</strong></span> <span class='ocrx_word' id='word_1_365' title='bbox 1339 4623 1477 4681; x_wconf 84' lang='lat' dir='ltr'><strong>ratio</strong></span> <span class='ocrx_word' id='word_1_366' title='bbox 1497 4664 1512 4695; x_wconf 92' lang='lat'><strong>,</strong></span> <span class='ocrx_word' id='word_1_367' title='bbox 1544 4622 1673 4695; x_wconf 90' lang='lat' dir='ltr'><strong>quia</strong></span> <span class='ocrx_word' id='word_1_368' title='bbox 1711 4638 1820 4679; x_wconf 90' lang='lat' dir='ltr'><strong>non</strong></span> <span class='ocrx_word' id='word_1_369' title='bbox 1861 4626 2173 4683; x_wconf 88' lang='lat' dir='ltr'><strong>necessario</strong></span> <span class='ocrx_word' id='word_1_370' title='bbox 2200 4632 2288 4683; x_wconf 89' lang='lat' dir='ltr'><strong>est</strong></span> 
     </span>
     <span class='ocr_line' id='line_1_49' title="bbox 681 4710 2284 4793; baseline -0.002 -17"><span class='ocrx_word' id='word_1_371' title='bbox 681 4714 966 4793; x_wconf 86' lang='lat' dir='ltr'><strong>potestatis</strong></span> <span class='ocrx_word' id='word_1_372' title='bbox 993 4712 1414 4784; x_wconf 86' lang='lat' dir='ltr'><strong>iurisdictionis,</strong></span> <span class='ocrx_word' id='word_1_373' title='bbox 1447 4711 1541 4769; x_wconf 88' lang='lat' dir='ltr'><strong>sed</strong></span> <span class='ocrx_word' id='word_1_374' title='bbox 1570 4710 1962 4786; x_wconf 86' lang='lat' dir='ltr'><strong>dominativae,</strong></span> <span class='ocrx_word' id='word_1_375' title='bbox 1996 4720 2059 4771; x_wconf 92' lang='lat' dir='ltr'><strong>ut</strong></span> <span class='ocrx_word' id='word_1_376' title='bbox 2083 4713 2284 4772; x_wconf 89' lang='lat' dir='ltr'><strong>ibidem</strong></span> 
     </span>
     <span class='ocr_line' id='line_1_50' title="bbox 680 4800 2286 4876; baseline -0.002 -10"><span class='ocrx_word' id='word_1_377' title='bbox 680 4808 804 4866; x_wconf 83' lang='lat' dir='ltr'><strong>dixi.</strong></span> <span class='ocrx_word' id='word_1_378' title='bbox 838 4804 923 4862; x_wconf 87' lang='lat' dir='ltr'><strong>Fit</strong></span> <span class='ocrx_word' id='word_1_379' title='bbox 962 4810 1146 4860; x_wconf 86' lang='lat' dir='ltr'><strong>autem</strong></span> <span class='ocrx_word' id='word_1_380' title='bbox 1172 4800 1469 4872; x_wconf 88' lang='lat' dir='ltr'><strong>dupliciter</strong></span> <span class='ocrx_word' id='word_1_381' title='bbox 1488 4842 1505 4875; x_wconf 88' lang='lat'><strong>,</strong></span> <span class='ocrx_word' id='word_1_382' title='bbox 1536 4801 1749 4859; x_wconf 88' lang='lat' dir='ltr'><strong>scilicet</strong></span> <span class='ocrx_word' id='word_1_383' title='bbox 1774 4802 1858 4861; x_wconf 85' lang='lat' dir='ltr'><strong>vel</strong></span> <span class='ocrx_word' id='word_1_384' title='bbox 1886 4820 1954 4860; x_wconf 84' lang='lat' dir='ltr'><strong>ex</strong></span> <span class='ocrx_word' id='word_1_385' title='bbox 1986 4810 2140 4876; x_wconf 89' lang='lat' dir='ltr'><strong>parte</strong></span> <span class='ocrx_word' id='word_1_386' title='bbox 2171 4820 2286 4862; x_wconf 86' lang='lat' dir='ltr'><strong>ma·</strong></span> 
     </span>
     <span class='ocr_line' id='line_1_51' title="bbox 683 4880 2284 4966; baseline -0.002 -11"><span class='ocrx_word' id='word_1_387' title='bbox 683 4896 886 4966; x_wconf 79' lang='lat' dir='ltr'><strong>toriae,</strong></span> <span class='ocrx_word' id='word_1_388' title='bbox 917 4890 1001 4949; x_wconf 80' lang='lat' dir='ltr'><strong>vel</strong></span> <span class='ocrx_word' id='word_1_389' title='bbox 1028 4908 1098 4949; x_wconf 86' lang='lat' dir='ltr'><strong>ex</strong></span> <span class='ocrx_word' id='word_1_390' title='bbox 1125 4880 1465 4948; x_wconf 82' lang='lat' dir='ltr'><strong>subiectione</strong></span> <span class='ocrx_word' id='word_1_391' title='bbox 1493 4891 1788 4950; x_wconf 81' lang='lat' dir='ltr'><strong>voluntatis</strong></span> <span class='ocrx_word' id='word_1_392' title='bbox 1825 4894 2091 4950; x_wconf 83' lang='lat' dir='ltr'><strong>voventis.</strong></span> <span class='ocrx_word' id='word_1_393' title='bbox 2124 4896 2284 4952; x_wconf 90' lang='lat' dir='ltr'><strong>Prior</strong></span> 
     </span>
     <span class='ocr_line' id='line_1_52' title="bbox 678 4979 2283 5054; baseline -0.002 -9"><span class='ocrx_word' id='word_1_394' title='bbox 678 4983 876 5045; x_wconf 88' lang='lat' dir='ltr'><strong>modus</strong></span> <span class='ocrx_word' id='word_1_395' title='bbox 895 4988 1041 5041; x_wconf 84' lang='lat' dir='ltr'><strong>tunc</strong></span> <span class='ocrx_word' id='word_1_396' title='bbox 1082 4979 1246 5037; x_wconf 91' lang='lat' dir='ltr'><strong>habet</strong></span> <span class='ocrx_word' id='word_1_397' title='bbox 1282 4979 1467 5037; x_wconf 90' lang='lat' dir='ltr'><strong>locum</strong></span> <span class='ocrx_word' id='word_1_398' title='bbox 1491 5022 1505 5051; x_wconf 93' lang='lat'><strong>,</strong></span> <span class='ocrx_word' id='word_1_399' title='bbox 1538 4980 1757 5054; x_wconf 90' lang='lat' dir='ltr'><strong>quando</strong></span> <span class='ocrx_word' id='word_1_400' title='bbox 1795 4983 2024 5042; x_wconf 88' lang='lat' dir='ltr'><strong>materia</strong></span> <span class='ocrx_word' id='word_1_401' title='bbox 2049 4990 2137 5041; x_wconf 91' lang='lat' dir='ltr'><strong>est</strong></span> <span class='ocrx_word' id='word_1_402' title='bbox 2178 4983 2283 5041; x_wconf 88' lang='lat' dir='ltr'><strong>sub</strong></span> 
     </span>
     <span class='ocr_line' id='line_1_53' title="bbox 680 5069 2286 5150; baseline 0 -17"><span class='ocrx_word' id='word_1_403' title='bbox 680 5074 902 5133; x_wconf 89' lang='lat' dir='ltr'><strong>alterius</strong></span> <span class='ocrx_word' id='word_1_404' title='bbox 928 5069 1167 5129; x_wconf 87' lang='lat' dir='ltr'><strong>dominio</strong></span> <span class='ocrx_word' id='word_1_405' title='bbox 1196 5075 1253 5127; x_wconf 89' lang='lat' dir='ltr'><strong>et</strong></span> <span class='ocrx_word' id='word_1_406' title='bbox 1279 5076 1570 5143; x_wconf 88' lang='lat' dir='ltr'><strong>potestate,</strong></span> <span class='ocrx_word' id='word_1_407' title='bbox 1600 5076 1657 5129; x_wconf 89' lang='lat' dir='ltr'><strong>et</strong></span> <span class='ocrx_word' id='word_1_408' title='bbox 1693 5071 1812 5130; x_wconf 90' lang='lat' dir='ltr'><strong>ideo</strong></span> <span class='ocrx_word' id='word_1_409' title='bbox 1838 5087 2063 5131; x_wconf 81' lang='lat' dir='ltr'><strong>necesse</strong></span> <span class='ocrx_word' id='word_1_410' title='bbox 2088 5084 2195 5150; x_wconf 88' lang='lat' dir='ltr'><strong>est,</strong></span> <span class='ocrx_word' id='word_1_411' title='bbox 2220 5083 2286 5133; x_wconf 92' lang='lat' dir='ltr'><strong>ut</strong></span> 
     </span>
     <span class='ocr_line' id='line_1_54' title="bbox 680 5158 2278 5238; baseline 0.001 -16"><span class='ocrx_word' id='word_1_412' title='bbox 680 5165 749 5223; x_wconf 82' lang='lat' dir='ltr'><strong>eit</strong></span> <span class='ocrx_word' id='word_1_413' title='bbox 775 5162 1003 5221; x_wconf 89' lang='lat' dir='ltr'><strong>materia</strong></span> <span class='ocrx_word' id='word_1_414' title='bbox 1031 5158 1323 5230; x_wconf 81' lang='lat' dir='ltr'><strong>sensibilis3</strong></span> <span class='ocrx_word' id='word_1_415' title='bbox 1347 5174 1473 5216; x_wconf 88' lang='lat' dir='ltr'><strong>nam</strong></span> <span class='ocrx_word' id='word_1_416' title='bbox 1494 5158 1589 5216; x_wconf 91' lang='lat' dir='ltr'><strong>illa</strong></span> <span class='ocrx_word' id='word_1_417' title='bbox 1615 5166 1828 5218; x_wconf 89' lang='lat' dir='ltr'><strong>tantum</strong></span> <span class='ocrx_word' id='word_1_418' title='bbox 1849 5162 1924 5219; x_wconf 90' lang='lat' dir='ltr'><strong>ita</strong></span> <span class='ocrx_word' id='word_1_419' title='bbox 1952 5179 2075 5221; x_wconf 87' lang='lat' dir='ltr'><strong>esse</strong></span> <span class='ocrx_word' id='word_1_420' title='bbox 2095 5172 2278 5238; x_wconf 89' lang='lat' dir='ltr'><strong>potest</strong></span> 
     </span>
    </p>
   </div>
   <div class='ocr_carea' id='block_1_11' title="bbox 600 5249 2273 5321">
    <p class='ocr_par' dir='ltr' id='par_1_13' title="bbox 600 5249 2273 5321">
     <span class='ocr_line' id='line_1_55' title="bbox 600 5249 2273 5321; baseline 0.001 -10"><span class='ocrx_word' id='word_1_421' title='bbox 600 5269 609 5277; x_wconf 92' lang='lat'>·</span> <span class='ocrx_word' id='word_1_422' title='bbox 681 5254 785 5312; x_wconf 91' lang='lat' dir='ltr'><strong>sub</strong></span> <span class='ocrx_word' id='word_1_423' title='bbox 812 5252 1035 5311; x_wconf 89' lang='lat' dir='ltr'><strong>alterins</strong></span> <span class='ocrx_word' id='word_1_424' title='bbox 1076 5253 1378 5321; x_wconf 84' lang='lat' dir='ltr'><strong>potestate,</strong></span> <span class='ocrx_word' id='word_1_425' title='bbox 1412 5253 1475 5306; x_wconf 91' lang='lat' dir='ltr'><strong>ut</strong></span> <span class='ocrx_word' id='word_1_426' title='bbox 1512 5251 1689 5321; x_wconf 90' lang='lat' dir='ltr'><strong>possit</strong></span> <span class='ocrx_word' id='word_1_427' title='bbox 1714 5249 1885 5309; x_wconf 89' lang='lat' dir='ltr'><strong>libere</strong></span> <span class='ocrx_word' id='word_1_428' title='bbox 1928 5266 2089 5312; x_wconf 86' lang='lat' dir='ltr'><strong>usum</strong></span> <span class='ocrx_word' id='word_1_429' title='bbox 2129 5254 2273 5315; x_wconf 88' lang='lat' dir='ltr'><strong>illius</strong></span> 
     </span>
    </p>
   </div>
   <div class='ocr_carea' id='block_1_12' title="bbox 2123 354 2612 455">
    <p class='ocr_par' dir='ltr' id='par_1_14' title="bbox 2123 354 2612 455">
     <span class='ocr_line' id='line_1_56' title="bbox 2123 354 2612 455; baseline -0.008 -26"><span class='ocrx_word' id='word_1_430' title='bbox 2123 379 2331 430; x_wconf 75' lang='lat' dir='ltr'><strong>unna</strong></span> <span class='ocrx_word' id='word_1_431' title='bbox 2359 354 2454 428; x_wconf 52' lang='grc' dir='ltr'><strong>ιι).</strong></span> <span class='ocrx_word' id='word_1_432' title='bbox 2516 449 2520 455; x_wconf 81' lang='lat'><em>.</em></span> <span class='ocrx_word' id='word_1_433' title='bbox 2609 370 2612 375; x_wconf 86' lang='grc'><em>·</em></span> 
     </span>
    </p>
   </div>
   <div class='ocr_carea' id='block_1_13' title="bbox 2351 505 3968 5329">
    <p class='ocr_par' dir='ltr' id='par_1_15' title="bbox 2352 505 3968 2461">
     <span class='ocr_line' id='line_1_57' title="bbox 2354 505 3962 591; baseline 0.002 -29"><span class='ocrx_word' id='word_1_434' title='bbox 2354 505 2683 589; x_wconf 83' lang='lat' dir='ltr'><strong>prohibere,</strong></span> <span class='ocrx_word' id='word_1_435' title='bbox 2712 513 2770 564; x_wconf 86' lang='lat' dir='ltr'><strong>et</strong></span> <span class='ocrx_word' id='word_1_436' title='bbox 2807 506 2881 564; x_wconf 90' lang='lat' dir='ltr'><strong>ita</strong></span> <span class='ocrx_word' id='word_1_437' title='bbox 2908 522 2974 565; x_wconf 87' lang='lat' dir='ltr'><strong>ex</strong></span> <span class='ocrx_word' id='word_1_438' title='bbox 3012 506 3118 565; x_wconf 89' lang='lat' dir='ltr'><strong>bac</strong></span> <span class='ocrx_word' id='word_1_439' title='bbox 3147 514 3302 581; x_wconf 88' lang='lat' dir='ltr'><strong>parte</strong></span> <span class='ocrx_word' id='word_1_440' title='bbox 3329 508 3453 591; x_wconf 81' lang='lat' dir='ltr'><strong>talis</strong></span> <span class='ocrx_word' id='word_1_441' title='bbox 3492 508 3726 566; x_wconf 88' lang='lat' dir='ltr'><strong>irritatio</strong></span> <span class='ocrx_word' id='word_1_442' title='bbox 3749 507 3962 566; x_wconf 82' lang='lat' dir='ltr'><strong>directe</strong></span> 
     </span>
     <span class='ocr_line' id='line_1_58' title="bbox 2360 597 3962 669; baseline 0.002 -17"><span class='ocrx_word' id='word_1_443' title='bbox 2360 603 2616 653; x_wconf 82' lang='lat' dir='ltr'><strong>versatur</strong></span> <span class='ocrx_word' id='word_1_444' title='bbox 2644 599 2796 655; x_wconf 89' lang='lat' dir='ltr'><strong>circa</strong></span> <span class='ocrx_word' id='word_1_445' title='bbox 2821 600 3102 655; x_wconf 88' lang='lat' dir='ltr'><strong>materiam</strong></span> <span class='ocrx_word' id='word_1_446' title='bbox 3133 597 3463 668; x_wconf 88' lang='lat' dir='ltr'><strong>sensibilem,</strong></span> <span class='ocrx_word' id='word_1_447' title='bbox 3494 606 3550 657; x_wconf 90' lang='lat' dir='ltr'><strong>et</strong></span> <span class='ocrx_word' id='word_1_448' title='bbox 3573 598 3868 669; x_wconf 88' lang='lat' dir='ltr'><strong>indirecte,</strong></span> <span class='ocrx_word' id='word_1_449' title='bbox 3897 614 3962 655; x_wconf 83' lang='lat' dir='ltr'><strong>ac</strong></span> 
     </span>
     <span class='ocr_line' id='line_1_59' title="bbox 2355 686 3966 757; baseline 0.004 -16"><span class='ocrx_word' id='word_1_450' title='bbox 2355 700 2454 757; x_wconf 90' lang='lat' dir='ltr'><strong>per</strong></span> <span class='ocrx_word' id='word_1_451' title='bbox 2481 688 2928 745; x_wconf 86' lang='lat' dir='ltr'><strong>consecutionem</strong></span> <span class='ocrx_word' id='word_1_452' title='bbox 2963 686 3104 745; x_wconf 87' lang='lat' dir='ltr'><strong>tollit</strong></span> <span class='ocrx_word' id='word_1_453' title='bbox 3128 688 3403 747; x_wconf 54' lang='lat' dir='ltr'><strong>&gt;internum</strong></span> <span class='ocrx_word' id='word_1_454' title='bbox 3433 688 3721 747; x_wconf 82' lang='lat' dir='ltr'><strong>vinculum</strong></span> <span class='ocrx_word' id='word_1_455' title='bbox 3748 690 3886 747; x_wconf 87' lang='lat' dir='ltr'><strong>voti.</strong></span> <span class='ocrx_word' id='word_1_456' title='bbox 3911 692 3966 747; x_wconf 86' lang='lat' dir='ltr'><strong>Si</strong></span> 
     </span>
     <span class='ocr_line' id='line_1_60' title="bbox 2354 776 3962 852; baseline 0.002 -18"><span class='ocrx_word' id='word_1_457' title='bbox 2354 782 2540 834; x_wconf 88' lang='lat' dir='ltr'><strong>autem</strong></span> <span class='ocrx_word' id='word_1_458' title='bbox 2561 776 2670 833; x_wconf 87' lang='lat' dir='ltr'><strong>tale</strong></span> <span class='ocrx_word' id='word_1_459' title='bbox 2692 784 2839 835; x_wconf 88' lang='lat' dir='ltr'><strong>esset</strong></span> <span class='ocrx_word' id='word_1_460' title='bbox 2861 785 3070 847; x_wconf 85' lang='lat' dir='ltr'><strong>votum,</strong></span> <span class='ocrx_word' id='word_1_461' title='bbox 3098 784 3286 836; x_wconf 86' lang='lat' dir='ltr'><strong>utnon</strong></span> <span class='ocrx_word' id='word_1_462' title='bbox 3309 778 3490 836; x_wconf 91' lang='lat' dir='ltr'><strong>solum</strong></span> <span class='ocrx_word' id='word_1_463' title='bbox 3512 786 3673 837; x_wconf 85' lang='lat' dir='ltr'><strong>actus</strong></span> <span class='ocrx_word' id='word_1_464' title='bbox 3693 781 3813 852; x_wconf 86' lang='lat' dir='ltr'><strong>ipse</strong></span> <span class='ocrx_word' id='word_1_465' title='bbox 3835 795 3962 851; x_wconf 88' lang='lat' dir='ltr'><strong>pro-</strong></span> 
     </span>
     <span class='ocr_line' id='line_1_61' title="bbox 2352 865 3968 941; baseline 0.002 -18"><span class='ocrx_word' id='word_1_466' title='bbox 2352 865 2604 923; x_wconf 89' lang='lat' dir='ltr'><strong>mittendi</strong></span> <span class='ocrx_word' id='word_1_467' title='bbox 2629 872 2778 923; x_wconf 88' lang='lat' dir='ltr'><strong>esset</strong></span> <span class='ocrx_word' id='word_1_468' title='bbox 2807 866 3090 940; x_wconf 88' lang='lat' dir='ltr'><strong>mentalis,</strong></span> <span class='ocrx_word' id='word_1_469' title='bbox 3119 866 3214 924; x_wconf 90' lang='lat' dir='ltr'><strong>sed</strong></span> <span class='ocrx_word' id='word_1_470' title='bbox 3241 870 3406 926; x_wconf 88' lang='lat' dir='ltr'><strong>etiam</strong></span> <span class='ocrx_word' id='word_1_471' title='bbox 3437 870 3666 925; x_wconf 88' lang='lat' dir='ltr'><strong>materia</strong></span> <span class='ocrx_word' id='word_1_472' title='bbox 3693 870 3968 941; x_wconf 79' lang='lat' dir='ltr'><strong>promissa</strong></span> 
     </span>
     <span class='ocr_line' id='line_1_62' title="bbox 2353 957 3966 1031; baseline 0.002 -20"><span class='ocrx_word' id='word_1_473' title='bbox 2353 961 2504 1012; x_wconf 90' lang='lat' dir='ltr'><strong>esset</strong></span> <span class='ocrx_word' id='word_1_474' title='bbox 2527 957 2740 1013; x_wconf 88' lang='lat' dir='ltr'><strong>interna</strong></span> <span class='ocrx_word' id='word_1_475' title='bbox 2760 1000 2774 1025; x_wconf 86' lang='lat'><strong>,</strong></span> <span class='ocrx_word' id='word_1_476' title='bbox 2806 963 2868 1014; x_wconf 89' lang='lat' dir='ltr'><strong>ut</strong></span> <span class='ocrx_word' id='word_1_477' title='bbox 2895 963 3086 1015; x_wconf 88' lang='lat' dir='ltr'><strong>sancta</strong></span> <span class='ocrx_word' id='word_1_478' title='bbox 3113 958 3410 1031; x_wconf 85' lang='lat' dir='ltr'><strong>cogitatio,</strong></span> <span class='ocrx_word' id='word_1_479' title='bbox 3443 958 3525 1015; x_wconf 81' lang='lat' dir='ltr'><strong>vel</strong></span> <span class='ocrx_word' id='word_1_480' title='bbox 3557 958 3813 1016; x_wconf 83' lang='lat' dir='ltr'><strong>mentalis</strong></span> <span class='ocrx_word' id='word_1_481' title='bbox 3843 974 3966 1016; x_wconf 85' lang='lat' dir='ltr'><strong>ora·</strong></span> 
     </span>
     <span class='ocr_line' id='line_1_63' title="bbox 2353 1046 3968 1118; baseline 0.002 -15"><span class='ocrx_word' id='word_1_482' title='bbox 2353 1047 2450 1116; x_wconf 91' lang='lat' dir='ltr'><strong>tio,</strong></span> <span class='ocrx_word' id='word_1_483' title='bbox 2483 1060 2589 1102; x_wconf 89' lang='lat' dir='ltr'><strong>non</strong></span> <span class='ocrx_word' id='word_1_484' title='bbox 2620 1046 2795 1117; x_wconf 90' lang='lat' dir='ltr'><strong>possit</strong></span> <span class='ocrx_word' id='word_1_485' title='bbox 2821 1062 2891 1104; x_wconf 86' lang='lat' dir='ltr'><strong>ex</strong></span> <span class='ocrx_word' id='word_1_486' title='bbox 2917 1054 3072 1118; x_wconf 89' lang='lat' dir='ltr'><strong>parte</strong></span> <span class='ocrx_word' id='word_1_487' title='bbox 3097 1050 3359 1106; x_wconf 85' lang='lat' dir='ltr'><strong>materiae</strong></span> <span class='ocrx_word' id='word_1_488' title='bbox 3386 1049 3622 1117; x_wconf 86' lang='lat' dir='ltr'><strong>irritari,</strong></span> <span class='ocrx_word' id='word_1_489' title='bbox 3651 1048 3754 1105; x_wconf 85' lang='lat' dir='ltr'><strong>nisi</strong></span> <span class='ocrx_word' id='word_1_490' title='bbox 3783 1064 3968 1107; x_wconf 86' lang='lat' dir='ltr'><strong>remo-</strong></span> 
     </span>
     <span class='ocr_line' id='line_1_64' title="bbox 2355 1134 3963 1211; baseline 0.002 -20"><span class='ocrx_word' id='word_1_491' title='bbox 2355 1141 2444 1207; x_wconf 90' lang='lat' dir='ltr'><strong>te,</strong></span> <span class='ocrx_word' id='word_1_492' title='bbox 2474 1134 2858 1207; x_wconf 89' lang='lat' dir='ltr'><strong>praecipiendo</strong></span> <span class='ocrx_word' id='word_1_493' title='bbox 2898 1137 3160 1195; x_wconf 89' lang='lat' dir='ltr'><strong>nimirum</strong></span> <span class='ocrx_word' id='word_1_494' title='bbox 3201 1136 3429 1211; x_wconf 88' lang='lat' dir='ltr'><strong>aliquod</strong></span> <span class='ocrx_word' id='word_1_495' title='bbox 3469 1153 3612 1210; x_wconf 88' lang='lat' dir='ltr'><strong>opus</strong></span> <span class='ocrx_word' id='word_1_496' title='bbox 3647 1142 3963 1210; x_wconf 77' lang='lat' dir='ltr'><strong>externum,</strong></span> 
     </span>
     <span class='ocr_line' id='line_1_65' title="bbox 2353 1223 3966 1301; baseline 0.003 -20"><span class='ocrx_word' id='word_1_497' title='bbox 2353 1223 2504 1297; x_wconf 89' lang='lat' dir='ltr'><strong>quod</strong></span> <span class='ocrx_word' id='word_1_498' title='bbox 2526 1224 2676 1282; x_wconf 90' lang='lat' dir='ltr'><strong>aliud</strong></span> <span class='ocrx_word' id='word_1_499' title='bbox 2703 1226 2976 1283; x_wconf 80' lang='lat' dir='ltr'><strong>internum</strong></span> <span class='ocrx_word' id='word_1_500' title='bbox 2998 1226 3308 1299; x_wconf 86' lang='lat' dir='ltr'><strong>impediret.</strong></span> <span class='ocrx_word' id='word_1_501' title='bbox 3333 1233 3405 1285; x_wconf 83' lang='lat' dir='ltr'><strong>At</strong></span> <span class='ocrx_word' id='word_1_502' title='bbox 3430 1242 3563 1286; x_wconf 87' lang='lat' dir='ltr'><strong>vero</strong></span> <span class='ocrx_word' id='word_1_503' title='bbox 3581 1244 3682 1301; x_wconf 87' lang='lat' dir='ltr'><strong>per</strong></span> <span class='ocrx_word' id='word_1_504' title='bbox 3706 1228 3966 1286; x_wconf 86' lang='lat' dir='ltr'><strong>irritatio-</strong></span> 
     </span>
     <span class='ocr_line' id='line_1_66' title="bbox 2354 1314 3962 1388; baseline 0.003 -18"><span class='ocrx_word' id='word_1_505' title='bbox 2354 1329 2480 1371; x_wconf 89' lang='lat' dir='ltr'><strong>nem</strong></span> <span class='ocrx_word' id='word_1_506' title='bbox 2523 1314 2788 1372; x_wconf 89' lang='lat' dir='ltr'><strong>directam</strong></span> <span class='ocrx_word' id='word_1_507' title='bbox 2831 1322 3067 1388; x_wconf 89' lang='lat' dir='ltr'><strong>possnnt</strong></span> <span class='ocrx_word' id='word_1_508' title='bbox 3105 1316 3422 1376; x_wconf 89' lang='lat' dir='ltr'><strong>huiusmodi</strong></span> <span class='ocrx_word' id='word_1_509' title='bbox 3460 1324 3590 1376; x_wconf 87' lang='lat' dir='ltr'><strong>vota</strong></span> <span class='ocrx_word' id='word_1_510' title='bbox 3629 1318 3872 1384; x_wconf 83' lang='lat' dir='ltr'><strong>irritari,</strong></span> <span class='ocrx_word' id='word_1_511' title='bbox 3900 1333 3962 1375; x_wconf 86' lang='lat' dir='ltr'><strong>en</strong></span> 
     </span>
     <span class='ocr_line' id='line_1_67' title="bbox 2355 1403 3966 1479; baseline 0.002 -18"><span class='ocrx_word' id='word_1_512' title='bbox 2355 1403 2506 1476; x_wconf 89' lang='lat' dir='ltr'><strong>quod</strong></span> <span class='ocrx_word' id='word_1_513' title='bbox 2533 1420 2739 1462; x_wconf 83' lang='lat' dir='ltr'><strong>vovens</strong></span> <span class='ocrx_word' id='word_1_514' title='bbox 2767 1403 2952 1477; x_wconf 89' lang='lat' dir='ltr'><strong>quoad</strong></span> <span class='ocrx_word' id='word_1_515' title='bbox 2981 1420 3140 1463; x_wconf 86' lang='lat' dir='ltr'><strong>snam</strong></span> <span class='ocrx_word' id='word_1_516' title='bbox 3177 1405 3514 1465; x_wconf 86' lang='lat' dir='ltr'><strong>voluntatem</strong></span> <span class='ocrx_word' id='word_1_517' title='bbox 3539 1412 3596 1465; x_wconf 90' lang='lat' dir='ltr'><strong>et</strong></span> <span class='ocrx_word' id='word_1_518' title='bbox 3632 1414 3966 1479; x_wconf 84' lang='lat' dir='ltr'><strong>potestatem</strong></span> 
     </span>
     <span class='ocr_line' id='line_1_68' title="bbox 2355 1491 3962 1567; baseline 0.004 -20"><span class='ocrx_word' id='word_1_519' title='bbox 2355 1506 2416 1548; x_wconf 90' lang='lat' dir='ltr'><strong>se</strong></span> <span class='ocrx_word' id='word_1_520' title='bbox 2438 1491 2711 1566; x_wconf 90' lang='lat' dir='ltr'><strong>obligandi</strong></span> <span class='ocrx_word' id='word_1_521' title='bbox 2741 1494 2966 1551; x_wconf 85' lang='lat' dir='ltr'><strong>firmiter</strong></span> <span class='ocrx_word' id='word_1_522' title='bbox 2979 1493 3180 1567; x_wconf 87' lang='lat' dir='ltr'><strong>pendet</strong></span> <span class='ocrx_word' id='word_1_523' title='bbox 3207 1499 3428 1555; x_wconf 88' lang='lat' dir='ltr'><strong>omnino</strong></span> <span class='ocrx_word' id='word_1_524' title='bbox 3449 1513 3484 1553; x_wconf 83' lang='lat' dir='ltr'><strong>a</strong></span> <span class='ocrx_word' id='word_1_525' title='bbox 3507 1496 3796 1555; x_wconf 83' lang='lat' dir='ltr'><strong>voluntate</strong></span> <span class='ocrx_word' id='word_1_526' title='bbox 3825 1496 3962 1554; x_wconf 77' lang='lat' dir='ltr'><strong>alte·</strong></span> 
     </span>
     <span class='ocr_line' id='line_1_69' title="bbox 2355 1581 3968 1654; baseline 0.004 -17"><span class='ocrx_word' id='word_1_527' title='bbox 2355 1581 2494 1653; x_wconf 87' lang='lat' dir='ltr'><strong>rius,</strong></span> <span class='ocrx_word' id='word_1_528' title='bbox 2523 1581 2606 1638; x_wconf 83' lang='lat' dir='ltr'><strong>vel</strong></span> <span class='ocrx_word' id='word_1_529' title='bbox 2628 1582 2697 1639; x_wconf 89' lang='lat' dir='ltr'><strong>ob</strong></span> <span class='ocrx_word' id='word_1_530' title='bbox 2725 1583 3000 1640; x_wconf 74' lang='lat' dir='ltr'><strong>desectum</strong></span> <span class='ocrx_word' id='word_1_531' title='bbox 3021 1586 3238 1654; x_wconf 88' lang='lat' dir='ltr'><strong>aetatis,</strong></span> <span class='ocrx_word' id='word_1_532' title='bbox 3260 1590 3320 1643; x_wconf 89' lang='lat' dir='ltr'><strong>et</strong></span> <span class='ocrx_word' id='word_1_533' title='bbox 3346 1585 3654 1647; x_wconf 87' lang='lat' dir='ltr'><strong>naturalem</strong></span> <span class='ocrx_word' id='word_1_534' title='bbox 3676 1586 3968 1645; x_wconf 85' lang='lat' dir='ltr'><strong>subiectio-</strong></span> 
     </span>
     <span class='ocr_line' id='line_1_70' title="bbox 2357 1673 3968 1749; baseline 0.004 -22"><span class='ocrx_word' id='word_1_535' title='bbox 2357 1686 2482 1728; x_wconf 89' lang='lat' dir='ltr'><strong>nem</strong></span> <span class='ocrx_word' id='word_1_536' title='bbox 2516 1711 2531 1741; x_wconf 92' lang='lat'><strong>,</strong></span> <span class='ocrx_word' id='word_1_537' title='bbox 2573 1678 2638 1729; x_wconf 93' lang='lat' dir='ltr'><strong>nt</strong></span> <span class='ocrx_word' id='word_1_538' title='bbox 2680 1673 2732 1728; x_wconf 89' lang='lat' dir='ltr'><strong>in</strong></span> <span class='ocrx_word' id='word_1_539' title='bbox 2772 1673 2881 1731; x_wconf 81' lang='lat' dir='ltr'><strong>filio</strong></span> <span class='ocrx_word' id='word_1_540' title='bbox 2923 1673 3204 1746; x_wconf 88' lang='lat' dir='ltr'><strong>impubere</strong></span> <span class='ocrx_word' id='word_1_541' title='bbox 3235 1715 3253 1745; x_wconf 88' lang='lat'><strong>,</strong></span> <span class='ocrx_word' id='word_1_542' title='bbox 3303 1674 3390 1733; x_wconf 83' lang='lat' dir='ltr'><strong>vel</strong></span> <span class='ocrx_word' id='word_1_543' title='bbox 3431 1676 3643 1734; x_wconf 88' lang='lat' dir='ltr'><strong>ratione</strong></span> <span class='ocrx_word' id='word_1_544' title='bbox 3681 1674 3968 1749; x_wconf 83' lang='lat' dir='ltr'><strong>religiosae</strong></span> 
     </span>
     <span class='ocr_line' id='line_1_71' title="bbox 2357 1760 3965 1839; baseline 0.004 -22"><span class='ocrx_word' id='word_1_545' title='bbox 2357 1760 2734 1833; x_wconf 80' lang='lat' dir='ltr'><strong>professionis,</strong></span> <span class='ocrx_word' id='word_1_546' title='bbox 2757 1769 2815 1820; x_wconf 90' lang='lat' dir='ltr'><strong>et</strong></span> <span class='ocrx_word' id='word_1_547' title='bbox 2834 1763 2946 1820; x_wconf 85' lang='lat' dir='ltr'><strong>voti</strong></span> <span class='ocrx_word' id='word_1_548' title='bbox 2975 1762 3342 1837; x_wconf 87' lang='lat' dir='ltr'><strong>obedientiae,</strong></span> <span class='ocrx_word' id='word_1_549' title='bbox 3365 1765 3517 1839; x_wconf 87' lang='lat' dir='ltr'><strong>quod</strong></span> <span class='ocrx_word' id='word_1_550' title='bbox 3535 1764 3799 1823; x_wconf 90' lang='lat' dir='ltr'><strong>includit:</strong></span> <span class='ocrx_word' id='word_1_551' title='bbox 3827 1763 3965 1823; x_wconf 81' lang='lat' dir='ltr'><strong>banc</strong></span> 
     </span>
     <span class='ocr_line' id='line_1_72' title="bbox 2357 1851 3966 1926; baseline 0.002 -19"><span class='ocrx_word' id='word_1_552' title='bbox 2357 1855 2542 1909; x_wconf 88' lang='lat' dir='ltr'><strong>autem</strong></span> <span class='ocrx_word' id='word_1_553' title='bbox 2571 1851 2988 1924; x_wconf 89' lang='lat' dir='ltr'><strong>dependentiam</strong></span> <span class='ocrx_word' id='word_1_554' title='bbox 3025 1852 3228 1910; x_wconf 83' lang='lat' dir='ltr'><strong>habent</strong></span> <span class='ocrx_word' id='word_1_555' title='bbox 3261 1859 3390 1911; x_wconf 84' lang='lat' dir='ltr'><strong>vota</strong></span> <span class='ocrx_word' id='word_1_556' title='bbox 3417 1894 3434 1926; x_wconf 96' lang='lat'><strong>,</strong></span> <span class='ocrx_word' id='word_1_557' title='bbox 3469 1859 3533 1911; x_wconf 91' lang='lat' dir='ltr'><strong>ut</strong></span> <span class='ocrx_word' id='word_1_558' title='bbox 3565 1854 3966 1926; x_wconf 81' lang='lat' dir='ltr'><strong>promissiones</strong></span> 
     </span>
     <span class='ocr_line' id='line_1_73' title="bbox 2359 1941 3966 2013; baseline 0.001 -16"><span class='ocrx_word' id='word_1_559' title='bbox 2359 1941 2430 1999; x_wconf 86' lang='lat' dir='ltr'><strong>ad</strong></span> <span class='ocrx_word' id='word_1_560' title='bbox 2457 1943 2629 1999; x_wconf 89' lang='lat' dir='ltr'><strong>Deum</strong></span> <span class='ocrx_word' id='word_1_561' title='bbox 2659 1949 2819 2011; x_wconf 84' lang='lat' dir='ltr'><strong>sunt,</strong></span> <span class='ocrx_word' id='word_1_562' title='bbox 2851 1958 2916 2000; x_wconf 89' lang='lat' dir='ltr'><strong>ac</strong></span> <span class='ocrx_word' id='word_1_563' title='bbox 2943 1942 3177 2001; x_wconf 90' lang='lat' dir='ltr'><strong>subinde</strong></span> <span class='ocrx_word' id='word_1_564' title='bbox 3201 1943 3398 2013; x_wconf 90' lang='lat' dir='ltr'><strong>etiam,</strong></span> <span class='ocrx_word' id='word_1_565' title='bbox 3432 1948 3494 2001; x_wconf 90' lang='lat' dir='ltr'><strong>ut</strong></span> <span class='ocrx_word' id='word_1_566' title='bbox 3520 1941 3788 2001; x_wconf 74' lang='lat' dir='ltr'><strong>mentalis</strong></span> <span class='ocrx_word' id='word_1_567' title='bbox 3815 1948 3966 2013; x_wconf 81' lang='lat' dir='ltr'><strong>sunt,</strong></span> 
     </span>
     <span class='ocr_line' id='line_1_74' title="bbox 2357 2021 3966 2106; baseline 0.001 -18"><span class='ocrx_word' id='word_1_568' title='bbox 2357 2032 2486 2104; x_wconf 88' lang='lat' dir='ltr'><strong>qnia</strong></span> <span class='ocrx_word' id='word_1_569' title='bbox 2531 2039 2789 2103; x_wconf 88' lang='lat' dir='ltr'><strong>respectu</strong></span> <span class='ocrx_word' id='word_1_570' title='bbox 2819 2021 2911 2089; x_wconf 77' lang='lat' dir='ltr'><strong>Dei</strong></span> <span class='ocrx_word' id='word_1_571' title='bbox 2947 2032 3021 2089; x_wconf 87' lang='lat' dir='ltr'><strong>ibi</strong></span> <span class='ocrx_word' id='word_1_572' title='bbox 3049 2038 3528 2091; x_wconf 85' lang='lat' dir='ltr'><strong>consummantur.</strong></span> <span class='ocrx_word' id='word_1_573' title='bbox 3559 2033 3808 2106; x_wconf 86' lang='lat' dir='ltr'><strong>Denique</strong></span> <span class='ocrx_word' id='word_1_574' title='bbox 3844 2036 3966 2089; x_wconf 82' lang='lat' dir='ltr'><strong>vota</strong></span> 
     </span>
     <span class='ocr_line' id='line_1_75' title="bbox 2357 2119 3968 2192; baseline 0.001 -16"><span class='ocrx_word' id='word_1_575' title='bbox 2357 2119 2496 2176; x_wconf 87' lang='lat' dir='ltr'><strong>haec</strong></span> <span class='ocrx_word' id='word_1_576' title='bbox 2539 2119 2907 2178; x_wconf 90' lang='lat' dir='ltr'><strong>conditionem</strong></span> <span class='ocrx_word' id='word_1_577' title='bbox 2950 2120 3274 2192; x_wconf 88' lang='lat' dir='ltr'><strong>includunt,</strong></span> <span class='ocrx_word' id='word_1_578' title='bbox 3317 2122 3530 2179; x_wconf 90' lang='lat' dir='ltr'><strong>ratione</strong></span> <span class='ocrx_word' id='word_1_579' title='bbox 3567 2122 3737 2179; x_wconf 88' lang='lat' dir='ltr'><strong>cuius</strong></span> <span class='ocrx_word' id='word_1_580' title='bbox 3773 2121 3968 2179; x_wconf 81' lang='lat' dir='ltr'><strong>irritari</strong></span> 
     </span>
     <span class='ocr_line' id='line_1_76' title="bbox 2361 2209 3966 2281; baseline -0.001 -14"><span class='ocrx_word' id='word_1_581' title='bbox 2361 2216 2630 2281; x_wconf 86' lang='lat' dir='ltr'><strong>possunt,</strong></span> <span class='ocrx_word' id='word_1_582' title='bbox 2675 2226 2784 2266; x_wconf 90' lang='lat' dir='ltr'><strong>non</strong></span> <span class='ocrx_word' id='word_1_583' title='bbox 2825 2209 3156 2267; x_wconf 88' lang='lat' dir='ltr'><strong>subsistente</strong></span> <span class='ocrx_word' id='word_1_584' title='bbox 3197 2209 3531 2269; x_wconf 88' lang='lat' dir='ltr'><strong>conditione.</strong></span> <span class='ocrx_word' id='word_1_585' title='bbox 3562 2212 3633 2268; x_wconf 87' lang='lat' dir='ltr'><strong>Et</strong></span> <span class='ocrx_word' id='word_1_586' title='bbox 3669 2212 3752 2269; x_wconf 86' lang='lat' dir='ltr'><strong>ita</strong></span> <span class='ocrx_word' id='word_1_587' title='bbox 3775 2226 3844 2267; x_wconf 80' lang='lat' dir='ltr'><strong>ex</strong></span> <span class='ocrx_word' id='word_1_588' title='bbox 3887 2210 3966 2267; x_wconf 87' lang='lat' dir='ltr'><strong>bis</strong></span> 
     </span>
     <span class='ocr_line' id='line_1_77' title="bbox 2365 2299 3957 2374; baseline 0.001 -19"><span class='ocrx_word' id='word_1_589' title='bbox 2365 2299 2579 2356; x_wconf 86' lang='lat' dir='ltr'><strong>actibus</strong></span> <span class='ocrx_word' id='word_1_590' title='bbox 2619 2299 2836 2357; x_wconf 90' lang='lat' dir='ltr'><strong>nullum</strong></span> <span class='ocrx_word' id='word_1_591' title='bbox 2876 2305 3058 2372; x_wconf 88' lang='lat' dir='ltr'><strong>potest</strong></span> <span class='ocrx_word' id='word_1_592' title='bbox 3099 2301 3240 2358; x_wconf 91' lang='lat' dir='ltr'><strong>sumi</strong></span> <span class='ocrx_word' id='word_1_593' title='bbox 3283 2308 3674 2374; x_wconf 88' lang='lat' dir='ltr'><strong>argumentum</strong></span> <span class='ocrx_word' id='word_1_594' title='bbox 3702 2317 3739 2358; x_wconf 89' lang='lat' dir='ltr'><strong>a</strong></span> <span class='ocrx_word' id='word_1_595' title='bbox 3777 2300 3957 2371; x_wconf 87' lang='lat' dir='ltr'><strong>simili,</strong></span> 
     </span>
     <span class='ocr_line' id='line_1_78' title="bbox 2361 2386 3957 2461; baseline -0.001 -16"><span class='ocrx_word' id='word_1_596' title='bbox 2361 2389 2495 2460; x_wconf 89' lang='lat' dir='ltr'><strong>quia</strong></span> <span class='ocrx_word' id='word_1_597' title='bbox 2524 2396 2656 2446; x_wconf 88' lang='lat' dir='ltr'><strong>sunt</strong></span> <span class='ocrx_word' id='word_1_598' title='bbox 2682 2386 2838 2445; x_wconf 87' lang='lat' dir='ltr'><strong>valde</strong></span> <span class='ocrx_word' id='word_1_599' title='bbox 2863 2387 3094 2461; x_wconf 77' lang='lat' dir='ltr'><strong>diversi,</strong></span> <span class='ocrx_word' id='word_1_600' title='bbox 3125 2396 3183 2447; x_wconf 90' lang='lat' dir='ltr'><strong>et</strong></span> <span class='ocrx_word' id='word_1_601' title='bbox 3208 2404 3240 2446; x_wconf 89' lang='lat' dir='ltr'><strong>a</strong></span> <span class='ocrx_word' id='word_1_602' title='bbox 3274 2388 3507 2448; x_wconf 86' lang='lat' dir='ltr'><strong>diversis</strong></span> <span class='ocrx_word' id='word_1_603' title='bbox 3535 2406 3644 2447; x_wconf 89' lang='lat' dir='ltr'><strong>non</strong></span> <span class='ocrx_word' id='word_1_604' title='bbox 3674 2389 3737 2446; x_wconf 82' lang='lat' dir='ltr'><strong>fit</strong></span> <span class='ocrx_word' id='word_1_605' title='bbox 3773 2389 3957 2447; x_wconf 86' lang='lat' dir='ltr'><strong>illatio.</strong></span> 
     </span>
    </p>

    <p class='ocr_par' dir='ltr' id='par_1_16' title="bbox 2351 2478 3964 4165">
     <span class='ocr_line' id='line_1_79' title="bbox 2447 2478 3961 2552; baseline 0.001 -15"><span class='ocrx_word' id='word_1_606' title='bbox 2447 2484 2534 2539; x_wconf 86' lang='lat'><strong>11.</strong></span> <span class='ocrx_word' id='word_1_607' title='bbox 2565 2479 2836 2546; x_wconf 87' lang='lat' dir='ltr'><strong>Quartum</strong></span> <span class='ocrx_word' id='word_1_608' title='bbox 2873 2479 3187 2552; x_wconf 85' lang='lat' dir='ltr'><strong>exemplum</strong></span> <span class='ocrx_word' id='word_1_609' title='bbox 3225 2487 3349 2537; x_wconf 91' lang='lat' dir='ltr'><strong>erat</strong></span> <span class='ocrx_word' id='word_1_610' title='bbox 3377 2478 3444 2537; x_wconf 89' lang='lat' dir='ltr'><strong>de</strong></span> <span class='ocrx_word' id='word_1_611' title='bbox 3483 2480 3809 2537; x_wconf 88' lang='lat' dir='ltr'><strong>remissione</strong></span> <span class='ocrx_word' id='word_1_612' title='bbox 3835 2494 3961 2552; x_wconf 86' lang='lat' dir='ltr'><strong>poe·</strong></span> 
     </span>
     <span class='ocr_line' id='line_1_80' title="bbox 2360 2566 3963 2643; baseline 0.001 -20"><span class='ocrx_word' id='word_1_613' title='bbox 2360 2582 2558 2625; x_wconf 89' lang='lat' dir='ltr'><strong>narum</strong></span> <span class='ocrx_word' id='word_1_614' title='bbox 2585 2568 2730 2641; x_wconf 89' lang='lat' dir='ltr'><strong>apud</strong></span> <span class='ocrx_word' id='word_1_615' title='bbox 2759 2571 2928 2625; x_wconf 88' lang='lat' dir='ltr'><strong>Deum</strong></span> <span class='ocrx_word' id='word_1_616' title='bbox 2956 2582 3053 2641; x_wconf 90' lang='lat' dir='ltr'><strong>per</strong></span> <span class='ocrx_word' id='word_1_617' title='bbox 3087 2568 3453 2643; x_wconf 86' lang='lat' dir='ltr'><strong>indulgentias</strong></span> <span class='ocrx_word' id='word_1_618' title='bbox 3473 2613 3488 2641; x_wconf 88' lang='lat'><strong>,</strong></span> <span class='ocrx_word' id='word_1_619' title='bbox 3517 2567 3670 2642; x_wconf 84' lang='lat' dir='ltr'><strong>quod</strong></span> <span class='ocrx_word' id='word_1_620' title='bbox 3697 2567 3842 2626; x_wconf 87' lang='lat' dir='ltr'><strong>idem</strong></span> <span class='ocrx_word' id='word_1_621' title='bbox 3870 2566 3963 2625; x_wconf 79' lang='lat' dir='ltr'><strong>ba-</strong></span> 
     </span>
     <span class='ocr_line' id='line_1_81' title="bbox 2359 2656 3961 2733; baseline 0.001 -20"><span class='ocrx_word' id='word_1_622' title='bbox 2359 2656 2454 2715; x_wconf 86' lang='lat' dir='ltr'><strong>bet</strong></span> <span class='ocrx_word' id='word_1_623' title='bbox 2482 2674 2828 2733; x_wconf 89' lang='lat' dir='ltr'><strong>responsum.</strong></span> <span class='ocrx_word' id='word_1_624' title='bbox 2859 2659 2997 2715; x_wconf 88' lang='lat' dir='ltr'><strong>Nam</strong></span> <span class='ocrx_word' id='word_1_625' title='bbox 3024 2663 3265 2730; x_wconf 86' lang='lat' dir='ltr'><strong>potestas</strong></span> <span class='ocrx_word' id='word_1_626' title='bbox 3292 2658 3363 2716; x_wconf 92' lang='lat' dir='ltr'><strong>ad</strong></span> <span class='ocrx_word' id='word_1_627' title='bbox 3387 2657 3820 2732; x_wconf 85' lang='lat' dir='ltr'><strong>dispensandum</strong></span> <span class='ocrx_word' id='word_1_628' title='bbox 3847 2658 3961 2715; x_wconf 84' lang='lat' dir='ltr'><strong>the·</strong></span> 
     </span>
     <span class='ocr_line' id='line_1_82' title="bbox 2361 2747 3963 2824; baseline 0 -19"><span class='ocrx_word' id='word_1_629' title='bbox 2361 2764 2591 2808; x_wconf 88' lang='lat' dir='ltr'><strong>saurum</strong></span> <span class='ocrx_word' id='word_1_630' title='bbox 2615 2763 2714 2821; x_wconf 90' lang='lat' dir='ltr'><strong>per</strong></span> <span class='ocrx_word' id='word_1_631' title='bbox 2743 2749 3162 2805; x_wconf 88' lang='lat' dir='ltr'><strong>concessionem</strong></span> <span class='ocrx_word' id='word_1_632' title='bbox 3189 2747 3658 2823; x_wconf 85' lang='lat' dir='ltr'><strong>indulgentiarum</strong></span> <span class='ocrx_word' id='word_1_633' title='bbox 3677 2750 3854 2824; x_wconf 78' lang='lat' dir='ltr'><strong>magis</strong></span> <span class='ocrx_word' id='word_1_634' title='bbox 3881 2762 3963 2805; x_wconf 87' lang='lat' dir='ltr'><strong>re-</strong></span> 
     </span>
     <span class='ocr_line' id='line_1_83' title="bbox 2364 2837 3964 2911; baseline -0.001 -14"><span class='ocrx_word' id='word_1_635' title='bbox 2364 2840 2590 2897; x_wconf 89' lang='lat' dir='ltr'><strong>ducitur</strong></span> <span class='ocrx_word' id='word_1_636' title='bbox 2619 2838 2687 2895; x_wconf 89' lang='lat' dir='ltr'><strong>ad</strong></span> <span class='ocrx_word' id='word_1_637' title='bbox 2728 2844 3055 2910; x_wconf 91' lang='lat' dir='ltr'><strong>potestatem</strong></span> <span class='ocrx_word' id='word_1_638' title='bbox 3080 2837 3181 2895; x_wconf 79' lang='lat' dir='ltr'><strong>sori</strong></span> <span class='ocrx_word' id='word_1_639' title='bbox 3209 2838 3513 2911; x_wconf 80' lang='lat' dir='ltr'><strong>interioris3</strong></span> <span class='ocrx_word' id='word_1_640' title='bbox 3547 2854 3674 2897; x_wconf 87' lang='lat' dir='ltr'><strong>nam</strong></span> <span class='ocrx_word' id='word_1_641' title='bbox 3700 2838 3841 2896; x_wconf 91' lang='lat' dir='ltr'><strong>illud</strong></span> <span class='ocrx_word' id='word_1_642' title='bbox 3873 2854 3964 2896; x_wconf 87' lang='lat' dir='ltr'><strong>ne·</strong></span> 
     </span>
     <span class='ocr_line' id='line_1_84' title="bbox 2363 2928 3964 3003; baseline 0 -17"><span class='ocrx_word' id='word_1_643' title='bbox 2363 2929 2573 3003; x_wconf 89' lang='lat' dir='ltr'><strong>gotium</strong></span> <span class='ocrx_word' id='word_1_644' title='bbox 2601 2929 2770 2985; x_wconf 88' lang='lat' dir='ltr'><strong>etiam</strong></span> <span class='ocrx_word' id='word_1_645' title='bbox 2811 2934 3062 2985; x_wconf 81' lang='lat' dir='ltr'><strong>versatur</strong></span> <span class='ocrx_word' id='word_1_646' title='bbox 3087 2930 3230 2985; x_wconf 89' lang='lat' dir='ltr'><strong>inter</strong></span> <span class='ocrx_word' id='word_1_647' title='bbox 3274 2928 3550 2986; x_wconf 90' lang='lat' dir='ltr'><strong>hominem</strong></span> <span class='ocrx_word' id='word_1_648' title='bbox 3575 2935 3634 2987; x_wconf 88' lang='lat' dir='ltr'><strong>et</strong></span> <span class='ocrx_word' id='word_1_649' title='bbox 3669 2930 3880 3001; x_wconf 87' lang='lat' dir='ltr'><strong>Deum,</strong></span> <span class='ocrx_word' id='word_1_650' title='bbox 3907 2938 3964 2986; x_wconf 88' lang='lat' dir='ltr'><strong>et</strong></span> 
     </span>
     <span class='ocr_line' id='line_1_85' title="bbox 2364 3017 3962 3090; baseline 0 -15"><span class='ocrx_word' id='word_1_651' title='bbox 2364 3020 2432 3077; x_wconf 88' lang='lat' dir='ltr'><strong>ad</strong></span> <span class='ocrx_word' id='word_1_652' title='bbox 2460 3018 2758 3090; x_wconf 77' lang='lat' dir='ltr'><strong>perfectam</strong></span> <span class='ocrx_word' id='word_1_653' title='bbox 2782 3017 3157 3075; x_wconf 88' lang='lat' dir='ltr'><strong>liberationem</strong></span> <span class='ocrx_word' id='word_1_654' title='bbox 3183 3019 3390 3076; x_wconf 89' lang='lat' dir='ltr'><strong>animae</strong></span> <span class='ocrx_word' id='word_1_655' title='bbox 3413 3018 3480 3075; x_wconf 91' lang='lat' dir='ltr'><strong>ab</strong></span> <span class='ocrx_word' id='word_1_656' title='bbox 3510 3018 3658 3075; x_wconf 88' lang='lat' dir='ltr'><strong>omni</strong></span> <span class='ocrx_word' id='word_1_657' title='bbox 3687 3026 3852 3077; x_wconf 89' lang='lat' dir='ltr'><strong>reatu</strong></span> <span class='ocrx_word' id='word_1_658' title='bbox 3875 3035 3962 3076; x_wconf 90' lang='lat' dir='ltr'><strong>or·</strong></span> 
     </span>
     <span class='ocr_line' id='line_1_86' title="bbox 2361 3104 3956 3181; baseline 0 -16"><span class='ocrx_word' id='word_1_659' title='bbox 2361 3107 2613 3179; x_wconf 79' lang='lat' dir='ltr'><strong>dicatur,</strong></span> <span class='ocrx_word' id='word_1_660' title='bbox 2645 3114 2710 3166; x_wconf 92' lang='lat' dir='ltr'><strong>ut</strong></span> <span class='ocrx_word' id='word_1_661' title='bbox 2738 3108 2792 3163; x_wconf 89' lang='lat' dir='ltr'><strong>in</strong></span> <span class='ocrx_word' id='word_1_662' title='bbox 2819 3107 3041 3179; x_wconf 89' lang='lat' dir='ltr'><strong>proprio</strong></span> <span class='ocrx_word' id='word_1_663' title='bbox 3070 3113 3230 3164; x_wconf 90' lang='lat' dir='ltr'><strong>tract.</strong></span> <span class='ocrx_word' id='word_1_664' title='bbox 3263 3104 3336 3163; x_wconf 83' lang='lat' dir='ltr'><strong>de</strong></span> <span class='ocrx_word' id='word_1_665' title='bbox 3375 3104 3714 3181; x_wconf 73' lang='lat' dir='ltr'><strong>Indulqent.</strong></span> <span class='ocrx_word' id='word_1_666' title='bbox 3749 3107 3956 3165; x_wconf 85' lang='lat' dir='ltr'><strong>dictum</strong></span> 
     </span>
     <span class='ocr_line' id='line_1_87' title="bbox 2362 3195 3957 3270; baseline -0.001 -14"><span class='ocrx_word' id='word_1_667' title='bbox 2362 3206 2471 3256; x_wconf 89' lang='lat' dir='ltr'><strong>est.</strong></span> <span class='ocrx_word' id='word_1_668' title='bbox 2495 3198 2740 3270; x_wconf 89' lang='lat' dir='ltr'><strong>Denique</strong></span> <span class='ocrx_word' id='word_1_669' title='bbox 2767 3195 2916 3270; x_wconf 91' lang='lat' dir='ltr'><strong>qnod</strong></span> <span class='ocrx_word' id='word_1_670' title='bbox 2946 3197 3140 3254; x_wconf 91' lang='lat' dir='ltr'><strong>ultimo</strong></span> <span class='ocrx_word' id='word_1_671' title='bbox 3168 3197 3291 3254; x_wconf 89' lang='lat' dir='ltr'><strong>loco</strong></span> <span class='ocrx_word' id='word_1_672' title='bbox 3311 3197 3382 3253; x_wconf 90' lang='lat' dir='ltr'><strong>ibi</strong></span> <span class='ocrx_word' id='word_1_673' title='bbox 3409 3199 3738 3270; x_wconf 87' lang='lat' dir='ltr'><strong>assumitur,</strong></span> <span class='ocrx_word' id='word_1_674' title='bbox 3765 3197 3957 3256; x_wconf 78' lang='lat' dir='ltr'><strong>salsum</strong></span> 
     </span>
     <span class='ocr_line' id='line_1_88' title="bbox 2363 3285 3958 3359; baseline 0.001 -16"><span class='ocrx_word' id='word_1_675' title='bbox 2363 3292 2470 3357; x_wconf 89' lang='lat' dir='ltr'><strong>est,</strong></span> <span class='ocrx_word' id='word_1_676' title='bbox 2488 3285 2720 3357; x_wconf 90' lang='lat' dir='ltr'><strong>scilicet,</strong></span> <span class='ocrx_word' id='word_1_677' title='bbox 2741 3286 3358 3343; x_wconf 80' lang='lat' dir='ltr'><strong>excommunicationem</strong></span> <span class='ocrx_word' id='word_1_678' title='bbox 3381 3285 3512 3343; x_wconf 76' lang='lat' dir='ltr'><strong>ferri</strong></span> <span class='ocrx_word' id='word_1_679' title='bbox 3532 3293 3757 3359; x_wconf 87' lang='lat' dir='ltr'><strong>propter</strong></span> <span class='ocrx_word' id='word_1_680' title='bbox 3777 3294 3958 3344; x_wconf 87' lang='lat' dir='ltr'><strong>actum</strong></span> 
     </span>
     <span class='ocr_line' id='line_1_89' title="bbox 2369 3375 3960 3454; baseline 0 -21"><span class='ocrx_word' id='word_1_681' title='bbox 2369 3392 2508 3449; x_wconf 90' lang='lat' dir='ltr'><strong>pure</strong></span> <span class='ocrx_word' id='word_1_682' title='bbox 2538 3375 2865 3446; x_wconf 81' lang='lat' dir='ltr'><strong>mentalem3</strong></span> <span class='ocrx_word' id='word_1_683' title='bbox 2897 3392 3020 3433; x_wconf 91' lang='lat' dir='ltr'><strong>nam</strong></span> <span class='ocrx_word' id='word_1_684' title='bbox 3051 3376 3204 3447; x_wconf 90' lang='lat' dir='ltr'><strong>iura,</strong></span> <span class='ocrx_word' id='word_1_685' title='bbox 3233 3390 3377 3448; x_wconf 88' lang='lat' dir='ltr'><strong>quae</strong></span> <span class='ocrx_word' id='word_1_686' title='bbox 3405 3375 3812 3454; x_wconf 32' lang='lat' dir='ltr'><strong>loquunturode</strong></span> <span class='ocrx_word' id='word_1_687' title='bbox 3837 3393 3960 3449; x_wconf 90' lang='lat' dir='ltr'><strong>pec·</strong></span> 
     </span>
     <span class='ocr_line' id='line_1_90' title="bbox 2364 3462 3961 3539; baseline 0 -16"><span class='ocrx_word' id='word_1_688' title='bbox 2364 3475 2493 3524; x_wconf 89' lang='lat' dir='ltr'><strong>cato</strong></span> <span class='ocrx_word' id='word_1_689' title='bbox 2517 3464 2780 3537; x_wconf 87' lang='lat' dir='ltr'><strong>haeresis,</strong></span> <span class='ocrx_word' id='word_1_690' title='bbox 2799 3464 3174 3539; x_wconf 84' lang='lat' dir='ltr'><strong>intelliguntur</strong></span> <span class='ocrx_word' id='word_1_691' title='bbox 3193 3462 3261 3522; x_wconf 89' lang='lat' dir='ltr'><strong>de</strong></span> <span class='ocrx_word' id='word_1_692' title='bbox 3283 3463 3395 3533; x_wconf 89' lang='lat' dir='ltr'><strong>illa,</strong></span> <span class='ocrx_word' id='word_1_693' title='bbox 3415 3480 3558 3538; x_wconf 89' lang='lat' dir='ltr'><strong>quae</strong></span> <span class='ocrx_word' id='word_1_694' title='bbox 3575 3464 3762 3537; x_wconf 86' lang='lat' dir='ltr'><strong>prodit</strong></span> <span class='ocrx_word' id='word_1_695' title='bbox 3781 3464 3961 3539; x_wconf 88' lang='lat' dir='ltr'><strong>aliquo</strong></span> 
     </span>
     <span class='ocr_line' id='line_1_91' title="bbox 2363 3553 3961 3626; baseline 0.001 -14"><span class='ocrx_word' id='word_1_696' title='bbox 2363 3553 2527 3612; x_wconf 90' lang='lat' dir='ltr'><strong>modo</strong></span> <span class='ocrx_word' id='word_1_697' title='bbox 2557 3554 2609 3611; x_wconf 93' lang='lat' dir='ltr'><strong>in</strong></span> <span class='ocrx_word' id='word_1_698' title='bbox 2638 3560 2827 3612; x_wconf 88' lang='lat' dir='ltr'><strong>actum</strong></span> <span class='ocrx_word' id='word_1_699' title='bbox 2855 3561 3140 3612; x_wconf 84' lang='lat' dir='ltr'><strong>externum</strong></span> <span class='ocrx_word' id='word_1_700' title='bbox 3160 3594 3176 3626; x_wconf 90' lang='lat'><strong>,</strong></span> <span class='ocrx_word' id='word_1_701' title='bbox 3208 3562 3271 3611; x_wconf 91' lang='lat' dir='ltr'><strong>ut</strong></span> <span class='ocrx_word' id='word_1_702' title='bbox 3297 3554 3666 3612; x_wconf 87' lang='lat' dir='ltr'><strong>communiter</strong></span> <span class='ocrx_word' id='word_1_703' title='bbox 3701 3554 3961 3614; x_wconf 81' lang='lat' dir='ltr'><strong>doctores</strong></span> 
     </span>
     <span class='ocr_line' id='line_1_92' title="bbox 2362 3643 3958 3718; baseline 0 -16"><span class='ocrx_word' id='word_1_704' title='bbox 2362 3643 2574 3718; x_wconf 88' lang='lat' dir='ltr'><strong>allegati</strong></span> <span class='ocrx_word' id='word_1_705' title='bbox 2597 3644 2819 3716; x_wconf 88' lang='lat' dir='ltr'><strong>docent,</strong></span> <span class='ocrx_word' id='word_1_706' title='bbox 2841 3652 2898 3701; x_wconf 90' lang='lat' dir='ltr'><strong>et</strong></span> <span class='ocrx_word' id='word_1_707' title='bbox 2919 3645 2972 3700; x_wconf 91' lang='lat' dir='ltr'><strong>in</strong></span> <span class='ocrx_word' id='word_1_708' title='bbox 2997 3644 3221 3717; x_wconf 91' lang='lat' dir='ltr'><strong>propria</strong></span> <span class='ocrx_word' id='word_1_709' title='bbox 3240 3644 3468 3703; x_wconf 89' lang='lat' dir='ltr'><strong>materia</strong></span> <span class='ocrx_word' id='word_1_710' title='bbox 3487 3659 3555 3702; x_wconf 86' lang='lat' dir='ltr'><strong>ex</strong></span> <span class='ocrx_word' id='word_1_711' title='bbox 3579 3644 3828 3716; x_wconf 74' lang='lat' dir='ltr'><strong>professo</strong></span> <span class='ocrx_word' id='word_1_712' title='bbox 3849 3652 3958 3702; x_wconf 83' lang='lat' dir='ltr'><strong>tra-</strong></span> 
     </span>
     <span class='ocr_line' id='line_1_93' title="bbox 2361 3732 3956 3807; baseline 0.001 -16"><span class='ocrx_word' id='word_1_713' title='bbox 2361 3733 2627 3793; x_wconf 88' lang='lat' dir='ltr'><strong>ctandum</strong></span> <span class='ocrx_word' id='word_1_714' title='bbox 2663 3740 2778 3807; x_wconf 87' lang='lat' dir='ltr'><strong>est,</strong></span> <span class='ocrx_word' id='word_1_715' title='bbox 2807 3739 2864 3790; x_wconf 89' lang='lat' dir='ltr'><strong>et</strong></span> <span class='ocrx_word' id='word_1_716' title='bbox 2901 3732 3285 3805; x_wconf 83' lang='lat' dir='ltr'><strong>explicandum</strong></span> <span class='ocrx_word' id='word_1_717' title='bbox 3307 3774 3324 3806; x_wconf 93' lang='lat'><strong>,</strong></span> <span class='ocrx_word' id='word_1_718' title='bbox 3353 3740 3412 3791; x_wconf 89' lang='lat' dir='ltr'><strong>et</strong></span> <span class='ocrx_word' id='word_1_719' title='bbox 3449 3732 3715 3792; x_wconf 88' lang='lat' dir='ltr'><strong>nonnulla</strong></span> <span class='ocrx_word' id='word_1_720' title='bbox 3740 3734 3811 3792; x_wconf 89' lang='lat' dir='ltr'><strong>de</strong></span> <span class='ocrx_word' id='word_1_721' title='bbox 3853 3734 3956 3793; x_wconf 86' lang='lat' dir='ltr'><strong>boc</strong></span> 
     </span>
     <span class='ocr_line' id='line_1_94' title="bbox 2359 3821 3955 3896; baseline 0.001 -16"><span class='ocrx_word' id='word_1_722' title='bbox 2359 3829 2570 3896; x_wconf 88' lang='lat' dir='ltr'><strong>puncto</strong></span> <span class='ocrx_word' id='word_1_723' title='bbox 2597 3823 2832 3880; x_wconf 86' lang='lat' dir='ltr'><strong>diximus</strong></span> <span class='ocrx_word' id='word_1_724' title='bbox 2858 3824 2911 3880; x_wconf 92' lang='lat' dir='ltr'><strong>in</strong></span> <span class='ocrx_word' id='word_1_725' title='bbox 2951 3830 3100 3881; x_wconf 91' lang='lat' dir='ltr'><strong>tomo</strong></span> <span class='ocrx_word' id='word_1_726' title='bbox 3121 3823 3186 3883; x_wconf 86' lang='lat' dir='ltr'><strong>V.</strong></span> <span class='ocrx_word' id='word_1_727' title='bbox 3213 3821 3286 3879; x_wconf 87' lang='lat' dir='ltr'><strong>de</strong></span> <span class='ocrx_word' id='word_1_728' title='bbox 3324 3825 3574 3881; x_wconf 77' lang='lat' dir='ltr'><strong>Censur.</strong></span> <span class='ocrx_word' id='word_1_729' title='bbox 3599 3822 3870 3895; x_wconf 86' lang='lat' dir='ltr'><strong>disputat.</strong></span> <span class='ocrx_word' id='word_1_730' title='bbox 3901 3827 3955 3896; x_wconf 71' lang='lat'><strong>⁴,</strong></span> 
     </span>
     <span class='ocr_line' id='line_1_95' title="bbox 2351 3910 3956 3976; baseline 0.001 -7"><span class='ocrx_word' id='word_1_731' title='bbox 2351 3920 2502 3976; x_wconf 86' lang='lat' dir='ltr'><strong>sect.</strong></span> <span class='ocrx_word' id='word_1_732' title='bbox 2517 3918 2574 3970; x_wconf 84' lang='lat'><strong>2.</strong></span> <span class='ocrx_word' id='word_1_733' title='bbox 2598 3915 2674 3969; x_wconf 88' lang='lat' dir='ltr'><strong>De</strong></span> <span class='ocrx_word' id='word_1_734' title='bbox 2697 3911 2805 3969; x_wconf 85' lang='lat' dir='ltr'><strong>alia</strong></span> <span class='ocrx_word' id='word_1_735' title='bbox 2829 3913 2962 3970; x_wconf 68' lang='lat' dir='ltr'><strong>i‘ero</strong></span> <span class='ocrx_word' id='word_1_736' title='bbox 2985 3910 3310 3970; x_wconf 86' lang='lat' dir='ltr'><strong>difficultate</strong></span> <span class='ocrx_word' id='word_1_737' title='bbox 3329 3911 3402 3968; x_wconf 89' lang='lat' dir='ltr'><strong>ibi</strong></span> <span class='ocrx_word' id='word_1_738' title='bbox 3430 3917 3581 3969; x_wconf 88' lang='lat' dir='ltr'><strong>tacta</strong></span> <span class='ocrx_word' id='word_1_739' title='bbox 3598 3910 3668 3970; x_wconf 86' lang='lat' dir='ltr'><strong>de</strong></span> <span class='ocrx_word' id='word_1_740' title='bbox 3693 3911 3956 3970; x_wconf 86' lang='lat' dir='ltr'><strong>conditio-</strong></span> 
     </span>
     <span class='ocr_line' id='line_1_96' title="bbox 2357 3999 3960 4074; baseline 0.001 -16"><span class='ocrx_word' id='word_1_741' title='bbox 2357 4002 2518 4059; x_wconf 89' lang='lat' dir='ltr'><strong>nibus</strong></span> <span class='ocrx_word' id='word_1_742' title='bbox 2542 4002 2777 4061; x_wconf 86' lang='lat' dir='ltr'><strong>occultis</strong></span> <span class='ocrx_word' id='word_1_743' title='bbox 2801 4006 3030 4058; x_wconf 90' lang='lat' dir='ltr'><strong>actuum</strong></span> <span class='ocrx_word' id='word_1_744' title='bbox 3052 3999 3691 4074; x_wconf 85' lang='lat' dir='ltr'><strong>externorum,dicemus</strong></span> <span class='ocrx_word' id='word_1_745' title='bbox 3713 4017 3960 4061; x_wconf 87' lang='lat' dir='ltr'><strong>commo-</strong></span> 
     </span>
     <span class='ocr_line' id='line_1_97' title="bbox 2356 4090 2988 4165; baseline -0.005 -16"><span class='ocrx_word' id='word_1_746' title='bbox 2356 4090 2483 4150; x_wconf 88' lang='lat' dir='ltr'><strong>dius</strong></span> <span class='ocrx_word' id='word_1_747' title='bbox 2515 4093 2692 4165; x_wconf 87' lang='lat' dir='ltr'><strong>capite</strong></span> <span class='ocrx_word' id='word_1_748' title='bbox 2721 4090 2988 4164; x_wconf 86' lang='lat' dir='ltr'><strong>sequenti.</strong></span> 
     </span>
    </p>

    <p class='ocr_par' dir='ltr' id='par_1_17' title="bbox 2352 4176 3960 5329">
     <span class='ocr_line' id='line_1_98' title="bbox 2433 4176 3960 4255; baseline 0 -16"><span class='ocrx_word' id='word_1_749' title='bbox 2433 4180 2516 4239; x_wconf 88' lang='lat' dir='ltr'><strong>Ad</strong></span> <span class='ocrx_word' id='word_1_750' title='bbox 2550 4181 2801 4239; x_wconf 88' lang='lat' dir='ltr'><strong>ultimam</strong></span> <span class='ocrx_word' id='word_1_751' title='bbox 2829 4178 3295 4237; x_wconf 81' lang='lat' dir='ltr'><strong>confirmationem</strong></span> <span class='ocrx_word' id='word_1_752' title='bbox 3316 4176 3385 4237; x_wconf 92' lang='lat' dir='ltr'><strong>de</strong></span> <span class='ocrx_word' id='word_1_753' title='bbox 3413 4177 3752 4237; x_wconf 88' lang='lat' dir='ltr'><strong>subiectione</strong></span> <span class='ocrx_word' id='word_1_754' title='bbox 3778 4180 3960 4255; x_wconf 85' lang='lat' dir='ltr'><strong>quoad</strong></span> 
     </span>
     <span class='ocr_line' id='line_1_99' title="bbox 2356 4266 3960 4343; baseline 0 -14"><span class='ocrx_word' id='word_1_755' title='bbox 2356 4277 2520 4329; x_wconf 87' lang='lat' dir='ltr'><strong>actus</strong></span> <span class='ocrx_word' id='word_1_756' title='bbox 2548 4271 2792 4327; x_wconf 90' lang='lat' dir='ltr'><strong>internos</strong></span> <span class='ocrx_word' id='word_1_757' title='bbox 2829 4267 3100 4326; x_wconf 87' lang='lat' dir='ltr'><strong>mediante</strong></span> <span class='ocrx_word' id='word_1_758' title='bbox 3125 4273 3253 4324; x_wconf 83' lang='lat' dir='ltr'><strong>voto</strong></span> <span class='ocrx_word' id='word_1_759' title='bbox 3273 4309 3290 4342; x_wconf 90' lang='lat'><strong>,</strong></span> <span class='ocrx_word' id='word_1_760' title='bbox 3319 4284 3430 4325; x_wconf 88' lang='lat' dir='ltr'><strong>non</strong></span> <span class='ocrx_word' id='word_1_761' title='bbox 3458 4266 3690 4343; x_wconf 84' lang='lat' dir='ltr'><strong>desunt,</strong></span> <span class='ocrx_word' id='word_1_762' title='bbox 3720 4271 3816 4343; x_wconf 86' lang='lat' dir='ltr'><strong>qui</strong></span> <span class='ocrx_word' id='word_1_763' title='bbox 3852 4272 3960 4329; x_wconf 78' lang='lat' dir='ltr'><strong>exi·</strong></span> 
     </span>
     <span class='ocr_line' id='line_1_100' title="bbox 2358 4356 3960 4432; baseline 0 -14"><span class='ocrx_word' id='word_1_764' title='bbox 2358 4361 2600 4429; x_wconf 89' lang='lat' dir='ltr'><strong>stiment,</strong></span> <span class='ocrx_word' id='word_1_765' title='bbox 2622 4359 2784 4417; x_wconf 90' lang='lat' dir='ltr'><strong>etiam</strong></span> <span class='ocrx_word' id='word_1_766' title='bbox 2812 4358 3020 4416; x_wconf 89' lang='lat' dir='ltr'><strong>ratione</strong></span> <span class='ocrx_word' id='word_1_767' title='bbox 3042 4358 3156 4415; x_wconf 87' lang='lat' dir='ltr'><strong>voti</strong></span> <span class='ocrx_word' id='word_1_768' title='bbox 3177 4356 3512 4415; x_wconf 84' lang='lat' dir='ltr'><strong>obedientiae</strong></span> <span class='ocrx_word' id='word_1_769' title='bbox 3533 4374 3644 4415; x_wconf 88' lang='lat' dir='ltr'><strong>non</strong></span> <span class='ocrx_word' id='word_1_770' title='bbox 3668 4374 3835 4432; x_wconf 85' lang='lat' dir='ltr'><strong>posse</strong></span> <span class='ocrx_word' id='word_1_771' title='bbox 3865 4378 3960 4419; x_wconf 87' lang='lat' dir='ltr'><strong>su-</strong></span> 
     </span>
     <span class='ocr_line' id='line_1_101' title="bbox 2361 4448 3955 4526; baseline 0 -19"><span class='ocrx_word' id='word_1_772' title='bbox 2361 4452 2632 4524; x_wconf 89' lang='lat' dir='ltr'><strong>periorem</strong></span> <span class='ocrx_word' id='word_1_773' title='bbox 2660 4448 2978 4521; x_wconf 88' lang='lat' dir='ltr'><strong>praecipere</strong></span> <span class='ocrx_word' id='word_1_774' title='bbox 3005 4452 3196 4504; x_wconf 90' lang='lat' dir='ltr'><strong>actum</strong></span> <span class='ocrx_word' id='word_1_775' title='bbox 3223 4462 3377 4505; x_wconf 91' lang='lat' dir='ltr'><strong>mere</strong></span> <span class='ocrx_word' id='word_1_776' title='bbox 3401 4448 3703 4521; x_wconf 89' lang='lat' dir='ltr'><strong>internum,</strong></span> <span class='ocrx_word' id='word_1_777' title='bbox 3725 4456 3793 4506; x_wconf 91' lang='lat' dir='ltr'><strong>ut</strong></span> <span class='ocrx_word' id='word_1_778' title='bbox 3817 4466 3874 4507; x_wconf 86' lang='lat' dir='ltr'><strong>v.</strong></span> <span class='ocrx_word' id='word_1_779' title='bbox 3897 4468 3955 4526; x_wconf 84' lang='lat' dir='ltr'><strong>g.</strong></span> 
     </span>
     <span class='ocr_line' id='line_1_102' title="bbox 2357 4535 3957 4610; baseline 0 -13"><span class='ocrx_word' id='word_1_780' title='bbox 2357 4540 2662 4598; x_wconf 88' lang='lat' dir='ltr'><strong>orationem</strong></span> <span class='ocrx_word' id='word_1_781' title='bbox 2692 4536 3002 4608; x_wconf 80' lang='lat' dir='ltr'><strong>mentalem3</strong></span> <span class='ocrx_word' id='word_1_782' title='bbox 3035 4535 3166 4609; x_wconf 86' lang='lat' dir='ltr'><strong>quia</strong></span> <span class='ocrx_word' id='word_1_783' title='bbox 3193 4535 3317 4593; x_wconf 88' lang='lat' dir='ltr'><strong>licet</strong></span> <span class='ocrx_word' id='word_1_784' title='bbox 3343 4535 3516 4610; x_wconf 89' lang='lat' dir='ltr'><strong>possit</strong></span> <span class='ocrx_word' id='word_1_785' title='bbox 3543 4536 3840 4610; x_wconf 84' lang='lat' dir='ltr'><strong>prohibere</strong></span> <span class='ocrx_word' id='word_1_786' title='bbox 3865 4554 3957 4597; x_wconf 80' lang='lat' dir='ltr'><strong>ex-</strong></span> 
     </span>
     <span class='ocr_line' id='line_1_103' title="bbox 2367 4625 3958 4700; baseline -0.001 -12"><span class='ocrx_word' id='word_1_787' title='bbox 2367 4630 2598 4688; x_wconf 88' lang='lat' dir='ltr'><strong>teriores</strong></span> <span class='ocrx_word' id='word_1_788' title='bbox 2618 4633 2800 4699; x_wconf 87' lang='lat' dir='ltr'><strong>actus,</strong></span> <span class='ocrx_word' id='word_1_789' title='bbox 2825 4627 2920 4700; x_wconf 86' lang='lat' dir='ltr'><strong>qui</strong></span> <span class='ocrx_word' id='word_1_790' title='bbox 2943 4625 3265 4683; x_wconf 87' lang='lat' dir='ltr'><strong>interiorem</strong></span> <span class='ocrx_word' id='word_1_791' title='bbox 3284 4626 3549 4698; x_wconf 89' lang='lat' dir='ltr'><strong>impedire</strong></span> <span class='ocrx_word' id='word_1_792' title='bbox 3570 4630 3824 4699; x_wconf 82' lang='lat' dir='ltr'><strong>possunt,</strong></span> <span class='ocrx_word' id='word_1_793' title='bbox 3851 4644 3958 4687; x_wconf 88' lang='lat' dir='ltr'><strong>non</strong></span> 
     </span>
     <span class='ocr_line' id='line_1_104' title="bbox 2357 4715 3960 4790; baseline 0.003 -17"><span class='ocrx_word' id='word_1_794' title='bbox 2357 4734 2488 4777; x_wconf 75' lang='lat' dir='ltr'><strong>vero</strong></span> <span class='ocrx_word' id='word_1_795' title='bbox 2516 4716 2722 4787; x_wconf 82' lang='lat' dir='ltr'><strong>directe</strong></span> <span class='ocrx_word' id='word_1_796' title='bbox 2749 4717 2989 4790; x_wconf 88' lang='lat' dir='ltr'><strong>obligare</strong></span> <span class='ocrx_word' id='word_1_797' title='bbox 3017 4716 3086 4773; x_wconf 90' lang='lat' dir='ltr'><strong>ad</strong></span> <span class='ocrx_word' id='word_1_798' title='bbox 3113 4715 3482 4774; x_wconf 85' lang='lat' dir='ltr'><strong>exercendum</strong></span> <span class='ocrx_word' id='word_1_799' title='bbox 3511 4722 3698 4775; x_wconf 89' lang='lat' dir='ltr'><strong>actum</strong></span> <span class='ocrx_word' id='word_1_800' title='bbox 3737 4718 3960 4778; x_wconf 88' lang='lat' dir='ltr'><strong>interio-</strong></span> 
     </span>
     <span class='ocr_line' id='line_1_105' title="bbox 2357 4802 3954 4884; baseline 0.001 -18"><span class='ocrx_word' id='word_1_801' title='bbox 2357 4824 2496 4866; x_wconf 88' lang='lat' dir='ltr'><strong>rem.</strong></span> <span class='ocrx_word' id='word_1_802' title='bbox 2522 4810 2593 4865; x_wconf 89' lang='lat' dir='ltr'><strong>Et</strong></span> <span class='ocrx_word' id='word_1_803' title='bbox 2611 4802 3032 4864; x_wconf 79' lang='lat' dir='ltr'><strong>videtur&#39;l&#39;avere</strong></span> <span class='ocrx_word' id='word_1_804' title='bbox 3050 4804 3110 4863; x_wconf 89' lang='lat' dir='ltr'><strong>d.</strong></span> <span class='ocrx_word' id='word_1_805' title='bbox 3134 4804 3368 4863; x_wconf 83' lang='lat' dir='ltr'><strong>Thomas</strong></span> <span class='ocrx_word' id='word_1_806' title='bbox 3388 4810 3446 4864; x_wconf 80' lang='lat'><strong>2.</strong></span> <span class='ocrx_word' id='word_1_807' title='bbox 3461 4810 3520 4878; x_wconf 81' lang='lat'><strong>2,</strong></span> <span class='ocrx_word' id='word_1_808' title='bbox 3535 4822 3593 4879; x_wconf 88' lang='lat' dir='ltr'><strong>q.</strong></span> <span class='ocrx_word' id='word_1_809' title='bbox 3623 4810 3751 4878; x_wconf 72' lang='lat'><strong>104,</strong></span> <span class='ocrx_word' id='word_1_810' title='bbox 3770 4816 3878 4866; x_wconf 87' lang='lat' dir='ltr'><strong>art.</strong></span> <span class='ocrx_word' id='word_1_811' title='bbox 3901 4816 3954 4884; x_wconf 81' lang='lat'><strong>5,</strong></span> 
     </span>
     <span class='ocr_line' id='line_1_106' title="bbox 2355 4894 3956 4973; baseline 0.002 -18"><span class='ocrx_word' id='word_1_812' title='bbox 2355 4905 2629 4973; x_wconf 88' lang='lat' dir='ltr'><strong>quatenus</strong></span> <span class='ocrx_word' id='word_1_813' title='bbox 2655 4894 2977 4972; x_wconf 84' lang='lat' dir='ltr'><strong>generaliter</strong></span> <span class='ocrx_word' id='word_1_814' title='bbox 3005 4896 3099 4967; x_wconf 92' lang='lat' dir='ltr'><strong>ait,</strong></span> <span class='ocrx_word' id='word_1_815' title='bbox 3124 4894 3307 4969; x_wconf 83' lang='lat' dir='ltr'><strong>quoad</strong></span> <span class='ocrx_word' id='word_1_816' title='bbox 3336 4895 3622 4953; x_wconf 87' lang='lat' dir='ltr'><strong>interiores</strong></span> <span class='ocrx_word' id='word_1_817' title='bbox 3647 4898 3812 4956; x_wconf 85' lang='lat' dir='ltr'><strong>animi</strong></span> <span class='ocrx_word' id='word_1_818' title='bbox 3843 4916 3956 4957; x_wconf 89' lang='lat' dir='ltr'><strong>mo·</strong></span> 
     </span>
     <span class='ocr_line' id='line_1_107' title="bbox 2356 4983 3952 5046; baseline 0.001 -2"><span class='ocrx_word' id='word_1_819' title='bbox 2356 4994 2448 5044; x_wconf 87' lang='lat' dir='ltr'><strong>tus</strong></span> <span class='ocrx_word' id='word_1_820' title='bbox 2490 4983 2906 5043; x_wconf 84' lang='lat' dir='ltr'><strong>hominem‘soli</strong></span> <span class='ocrx_word' id='word_1_821' title='bbox 2945 4985 3056 5042; x_wconf 87' lang='lat' dir='ltr'><strong>Deo</strong></span> <span class='ocrx_word' id='word_1_822' title='bbox 3085 4983 3304 5041; x_wconf 89' lang='lat' dir='ltr'><strong>subiici.</strong></span> <span class='ocrx_word' id='word_1_823' title='bbox 3327 4986 3388 5041; x_wconf 93' lang='lat' dir='ltr'><strong>ln</strong></span> <span class='ocrx_word' id='word_1_824' title='bbox 3431 4986 3782 5045; x_wconf 87' lang='lat' dir='ltr'><strong>contrarium</strong></span> <span class='ocrx_word' id='word_1_825' title='bbox 3820 5004 3952 5046; x_wconf 84' lang='lat' dir='ltr'><strong>vero</strong></span> 
     </span>
     <span class='ocr_line' id='line_1_108' title="bbox 2352 5072 3957 5150; baseline 0 -15"><span class='ocrx_word' id='word_1_826' title='bbox 2352 5084 2438 5136; x_wconf 87' lang='lat' dir='ltr'><strong>est</strong></span> <span class='ocrx_word' id='word_1_827' title='bbox 2458 5119 2472 5148; x_wconf 90' lang='lat'>‚</span> <span class='ocrx_word' id='word_1_828' title='bbox 2501 5074 2630 5150; x_wconf 88' lang='lat' dir='ltr'><strong>quia</strong></span> <span class='ocrx_word' id='word_1_829' title='bbox 2657 5074 2822 5133; x_wconf 90' lang='lat' dir='ltr'><strong>homo</strong></span> <span class='ocrx_word' id='word_1_830' title='bbox 2853 5077 3038 5145; x_wconf 88' lang='lat' dir='ltr'><strong>potest</strong></span> <span class='ocrx_word' id='word_1_831' title='bbox 3063 5088 3262 5130; x_wconf 79' lang='lat' dir='ltr'><strong>vovere</strong></span> <span class='ocrx_word' id='word_1_832' title='bbox 3289 5074 3400 5131; x_wconf 88' lang='lat' dir='ltr'><strong>Deo</strong></span> <span class='ocrx_word' id='word_1_833' title='bbox 3433 5072 3745 5133; x_wconf 85' lang='lat' dir='ltr'><strong>immediate</strong></span> <span class='ocrx_word' id='word_1_834' title='bbox 3770 5083 3831 5134; x_wconf 89' lang='lat' dir='ltr'><strong>et</strong></span> <span class='ocrx_word' id='word_1_835' title='bbox 3864 5077 3957 5135; x_wconf 83' lang='lat' dir='ltr'><strong>ab·</strong></span> 
     </span>
     <span class='ocr_line' id='line_1_109' title="bbox 2353 5163 3958 5236; baseline 0.001 -12"><span class='ocrx_word' id='word_1_836' title='bbox 2353 5165 2532 5223; x_wconf 87' lang='lat' dir='ltr'><strong>solute</strong></span> <span class='ocrx_word' id='word_1_837' title='bbox 2570 5169 2756 5221; x_wconf 88' lang='lat' dir='ltr'><strong>actum</strong></span> <span class='ocrx_word' id='word_1_838' title='bbox 2785 5176 2936 5219; x_wconf 89' lang='lat' dir='ltr'><strong>mere</strong></span> <span class='ocrx_word' id='word_1_839' title='bbox 2976 5164 3286 5236; x_wconf 87' lang='lat' dir='ltr'><strong>internum,</strong></span> <span class='ocrx_word' id='word_1_840' title='bbox 3317 5167 3383 5219; x_wconf 88' lang='lat' dir='ltr'><strong>ut</strong></span> <span class='ocrx_word' id='word_1_841' title='bbox 3420 5177 3610 5221; x_wconf 86' lang='lat' dir='ltr'><strong>omnes</strong></span> <span class='ocrx_word' id='word_1_842' title='bbox 3640 5163 3692 5220; x_wconf 91' lang='lat' dir='ltr'><strong>in</strong></span> <span class='ocrx_word' id='word_1_843' title='bbox 3733 5168 3958 5225; x_wconf 85' lang='lat' dir='ltr'><strong>materia</strong></span> 
     </span>
     <span class='ocr_line' id='line_1_110' title="bbox 2352 5252 3956 5329; baseline 0.001 -15"><span class='ocrx_word' id='word_1_844' title='bbox 2352 5254 2420 5314; x_wconf 90' lang='lat' dir='ltr'><strong>de</strong></span> <span class='ocrx_word' id='word_1_845' title='bbox 2447 5262 2578 5313; x_wconf 88' lang='lat' dir='ltr'><strong>voto</strong></span> <span class='ocrx_word' id='word_1_846' title='bbox 2605 5253 2858 5313; x_wconf 88' lang='lat' dir='ltr'><strong>absolute</strong></span> <span class='ocrx_word' id='word_1_847' title='bbox 2885 5252 3152 5327; x_wconf 73' lang='lat' dir='ltr'><strong>fatentur,</strong></span> <span class='ocrx_word' id='word_1_848' title='bbox 3175 5257 3235 5310; x_wconf 91' lang='lat' dir='ltr'><strong>et</strong></span> <span class='ocrx_word' id='word_1_849' title='bbox 3259 5256 3348 5311; x_wconf 87' lang='lat' dir='ltr'><strong>est</strong></span> <span class='ocrx_word' id='word_1_850' title='bbox 3375 5265 3466 5311; x_wconf 87' lang='lat' dir='ltr'><strong>res</strong></span> <span class='ocrx_word' id='word_1_851' title='bbox 3494 5252 3670 5327; x_wconf 89' lang='lat' dir='ltr'><strong>clara,</strong></span> <span class='ocrx_word' id='word_1_852' title='bbox 3693 5256 3824 5329; x_wconf 85' lang='lat' dir='ltr'><strong>quia</strong></span> <span class='ocrx_word' id='word_1_853' title='bbox 3851 5256 3956 5317; x_wconf 88' lang='lat' dir='ltr'><strong>tale</strong></span> 
     </span>
    </p>
   </div>
   <div class='ocr_carea' id='block_1_14' title="bbox 4165 16 4180 3951">
    <p class='ocr_par' dir='ltr' id='par_1_18' title="bbox 4165 16 4180 3951">
     <span class='ocr_line' id='line_1_111' title="bbox 4165 16 4180 3951; baseline 0 0"><span class='ocrx_word' id='word_1_854' title='bbox 4165 16 4180 3951; x_wconf 95' lang='lat' dir='ltr'><strong> </strong></span> 
     </span>
    </p>
   </div>
  </div>
 </body>
</html>
