4325 6267
1834 332 2045 382 carm·
2073 335 2136 380 V.

350 465 515 523 turali
536 506 551 535 ,
588 463 762 519 multo
790 464 963 537 magis
990 463 1174 519 dicent
1202 461 1343 518 idem
1372 461 1439 518 de
1468 460 1587 532 lege
1608 460 1773 517 civili.
1802 457 1951 515 Unde

343 558 508 612 etiam
542 569 890 627 consequens
915 559 1033 625 est,
1068 559 1131 609 ut
1150 551 1217 609 de
1246 552 1500 608 omnibus
1530 550 1776 607 fidelibus
1804 550 1945 606 idem

343 643 529 700 dicere
563 643 829 714 debeant,
862 651 981 700 tum
1010 644 1136 714 quia
1162 642 1267 714 ipsi
1294 642 1518 711 dicunt,
1548 656 1737 697 omnes
1766 638 1949 695 fideles

344 749 467 789 esse
504 734 713 802 iustos,
745 733 787 787 si
826 738 1003 788 tamen
1030 747 1093 787 ea
1120 730 1254 799 fide,
1294 747 1461 804 quam
1487 732 1591 803 ipsi
1619 732 1868 804 fingunt,
1898 728 1951 784 id

344 828 432 878 est
472 827 625 879 certa
666 820 867 877 fiducia
909 820 977 877 de
1004 836 1105 877 sua
1134 820 1367 891 iustitia,
1399 819 1529 891 quia
1556 826 1687 875 tunc
1716 818 1845 874 nihil
1874 819 1951 873 eis

347 912 679 981 imputatur,
729 911 939 966 etiamsi
982 915 1175 966 contra
1212 923 1624 981 quamcumque
1651 908 1829 981 legem
1859 906 1947 961 sit:

347 1006 467 1055 tum
488 1000 649 1055 etiam
674 1000 801 1071 quia
822 1000 921 1071 ipsi
941 998 1155 1071 dicunt,
1178 997 1457 1055 Christum
1483 998 1741 1055 liberasse
1762 1011 1951 1052 omnes

348 1106 383 1145 a
426 1090 556 1159 iugo
612 1090 1019 1161 cuiuscumque
1068 1087 1235 1161 legis,
1276 1103 1409 1159 ergo
1448 1102 1606 1143 nemo
1646 1091 1832 1159 potest
1856 1100 1953 1141 eos

353 1176 629 1233 subiicere
654 1220 669 1247 ,
700 1177 813 1232 sive
841 1177 968 1233 iusti
996 1178 1133 1247 sint,
1164 1178 1277 1233 sive
1304 1192 1410 1231 non
1440 1178 1567 1232 sint.

428 1272 486 1323 2.
516 1265 871 1323 Nihilominus
925 1265 1218 1323 dicendum
1256 1272 1342 1321 est
1368 1267 1576 1335 primo:
1607 1265 1955 1335 Magistratus

353 1356 529 1412 civilis
555 1356 719 1412 etiam
748 1354 796 1410 in
830 1356 947 1427 lege
988 1358 1196 1428 gratiae
1223 1363 1283 1412 et
1308 1356 1451 1411 inter
1476 1354 1804 1411 christianos
1834 1368 1956 1424 per-

358 1445 577 1515 mansit,
606 1460 875 1516 suamque
908 1444 1014 1500 vim
1036 1450 1092 1501 et
1111 1450 1439 1516 potestatem
1467 1445 1664 1501 retinet
1683 1458 1814 1499 cum
1837 1458 1955 1497 mo-

356 1534 635 1591 deratione
679 1533 771 1588 tali
811 1534 978 1589 statui
1019 1532 1457 1612 accommodata.
1508 1535 1659 1589 Hanc
1709 1530 1953 1588 ultimam

358 1632 565 1695 partem
592 1624 913 1679 remittimus
941 1625 993 1678 in
1022 1622 1222 1679 librum
1250 1630 1591 1695 sequentem,
1628 1623 1718 1679 ubi
1746 1621 1811 1678 de
1844 1622 1952 1693 spi-

358 1710 539 1767 rituali
568 1717 839 1782 potestate
871 1710 1169 1784 legislativa
1194 1710 1487 1769 dicendum
1514 1718 1628 1780 est3
1662 1727 1786 1767 nam
1818 1710 1952 1767 baec

356 1800 655 1857 moderatio
688 1806 803 1857 tota
832 1801 1087 1858 consistit
1112 1802 1167 1856 in
1198 1799 1643 1857 subordinatione
1670 1800 1953 1872 magistra·

357 1898 449 1947 tus
488 1889 663 1947 civilis
702 1891 772 1948 ad
797 1890 1269 1962 ecclesiasticum,
1299 1898 1354 1948 et
1380 1890 1497 1947 ideo
1526 1892 1641 1946 sine
1672 1890 1836 1945 huius
1858 1904 1953 1945 co·

356 1981 594 2053 gnitione
627 1980 887 2051 explicari
910 1995 1019 2035 non
1044 1987 1254 2052 potest,
1278 1980 1475 2035 omissa
1496 1995 1629 2053 ergo
1654 1978 1754 2035 hac
1777 1984 1951 2052 parte,

358 2068 643 2125 conclusio
686 2070 861 2141 posita
888 2076 975 2125 est
1001 2068 1067 2125 de
1092 2069 1214 2126 tide.
1248 2069 1515 2126 Probatur
1542 2068 1717 2141 primo
1748 2084 1813 2125 ex
1842 2068 1950 2135 his,

356 2174 499 2231 quae
528 2159 947 2229 insinuavimus,
976 2159 1262 2216 referendo
1290 2161 1575 2231 antiquum
1598 2174 1843 2215 errorem
1866 2160 1955 2215 lu-

358 2248 457 2305 dae
482 2248 712 2321 galilaei,
742 2264 869 2304 nam
892 2247 976 2304 ille
1006 2249 1210 2305 virtute
1238 2248 1533 2305 damnatus
1554 2248 1657 2305 suit
1678 2264 1710 2304 a
1736 2247 1954 2304 Christo

356 2340 614 2408 Domino,
643 2332 899 2410 ‘quando
939 2338 1026 2395 illa
1064 2339 1385 2411 occasione,
1437 2344 1498 2395 ut
1543 2354 1709 2410 supra
1743 2337 1956 2395 diceba-

361 2444 519 2490 mus,
556 2430 924 2501 interrogatus
962 2444 1029 2483 an
1066 2428 1254 2484 liceret
1288 2428 1419 2485 dare
1448 2429 1665 2484 Caesari
1703 2443 1952 2495 censum,

360 2516 653 2587 respondet
690 2518 871 2573 Lucae
912 2521 1017 2585 20,
1058 2523 1114 2572 et
1155 2517 1340 2573 Matth.
1384 2521 1486 2574 22:
1519 2514 1945 2590 Reciditur-90,

358 2623 511 2680 quae
536 2611 673 2663 sunt
713 2608 1028 2667 Caesaris,
1067 2609 1359 2666 Caesari:
1385 2610 1441 2663 et
1467 2622 1623 2679 quae
1650 2611 1789 2662 sunt
1816 2609 1947 2672 Dei,

358 2701 501 2753 Deo.
542 2698 623 2753 Ex
656 2712 769 2769 quo
806 2696 931 2752 loco
969 2695 1177 2769 colligit
1204 2702 1561 2768 praeceptum
1588 2695 1835 2752 solvendi
1863 2698 1957 2752 tri-

358 2786 491 2843 buta
520 2786 859 2858 principibus
894 2786 1135 2842 Iustinus
1164 2783 1393 2859 Apolog.
1419 2791 1473 2843 2.
1505 2800 1601 2858 pro
1622 2786 1952 2856 christianis,

360 2874 759 2949 aliquantulum
799 2892 829 2930 a
870 2876 1153 2947 principio.
1198 2876 1353 2945 Quod
1398 2876 1565 2932 etiam
1615 2876 1958 2932 confirmavit

358 2965 609 3023 Christus
633 2964 821 3020 unuh.
864 2967 927 3023 17
946 3008 959 3035 ,
987 2981 1117 3023 cum
1147 2966 1306 3022 iussit
1331 2967 1661 3023 tributorum
1690 2968 1958 3022 exactori-

360 3056 465 3112 bus
504 3071 605 3126 pro
642 3071 699 3111 se
738 3061 796 3111 et
831 3057 993 3111 Petro
1023 3055 1173 3112 reddi
1204 3055 1497 3112 tributum:
1528 3054 1955 3128 expenduntque

360 3148 614 3201 irenaeus
656 3143 749 3200 lib.
808 3150 871 3214 5,
916 3161 1040 3217 cap.
1086 3149 1194 3215 24,
1237 3151 1292 3201 et
1331 3144 1649 3202 Ambrosius
1693 3144 1781 3199 lib.
1815 3149 1869 3202 ⁴.
1905 3146 1955 3200 iu

360 3238 500 3292 Luc.
538 3249 661 3305 cap.
710 3234 994 3305 penultim.
1034 3234 1310 3303 dicentes,
1340 3233 1408 3289 ibi
1437 3248 1557 3289 esse
1584 3232 1772 3288 datum
1804 3233 1957 3303 spiri—

362 3326 505 3380 tuale
532 3324 925 3380 documentum
946 3366 959 3393 ,
986 3338 1097 3397 quo
1125 3322 1404 3380 christiani
1430 3324 1525 3378 viri
1548 3322 1957 3379 sublimioribus

361 3412 720 3485 potestatibus
750 3412 1020 3469 docentur
1048 3412 1247 3469 debere
1274 3428 1395 3468 esse
1422 3411 1683 3484 subiecti,
1708 3420 1765 3467 et
1794 3410 1955 3467 habe-

361 3511 453 3559 tur
476 3504 525 3558 in
549 3520 601 3559 c.
628 3503 945 3575 Maqnum,
985 3506 1039 3561 lt
1063 3544 1076 3569 ,
1100 3518 1156 3575 q.
1194 3508 1239 3560 t.
1268 3504 1381 3559 lmo
1403 3502 1557 3558 multi
1578 3510 1807 3558 censent
1825 3518 1955 3559 cum

358 3593 608 3649 Christus
648 3591 782 3648 dixit
818 3593 971 3648 loau.
1022 3596 1125 3649 to:
1178 3594 1335 3667 Quot
1373 3597 1512 3649 ante
1538 3608 1631 3648 me
1657 3596 1948 3659 venerunt,

340 3679 521 3753 sures
546 3686 687 3737 sunt
712 3683 769 3736 et
793 3680 1056 3737 latrones
1076 3726 1089 3748 ,
1118 3695 1223 3736 non
1252 3680 1430 3737 solum
1454 3688 1679 3753 propter
1702 3684 1955 3753 antiquos

359 3769 893 3842 pseudoprophetas,
920 3768 1014 3825 sed
1037 3776 1262 3841 propter
1282 3786 1399 3840 eos,
1422 3772 1517 3844 qui
1541 3772 1778 3843 proxime
1803 3788 1959 3843 prae-

358 3867 667 3929 cesserant,
710 3860 854 3916 inter
895 3875 1039 3932 quos
1079 3858 1167 3917 ille
1210 3858 1371 3916 Iudas
1411 3861 1621 3929 suerat,
1654 3861 1707 3916 id
1734 3861 1949 3919 dixisse.

360 3950 433 4006 Ut
452 3948 619 4005 videri
650 3955 829 4021 potest
850 3950 898 4005 in
921 3949 1207 4024 chrysost.
1233 3949 1529 4026 Theophyl.
1559 3956 1614 4006 et
1634 3950 1951 4027 Euthymio,

358 4055 503 4111 quos
534 4046 842 4112 sequuntur
863 4038 1084 4095 Toletus
1106 4046 1163 4094 et
1180 4039 1519 4097 Maldonatus
1542 4040 1595 4094 in
1620 4041 1833 4095 loannis
1864 4047 1950 4112 10,

356 4135 413 4184 et
442 4130 673 4184 Lorinus
700 4133 892 4187 Actor.
926 4132 989 4197 5,
1020 4130 1114 4199 qui
1144 4127 1279 4184 alios
1308 4127 1571 4184 referunt.
1604 4129 1794 4185 Posset
1822 4146 1953 4185 vero

360 4220 487 4290 quis
515 4217 729 4290 dicere,
760 4217 880 4274 illos
909 4233 975 4273 eo
1004 4225 1251 4288 tempore
1277 4232 1524 4289 errasse,
1557 4218 1685 4290 quia
1714 4220 1952 4276 nondum

360 4324 529 4365 verus
569 4308 817 4365 Christus
868 4314 1117 4375 venerat,
1147 4323 1249 4364 nec
1292 4322 1447 4363 suam
1474 4308 1779 4365 Ecclesiam
1807 4310 1959 4365 insti·

358 4404 571 4468 tuerat,
615 4405 671 4455 et
710 4398 781 4453 ita
820 4397 1015 4454 Christi
1055 4397 1218 4453 verba
1260 4396 1442 4452 solum
1482 4396 1549 4453 ad
1582 4396 1709 4453 illud
1741 4404 1954 4470 tempus

360 4489 575 4545 reterri.
960 4542 969 4553 ,

434 4579 604 4651 igitur
632 4575 701 4634 ad
729 4577 833 4632 hoc
865 4574 1319 4648 praeveniendum
1339 4616 1353 4643 ,
1384 4582 1441 4631 et
1466 4574 1791 4646 cavendum,
1816 4592 1949 4648 apo·

358 4666 482 4722 stoli
509 4684 573 4723 ex
604 4667 851 4739 professo
878 4682 1117 4723 errorem
1147 4664 1301 4721 illum
1322 4665 1663 4736 refutarunt,
1691 4672 1950 4737 tanquam

361 4755 514 4812 valde
550 4757 914 4827 perniciosum
950 4755 1261 4823 Ecclesiae,
1292 4753 1519 4826 fideique
1552 4755 1945 4826 propagationi.

361 4847 631 4917 Expressa
650 4846 781 4900 satis
804 4850 889 4900 est
909 4845 1173 4900 sententia
1192 4842 1341 4900 Pauli
1358 4843 1424 4899 ad
1449 4844 1607 4900 Rom.
1632 4847 1719 4900 13:
1744 4844 1953 4900 Omnis

360 4938 572 4992 anima
619 4932 1009 5007 potestatibus
1059 4931 1499 4989 sublimioribus
1556 4930 1801 4990 subdita
1845 4936 1943 4989 sit.

360 5025 507 5092 Quae
538 5024 701 5081 verba
726 5023 793 5079 de
824 5029 1089 5093 potestate
1116 5030 1175 5080 et
1200 5024 1520 5095 magistratu
1549 5020 1689 5078 civili
1714 5022 1951 5099 Chryso-

361 5123 574 5171 stomus
594 5122 649 5170 et
670 5115 1033 5170 communiter
1059 5112 1395 5183 expositores
1414 5110 1743 5185 intelligunt,
1768 5118 1822 5169 et
1842 5114 1951 5169 Na-

358 5206 641 5263 zianzenus
686 5210 823 5260 orat.
868 5206 953 5261 17.
988 5201 1056 5259 ad
1098 5203 1357 5275 populum
1400 5204 1593 5259 timore
1638 5204 1853 5275 percul.
1893 5212 1949 5261 et

3421 320 3539 383 173

2020 459 2160 514 lren.
2197 472 2391 528 supra,
2422 463 2477 514 et
2506 458 2705 529 optime
2735 461 2874 531 Aug.
2920 461 3081 531 epist.
3113 463 3203 517 54.
3231 460 3300 517 ad
3327 461 3528 519 Maced.
3556 469 3615 518 et

2022 544 2183 601 Basil.
2221 546 2270 600 in
2298 553 2478 603 const.
2513 546 2706 603 moral.
2739 565 2790 603 c.
2819 552 2890 605 23
2936 550 3037 615 Qui
3071 566 3175 605 non
3201 550 3612 609 excluduntec·

2022 633 2388 691 clesiasticam
2413 642 2736 707 potestatem
2753 678 2768 708 ,
2793 637 2885 694 sed
2909 639 3090 710 potius
3118 639 3343 696 Basilius
3371 640 3493 697 inde
3521 658 3617 699 su-

2024 725 2121 782 mit
2145 739 2179 780 a
2207 725 2422 784 fortiori
2448 732 2835 798 argumentum
2865 728 2915 782 in
2948 727 3187 785 savorem
3215 728 3358 786 illius
3377 773 3390 799 ,
3416 730 3482 787 de
3501 746 3612 802 quo

2024 822 2216 885 postea
2243 813 2564 870 videbimus.
2595 813 2776 881 Qualis
2794 822 2974 873 autem
2999 820 3069 874 sit
3096 817 3186 874 illa
3215 818 3501 887 subiectio,
3521 820 3615 875 de-

2022 904 2199 960 clarat
2225 903 2518 976 Apostolus
2545 904 2922 962 dicens·Rom.
2957 910 3056 963 23:
3105 905 3243 962 Ideo
3271 911 3617 965 necessitate

2022 992 2240 1049 subditi
2279 996 2488 1059 estote,
2522 996 2678 1067 quasi
2718 993 2957 1066 diceret,
2989 1010 3094 1051 non
3135 1011 3253 1052 esse
3293 998 3617 1055 urbanitatis

2024 1080 2452 1157 subiectionem,
2496 1082 2578 1139 'vel
2619 1083 2993 1150 arbitrariam,
3039 1083 3129 1141 sed
3169 1086 3530 1148 necessariam
3557 1092 3614 1142 et

2021 1186 2089 1227 ex
2129 1170 2476 1243 obligatione.
2523 1173 2594 1229 Et
2635 1174 2897 1244 originem
2937 1189 3001 1229 ac
3035 1174 3342 1243 primariam
3372 1174 3612 1231 radicem

2022 1260 2293 1333 assignat,
2325 1276 2454 1317 cum
2499 1268 2668 1318 totam
2706 1261 2848 1317 hanc
2888 1268 3204 1333 potestatem
3232 1263 3297 1320 ad
3327 1266 3494 1321 Deum
3526 1281 3609 1321 re-

2021 1348 2161 1420 fert,
2196 1356 2257 1406 ut
2285 1350 2336 1405 in
2375 1366 2440 1407 eo
2467 1342 2644 1423 capite
2675 1354 2921 1423 sequenti
2950 1353 3115 1410 latius
3142 1360 3494 1425 exponemus.
3527 1356 3608 1411 Si-

2023 1438 2201 1495 milem
2230 1441 2554 1497 sententiam
2585 1440 2746 1497 habet
2771 1440 2974 1498 Paulus
3004 1443 3071 1499 ad
3107 1444 3286 1501 Titum
3315 1449 3370 1515 3,
3399 1444 3604 1501 dicens:

2022 1526 2288 1585 Admone
2313 1528 2475 1596 illos,
2515 1530 2886 1604 principibus
2925 1536 2980 1587 el
2999 1534 3390 1607 potestatibus
3418 1533 3618 1591 subdi-

2020 1622 2111 1673 tos
2136 1633 2278 1675 csse.
2313 1620 2383 1675 Et
2419 1626 2469 1677 1.
2503 1622 2618 1676 Pet.
2646 1626 2710 1677 2:
2735 1620 2990 1677 Subiecti
3010 1627 3184 1679 estote
3213 1627 3372 1679 omni
3399 1626 3610 1682 huma-

2018 1722 2135 1763 nae
2161 1713 2476 1766 creaturae
2501 1715 2742 1783 propter
2767 1713 2978 1777 Deum,
3014 1710 3068 1767 id
3097 1719 3182 1768 est
3210 1714 3355 1769 omni
3386 1713 3609 1781 homini,

2019 1796 2113 1868 qui
2154 1797 2328 1854 vicem
2372 1799 2466 1854 Dei
2506 1800 2648 1870 gerit
2688 1799 2736 1855 in
2783 1801 2942 1855 terris
2964 1841 2978 1865 ,
3008 1808 3062 1856 et
3090 1800 3156 1856 ad
3185 1817 3345 1874 quem
3375 1802 3608 1859 refertur

2022 1885 2292 1943 subiectio
2318 1886 2390 1943 illi
2411 1887 2672 1959 exhibita,
2697 1896 2750 1945 et
2772 1889 2984 1947 subdit:
3017 1894 3152 1949 Sive
3176 1895 3302 1965 περὶ
3327 1897 3618 1966 tanquam

2011 1976 2433 2052 praecellenti,
2464 1985 2572 2034 etc.

2096 2073 2151 2126 3.
2186 2069 2256 2125 Et
2293 2074 2473 2140 potest
2513 2084 2544 2123 a
2585 2071 2872 2140 posteriori
2915 2071 3220 2129 confirmari
3233 2092 3248 2141 ς
3281 2088 3405 2129 nam
3445 2090 3613 2145 supra

2021 2165 2308 2216 ostensum
2333 2164 2454 2229 est,
2487 2161 2868 2231 magistratum
2897 2162 3182 2232 politicum
3221 2178 3286 2219 ex
3315 2170 3508 2221 natura
3538 2168 3614 2221 rei

2022 2250 2316 2306 convenire
2360 2249 2597 2304 humano
2637 2250 2822 2320 generi
2855 2255 2912 2304 et
2946 2253 3359 2320 communitati,
3400 2268 3464 2308 ex
3501 2268 3612 2324 quo

2022 2354 2151 2395 vero
2182 2338 2446 2411 principio
2485 2340 2766 2410 sequitur,
2801 2354 2955 2411 reges
2983 2342 3255 2412 gentium,
3288 2342 3607 2415 priusquam

2022 2428 2090 2485 ad
2120 2428 2424 2485 Ecclesiam
2453 2428 2704 2499 veniant,
2747 2444 2868 2485 esse
2899 2445 3057 2485 veros
3085 2446 3238 2503 reges
3261 2474 3274 2501 ,
3304 2435 3350 2487 si
3377 2432 3520 2489 iusto
3547 2435 3613 2489 ti-

2023 2517 2141 2574 tulo
2186 2533 2356 2590 regna
2397 2517 2702 2588 possident:
2736 2516 2842 2573 dici
2884 2524 3195 2574 autem-non
3225 2526 3433 2592 potest,
3462 2522 3610 2594 quod

2024 2614 2250 2679 propter
2281 2608 2696 2663 conversionem
2719 2606 2785 2662 ad
2810 2605 2967 2663 fidem
2989 2606 3346 2687 veljpsorum
3375 2609 3460 2667 vel
3485 2626 3612 2668 suo-

2023 2712 2145 2752 rum
2189 2695 2566 2767 subditorum,
2609 2712 2712 2752 sua
2753 2712 2918 2769 regna
2957 2705 3015 2753 et
3059 2698 3292 2755 dominia
3339 2702 3604 2773 amittant3

2022 2800 2155 2857 ergo
2204 2786 2369 2841 etiam
2419 2786 2466 2841 in
2507 2785 2756 2842 Ecclesia
2803 2786 3032 2843 retinent
3066 2803 3221 2843 suam
3263 2795 3607 2860 potestatem,

2024 2889 2190 2947 quam
2235 2874 2398 2931 veluti
2437 2874 2671 2930 naturali
2711 2876 2830 2931 iure
2873 2890 2970 2931 seu
3011 2874 3198 2933 ordine
3237 2877 3601 2948 possidebant.

2023 2963 2193 3020 Minor
2226 2971 2393 3035 patet,
2425 2969 2540 3020 tum
2570 2964 2702 3036 quia
2728 2963 2861 3021 illud
2887 2965 3074 3022 suisset
3099 2982 3354 3039 magnum
3377 2968 3613 3025 fideiim·

2025 3052 2428 3124 pedimentum3
2467 3053 2589 3124 quis
2627 3054 2766 3108 enim
2797 3069 2890 3110 rex
2919 3053 3074 3111 tidem
3105 3056 3436 3131 susciperet,
3467 3058 3548 3114 vel
3579 3074 3611 3114 a

2027 3143 2142 3198 suis
2173 3142 2408 3199 subditis
2437 3143 2604 3214 recipi
2631 3145 2989 3215 permitteret,
3020 3148 3065 3201 si
3091 3146 3364 3216 crederet,
3397 3164 3462 3206 eo
3489 3150 3608 3220 ipso

2026 3248 2244 3289 manere
2287 3233 2560 3305 privatum
2601 3249 2703 3289 suo
2742 3231 3013 3305 dominio,
3046 3236 3129 3291 vel
3157 3235 3404 3293 subditos
3433 3239 3545 3294 fieri
3575 3254 3605 3293 a
3689 3258 3701 3268 ·

2026 3338 2124 3377 sua
2162 3322 2464 3379 obedientia
2505 3322 2746 3378 liberos?
2773 3324 2910 3379 Tum
2949 3324 3104 3381 etiam
3138 3326 3264 3398 quia
3295 3327 3396 3383 boc
3427 3327 3608 3383 statim

2024 3418 2251 3483 apparet
2277 3412 2565 3482 iniustum,
2593 3419 2649 3467 et
2676 3428 2730 3468 re
2762 3428 2890 3469 vera
2915 3420 3028 3483 est,
3060 3414 3156 3469 nisi
3184 3431 3249 3471 ex
3278 3416 3370 3471 Dei
3399 3416 3604 3472 revela-

2024 3504 2168 3556 tione
2198 3500 2546 3571 ostendatur,
2577 3502 2696 3557 eius
2726 3501 3004 3559 voluntate
3031 3518 3152 3559 esse
3173 3504 3400 3575 sactum3
3427 3510 3481 3561 at
3507 3505 3609 3561 hoc

2024 3590 2234 3647 ostendi
2266 3606 2370 3646 non
2400 3595 2616 3661 potest,
2653 3590 2760 3647 imo
2787 3591 3124 3647 contrarium
3153 3600 3386 3664 constat3
3419 3601 3474 3651 et
3500 3596 3610 3651 sine

2023 3680 2192 3738 dubio
2219 3681 2294 3737 ita
2315 3678 2640 3752 expediebat
2659 3678 2724 3736 ad
2749 3680 2870 3736 fidei
2891 3682 3199 3753 puritatem,
3225 3683 3369 3739 etad
3393 3700 3606 3740 omnem

2024 3769 2351 3825 calumniam
2401 3768 2690 3825 vitandam.
2733 3770 2887 3828 Unde
2936 3773 3144 3843 antiqui
3188 3778 3372 3842 patres
3418 3773 3610 3831 adver-

2026 3866 2178 3931 tunt,
2219 3861 2274 3914 in
2316 3859 2461 3915 initio
2500 3859 2922 3930 praedicationis
2956 3862 3300 3933 evangelicae
3323 3863 3612 3920 daemones

2021 3954 2077 4003 et
2104 3949 2289 4019 hostes
2318 3948 2436 4004 fidei
2459 3948 2598 4005 banc
2621 3955 2804 4005 notam
2825 3956 2882 4005 et
2903 3948 3174 4006 infamiam
3200 3949 3437 4023 religioni
3461 3953 3611 4009 chri-

2022 4039 2224 4094 stianae
2254 4039 2472 4094 inurere
2503 4038 2771 4108 voluisse,
2801 4037 2950 4111 quod
2979 4040 3315 4111 principatus
3345 4032 3612 4098 humanos

2020 4136 2327 4199 everteret,
2369 4136 2426 4185 et
2465 4128 2768 4185 libertatem
2806 4144 2870 4184 ac
2906 4128 3281 4185 confusionem
3318 4131 3610 4202 quamdam

2020 4217 2423 4283 introduceret,
2447 4226 2502 4275 et
2529 4217 2646 4274 ideo
2668 4216 2943 4289 apostolos
2963 4220 3188 4274 Petrum
3210 4225 3265 4274 et
3289 4219 3517 4276 Paulum
3539 4236 3607 4277 ex

2022 4308 2264 4380 professo
2287 4312 2437 4364 tanto
2469 4308 2610 4363 malo
2638 4307 2972 4363 occurrisse.
2997 4309 3076 4365 lta
3097 4308 3522 4385 chrysostomus
3549 4317 3604 4366 et

2024 4396 2405 4473 Hieronymus,
2437 4412 2576 4469 quos
2608 4396 2659 4451 in
2689 4397 2951 4468 principio
2979 4399 3168 4455 citavi.

2098 4488 2165 4542 Et
2195 4486 2337 4543 idem
2378 4488 2543 4543 sentit
2582 4487 2820 4543 lustinus
2863 4488 3068 4564 martyr
3107 4487 3371 4562 Apologia
3409 4495 3464 4547 2.
3510 4506 3608 4563 pro

2020 4576 2361 4646 christianis,
2393 4576 2489 4632 ubi
2525 4592 2592 4631 ex
2621 4576 2866 4647 professo
2896 4578 3227 4649 persuadere
3255 4588 3490 4636 conatur
3514 4582 3612 4637 im·

2020 4668 2262 4737 peratori
2298 4672 2655 4737 potestatem,
2682 4680 2849 4737 quam
2878 4664 3108 4724 habebat
3137 4676 3268 4726 tunc
3291 4672 3345 4725 in
3366 4670 3612 4726 christia-

2016 4772 2119 4811 nos
2149 4755 2214 4811 ad
2247 4757 2504 4812 iustitiam
2531 4755 2914 4827 exercendam,
2941 4756 3008 4813 ab
3027 4758 3102 4813 eis
3130 4761 3472 4831 recognosci.
3493 4761 3608 4816 lmo

2018 4844 2196 4901 addit:
2229 4847 2286 4901 A
2308 4844 2466 4900 vobis
2495 4850 2697 4901 autem
2721 4845 2830 4902 hoc
2856 4850 3039 4903 etiam
3076 4848 3510 4915 contendimus,
3546 4854 3612 4906 ut

2016 4950 2140 5001 eos,
2179 4938 2282 5008 qui
2307 4950 2424 4989 nou
2451 4937 2840 5007 conyruenter
2867 4938 2992 4991 eius
3021 4936 3034 5009 (
3059 4935 3110 4991 id
3136 4942 3221 4993 est
3246 4936 3480 5011 Christi)
3509 4936 3602 4994 de·

2019 5027 2195 5080 cretis
2231 5028 2288 5079 et
2324 5026 2662 5101 praeceptis
2687 5026 2913 5091 vivunt,
2961 5030 3308 5099 tantumque
3333 5028 3610 5085 christia·

2016 5117 2082 5170 ni
2109 5113 2419 5182 dicuntur,
2467 5114 2771 5189 suppliciis
2809 5120 3144 5174 coerceatis.
3176 5119 3247 5173 Et
3270 5119 3408 5191 Aug.
3441 5133 3600 5175 conc.

2018 5210 2110 5264 31.
2142 5205 2196 5260 in
2240 5203 2292 5261 id
2320 5204 2458 5276 psal.
2499 5209 2634 5265 118:
2675 5205 2981 5281 Principes
3015 5209 3312 5281 persecuti
3347 5211 3487 5265 sunt
3513 5222 3606 5265 me
