4325 6267
1803 350 2015 401 CAPUT
2044 349 2170 399 xll-

3315 354 3318 359 ·
3415 336 3540 399 343

306 491 457 534 esse
484 441 759 534 sensibilis
782 481 838 534 et
864 480 1122 561 externa,
1155 473 1249 532 illa
1280 489 1416 546 ergo
1446 479 1659 532 tantum
1688 480 1774 532 est
1807 489 1935 548 pro·
2002 488 2111 563 non
2134 472 2285 532 dedit
2311 478 2640 546 potestatem
2662 474 2979 534 hominibus
3001 475 3072 534 ad
3097 474 3348 535 serendas
3373 474 3520 553 leges
3546 476 3616 535 de

308 566 643 635 portionata
666 564 917 638 potestati
940 563 1383 639 legislativae.Et
1400 564 1785 635 confirmatur,
1806 562 1937 637 quia
2004 562 2110 621 ¹llis
2138 562 2378 639 actibus,
2410 580 2512 637 pro
2539 564 2740 637 quibus
2766 581 2874 623 non
2905 570 3159 639 poterant
3189 568 3621 642 transgressores

306 655 511 726 gratia
528 654 986 715 accommodatur
1007 660 1258 725 naturae3
1276 653 1714 726 postulatautem
1737 659 1867 711 natu
1880 668 1939 709 ra

306 741 593 818 horninis,
626 744 769 802 utin
797 742 991 801 ordine
1016 742 1087 801 ad
1114 746 1355 815 regimen
1384 743 1795 801 communitatis
1833 742 1940 799 hu·

312 849 531 892 manae
550 834 602 891 in
623 834 755 891 solis
774 833 993 891 actibus
1014 838 1271 891 servetur
1292 831 1745 905 communicatio,
1767 839 1825 891 et
1847 830 1939 890 de·

314 922 448 983 bita
476 924 759 998 proportio
784 932 902 982 tam
938 924 1262 987 inferiorum
1289 923 1359 981 ad
1395 922 1737 995 superiores,
1768 937 1936 995 quam

314 1028 359 1069 e
395 1029 692 1084 converso,
723 1020 893 1086 atque
917 1014 1166 1086 ipsorum
1191 1012 1569 1071 membrorum
1598 1013 1740 1070 inter
1765 1026 1846 1069 se.
1868 1012 1938 1069 Et

316 1102 459 1161 ideo
484 1102 559 1161 ait
578 1102 980 1173 d.'l'hom.2.2,
1003 1118 1061 1175 q.
1085 1106 1212 1173 104,
1236 1108 1341 1160 art.
1361 1107 1418 1172 5,
1440 1101 1809 1159 obedientiam
1837 1101 1941 1159 hu-

316 1208 549 1253 manam
574 1190 644 1251 ad
667 1192 919 1251 homines
946 1191 1127 1251 solum
1154 1204 1275 1249 esse
1302 1192 1354 1248 in
1384 1191 1487 1263 his,
1512 1207 1655 1265 quae
1686 1206 1784 1263 per
1812 1206 1941 1249 cor-

318 1298 439 1357 pus
464 1283 625 1353 liunt,
648 1288 709 1341 et
732 1297 843 1339 non
868 1283 923 1339 in
950 1281 1229 1353 omnibus,
1260 1281 1357 1338 sed
1387 1282 1439 1337 in
1469 1281 1575 1351 his,
1604 1295 1745 1355 quae
1768 1284 1937 1354 perti-

322 1378 466 1430 nent
491 1372 561 1431 ad
586 1371 996 1445 dispositionem
1024 1377 1253 1431 actuum
1279 1378 1338 1431 et
1362 1386 1550 1430 rerum
1578 1371 1943 1429 humanarum

326 1478 403 1521 ac
430 1462 791 1535 sensibilium,
818 1478 945 1521 nam
964 1478 1051 1535 ea,
1070 1476 1215 1535 quae
1238 1460 1511 1520 sensibilia
1531 1478 1638 1519 non
1662 1467 1813 1534 sunt,
1830 1478 1939 1520 non

322 1559 629 1611 censentur
664 1551 925 1623 humana,
956 1550 1150 1609 saltem
1176 1551 1229 1607 in
1256 1550 1454 1609 ordine
1480 1549 1549 1608 ad
1574 1551 1942 1609 communita-

328 1650 447 1702 tem
491 1642 807 1701 humanam.
844 1642 993 1715 Ergo
1030 1640 1282 1698 Christus
1321 1641 1585 1699 Dominus
1626 1639 1732 1697 hoc
1776 1639 1939 1698 modo

328 1732 572 1791 contulit
592 1731 877 1791 Ecclesiae
906 1736 1232 1804 potestatem
1257 1728 1427 1800 illam,
1452 1746 1593 1803 quae
1617 1728 1684 1787 ad
1705 1730 1813 1788 hoc
1835 1732 1943 1788 Ec-

327 1823 537 1881 clesiae
554 1823 796 1897 regimen
815 1822 1142 1894 pertinebat.
1158 1822 1295 1878 Nam
1317 1826 1479 1879 actus
1500 1822 1784 1879 interiores
1810 1836 1937 1894 pro-

331 1912 451 1985 prie
478 1926 588 1969 nen
613 1912 887 1985 pertinent
919 1910 990 1967 ad
1018 1911 1475 1969 communitatem
1497 1952 1512 1980 ,
1544 1909 1640 1968 sed
1667 1908 1735 1968 ad
1763 1912 1943 1983 priva·

328 2007 445 2058 tam
472 2000 918 2073 uniuscuiusque
948 1998 1209 2071 salutem,
1239 2000 1327 2057 vel
1359 1998 1792 2071 damnationem,
1817 2002 1940 2074 qui-

333 2090 441 2148 bus
480 2088 819 2148 sufficienter
855 2088 1139 2162 provisum
1180 2095 1264 2146 est
1290 2104 1390 2161 per
1429 2089 1667 2160 priorem
1696 2094 1942 2161 potesta-

338 2186 449 2237 tem
476 2178 545 2237 ad
572 2179 849 2238 internum
876 2178 1057 2237 sorum
1084 2180 1481 2252 pertinentem,
1513 2177 1651 2236 baec
1676 2192 1812 2251 ergo
1847 2186 1937 2239 est

335 2269 567 2343 propria
590 2271 731 2329 ratio
758 2269 921 2327 huius
949 2268 1299 2327 institutionis
1324 2276 1382 2327 et
1409 2268 1675 2327 veritatis.

408 2361 481 2418 Et
505 2360 659 2417 iuxta
682 2358 831 2417 illam
868 2357 1188 2431 explicanda
1214 2366 1303 2417 est
1340 2358 1477 2416 ratio
1505 2357 1562 2416 d.
1588 2357 1823 2417 'rhomae
1840 2399 1857 2430 ,
1887 2365 1945 2418 et

327 2466 457 2508 com
468 2450 669 2509 munis.
700 2452 819 2508 Non
847 2449 991 2507 enim
1018 2464 1083 2506 eo
1111 2448 1307 2520 tendit,
1334 2452 1397 2505 ut
1419 2448 1773 2522 persuadeat,
1796 2448 1944 2507 aliud

334 2538 509 2597 tuisse
548 2541 769 2597 omnino
812 2535 1172 2611 impossibile,
1216 2536 1312 2595 sed
1352 2536 1533 2595 solum
1574 2543 1639 2595 ut
1674 2536 1940 2608 declaret,

330 2628 483 2687 hunc
508 2642 630 2686 esse
670 2626 915 2686 ordinem
954 2636 1391 2685 consentaneum
1419 2632 1647 2683 naturae
1686 2627 1938 2685 hominis.

326 2720 451 2787 Quo
478 2734 647 2776 sensu
680 2732 876 2775 verum
902 2722 1019 2785 est,
1047 2718 1201 2775 iuxta
1226 2718 1304 2774 rei
1342 2723 1597 2774 naturam
1626 2721 1686 2773 et
1724 2716 1943 2774 ordina-

328 2808 469 2865 riam
496 2806 701 2881 legem,
731 2805 913 2866 solum
941 2805 1095 2863 illum
1130 2812 1319 2865 actum
1349 2821 1514 2879 posse
1543 2805 1782 2863 humana
1810 2806 1931 2882 lege

326 2897 592 2971 praecipi,
609 2897 705 2971 qui
726 2901 901 2969 potest
919 2910 1017 2969 per
1039 2894 1284 2953 homines
1306 2894 1557 2967 iudicari,
1572 2895 1647 2953 ita
1669 2902 1734 2953 ut
1756 2912 1937 2954 sermo

327 2986 398 3044 sit
419 2986 487 3044 de
508 2986 713 3044 iudicio
735 3000 833 3059 per
851 2984 1173 3043 sententiam
1197 2984 1427 3042 hominis
1449 2983 1798 3057 proferendo.
1820 2986 1937 3043 Imo

326 3078 521 3135 eadem
542 3076 749 3134 ratione
771 3091 967 3133 verum
986 3081 1093 3147 est,
1118 3074 1246 3133 nihil
1268 3089 1429 3147 posse
1451 3089 1548 3146 per
1572 3074 1744 3153 legem
1768 3075 1940 3147 ipsam

330 3165 602 3239 iudicari,
633 3168 737 3223 nisi
778 3165 927 3241 quod
966 3163 1035 3223 de
1069 3181 1131 3223 se
1166 3164 1328 3222 etiam
1367 3170 1548 3237 potest
1580 3164 1811 3225 iudicari
1847 3180 1943 3237 per

326 3255 623 3314 hominem.
652 3257 789 3323 Nam
822 3257 944 3328 ipsa
984 3255 1253 3313 sententia
1294 3242 1545 3311 hominis
1570 3253 1776 3311 dicitur
1818 3270 1941 3313 esse

327 3345 601 3420 quaedam
627 3345 716 3403 lex
755 3344 1141 3418 particularis,
1171 3350 1285 3402 ete
1325 3343 1605 3402 contrario
1636 3343 1720 3401 lex
1762 3344 1931 3416 impo-

332 3450 465 3493 nens
492 3449 749 3508 poenam,
772 3435 893 3507 ipso
926 3434 1045 3491 iure
1072 3439 1159 3492 est
1186 3432 1463 3507 quaedam
1484 3434 1749 3490 sententia
1772 3447 1941 3507 gene-

332 3524 491 3583 ralis.
516 3523 671 3583 Unde
692 3524 745 3581 in
777 3509 1035 3598 supremo
1063 3523 1322 3580 pontifice
1352 3528 1481 3579 sunt
1506 3530 1667 3579 actus
1690 3520 1937 3579 eiusdem

333 3612 809 3686 potestatis.Quod
835 3619 1019 3683 autem
1045 3608 1323 3669 interdum
1352 3613 1672 3685 contingat,
1704 3609 1934 3685 aliquid,

333 3704 485 3778 quod
524 3702 881 3777 prohibetur,
911 3708 970 3761 et
1009 3702 1240 3773 punitur
1266 3716 1365 3773 per
1406 3700 1577 3773 legem
1618 3699 1937 3771 humanam,

332 3810 443 3850 non
470 3808 637 3866 posse
662 3791 845 3865 puniri
872 3806 969 3865 per
997 3790 1315 3847 sententiam
1346 3789 1598 3861 hominis,
1630 3788 1942 3847 accidenta-

334 3884 475 3941 rium
504 3890 590 3941 est
616 3899 685 3941 ex
717 3882 1009 3940 occasione
1038 3881 1223 3957 aliqua
1248 3882 1596 3951 extrinseca,
1629 3880 1758 3953 quia
1785 3878 1941 3936 nimi-

330 3988 457 4031 rum
497 3972 759 4031 deliciunt
797 3976 964 4029 testes
1004 3986 1104 4028 seu
1144 3969 1517 4043 probationes,
1558 3982 1667 4025 non
1709 3984 1840 4026 vero
1868 3984 1937 4026 ex

332 4068 529 4119 natura
560 4060 685 4118 talis
726 4069 921 4130 actus,
952 4061 1045 4133 qui
1073 4073 1130 4115 re
1174 4073 1301 4116 vera
1328 4068 1513 4131 posset
1551 4073 1673 4115 esse
1714 4060 1941 4115 materia

336 4148 649 4207 huiusmodi
689 4148 907 4223 iudicii,
952 4155 1015 4206 ut
1051 4164 1223 4221 supra
1260 4149 1431 4220 l..lll,
1464 4164 1517 4205 c.
1549 4148 1617 4205 V.
1649 4145 1941 4207 declaravi.

333 4238 591 4297 Similiter
632 4237 721 4295 illa
760 4237 1059 4312 propositio
1086 4278 1101 4309 ,
1145 4236 1294 4311 quod
1350 4244 1592 4309 potestas
1633 4237 1942 4311 legislativa

334 4343 551 4402 semper
597 4328 763 4385 habet
812 4332 1143 4401 potestatem
1197 4328 1506 4385 coactivam
1558 4326 1935 4399 coniunctam,

334 4433 469 4476 vera
492 4425 581 4477 est
603 4424 660 4475 et
684 4416 963 4475 moraliter
991 4416 1303 4475 necessaria
1324 4458 1340 4489 ,
1370 4425 1435 4473 ut
1462 4414 1781 4475 inductione
1810 4432 1945 4475 con-

336 4513 449 4565 stat
466 4506 522 4564 in
542 4521 895 4579 quacumque
918 4505 1025 4563 alia
1051 4505 1211 4563 simili
1234 4510 1526 4580 potestate,
1548 4512 1607 4563 et
1624 4507 1757 4579 quia
1782 4513 1937 4567 utra-

336 4612 447 4670 que
473 4594 711 4668 pertinet
738 4594 807 4652 ad
834 4594 1137 4669 perfectam
1165 4592 1621 4653 iurisdictionem.
1648 4595 1757 4652 Nec
1789 4595 1947 4653 suffi-

334 4684 416 4742 cit
453 4699 551 4757 per
594 4700 653 4740 se
696 4682 971 4758 loquendo
1008 4698 1169 4756 posse
1204 4683 1447 4758 obligare
1486 4682 1541 4740 in
1580 4684 1941 4757 couscientia,

338 4773 439 4831 nisi
465 4773 790 4831 mterveniat
814 4774 978 4832 etiam
1008 4779 1253 4847 potestas
1281 4771 1511 4847 cogendi
1539 4771 1607 4831 ad
1638 4772 1779 4831 hanc
1808 4773 1946 4833 obli-

332 4863 607 4937 gationem
628 4862 985 4937 implendam,
1008 4878 1106 4920 seu
1130 4862 1297 4937 (quod
1322 4862 1463 4919 idem
1482 4862 1585 4936 est)
1607 4862 1677 4921 ad
1704 4864 1937 4936 punien-

334 4952 437 5011 dos
466 4958 904 5027 transgressores
932 4951 1101 5010 huius
1128 4951 1490 5026 obligationis.
1522 4953 1781 5021 Quamvis
1808 4968 1941 5028 ergo

334 5041 677 5115 speculative
704 5056 820 5099 rem
843 5039 1267 5114 considerando,
1290 5040 1361 5097 sit
1385 5057 1494 5098 una
1513 5046 1756 5115 potestas
1780 5059 1943 5116 sepa-

336 5130 521 5189 rabilis
549 5129 618 5189 ab
644 5130 781 5203 alia,
814 5147 925 5188 non
960 5138 1143 5189 tamen
1175 5131 1488 5205 moraliter,
1520 5139 1571 5189 et
1615 5133 1771 5191 iuxta
1798 5149 1933 5191 con·

335 5222 637 5280 venientem
674 5221 1109 5296 institutionem,
1138 5226 1196 5280 et
1231 5220 1354 5280 ideo
1380 5220 1637 5282 Christus
1674 5222 1944 5283 Dominus

2007 652 2232 726 punire,
2255 669 2364 711 non
2396 652 2576 711 solum
2600 669 2667 711 ex
2695 652 2990 727 accidenti,
3012 654 3109 715 sed
3136 668 3232 731 per
3253 668 3313 711 se
3337 661 3398 713 et
3422 670 3491 715 ex
3517 672 3613 714 na-

2013 741 2179 800 turali
2207 742 2520 800 conditione
2549 743 2742 802 talium
2770 753 3020 803 actuum.

2096 837 2149 891 8.
2182 832 2262 889 Ex
2287 831 2370 889 his
2391 832 2566 890 tacitis
2587 833 2751 891 etiam
2775 841 2862 892 est
2881 837 3167 908 responsio
3189 834 3258 893 ad
3279 836 3512 909 primam
3534 850 3620 893 ra-

2009 921 2215 978 tionem
2237 922 2294 984 in
2325 922 2591 994 principio
2615 924 2874 995 positam,
2897 926 3258 984 concedimus
3282 927 3448 997 enim,
3471 924 3624 984 Chri-

2008 1014 2156 1067 stum
2189 1007 2256 1066 de
2300 1010 2558 1069 absoluta
2584 1014 2832 1085 potentia
2859 1031 2961 1073 sua
2997 1018 3241 1089 potuisse
3269 1016 3400 1074 dare
3428 1016 3624 1073 Eccle-

2008 1098 2119 1156 siae
2157 1099 2299 1157 hanc
2343 1106 2707 1174 potestatem3
2749 1119 3015 1178 negamus
3055 1112 3238 1163 autem
3287 1104 3524 1163 dedisse.
3555 1106 3627 1163 Et

2019 1189 2089 1247 ad
2115 1189 2308 1262 verba,
2324 1190 2733 1266 quodcumque
2752 1192 3053 1266 ligaveris,
3077 1202 3187 1253 etc.
3200 1195 3622 1268 respondemus,

2010 1277 2452 1338 distributionem
2489 1280 2634 1339 illam
2677 1283 3074 1357 intelligendam
3111 1300 3232 1343 esse
3263 1284 3334 1343 de
3371 1284 3624 1343 omnibus

2009 1370 2290 1443 requisitis
2308 1369 2378 1427 ad
2401 1372 2817 1430 convenientem
2837 1374 3122 1433 Ecclesiae
3147 1374 3620 1451 gubernationem.

2009 1459 2163 1528 Quae
2195 1467 2380 1519 autem
2409 1460 2547 1519 haec
2578 1464 2707 1528 sint,
2741 1466 2996 1537 quamvis
3020 1481 3086 1522 ex
3103 1464 3373 1541 discursu
3400 1466 3625 1523 rationis

2018 1563 2215 1623 magna
2237 1564 2301 1607 ex
2326 1556 2479 1621 parte
2501 1551 2678 1624 possit
2700 1551 2948 1625 intelligi,
2971 1555 3268 1627 praecipue
3292 1554 3622 1613 sumendum

2010 1644 2098 1697 est
2135 1656 2200 1697 ex
2245 1638 2534 1698 traditione
2581 1647 2638 1697 et
2683 1645 2968 1700 communi
3009 1641 3260 1701 doctrina
3306 1644 3610 1702 Ecclesiae.

2010 1728 2092 1787 Ex
2120 1735 2364 1804 utroque
2383 1736 2569 1789 autem
2597 1732 2778 1804 capite
2806 1732 3188 1807 intelligimus,
3207 1734 3352 1793 illam
3382 1740 3623 1808 potesta·

2009 1824 2121 1877 tem
2162 1818 2383 1893 ligandi.
2415 1826 2688 1894 quatenus
2719 1821 3013 1894 legislativa
3038 1828 3144 1895 est,
3177 1823 3228 1882 in
3257 1824 3478 1883 materia
3506 1830 3626 1881 tan·

2012 1915 2133 1965 tum
2158 1915 2384 1967 externa
2410 1916 2470 1969 et
2496 1910 2737 1968 sensibili
2763 1912 2992 1969 versari.
3025 1914 3158 1971 Dico
3191 1920 3504 1986 praeterea,
3535 1928 3622 1971 re-

2009 1997 2328 2071 spondendo
2351 1998 2420 2057 ad
2439 2000 2668 2057 alteram
2689 2001 3070 2073 probationem
3097 2010 3372 2075 sumptam
3395 2019 3461 2060 ex
3485 2002 3612 2075 fine,

2012 2093 2338 2160 potestatem
2361 2089 2797 2149 ecclesiasticam
2817 2092 2872 2147 in
2899 2095 3017 2149 tota
3035 2106 3136 2147 sua
3158 2090 3442 2149 latitudine
3462 2108 3613 2150 sum·

2015 2184 2190 2250 ptam,
2224 2177 2502 2251 duplicem
2529 2194 2675 2250 esse,
2708 2179 2922 2237 scilicet
2948 2179 3049 2237 l’ori
3075 2182 3280 2238 interni
3305 2185 3364 2238 et
3387 2181 3620 2239 externi.

2012 2267 2159 2337 Quas
2187 2270 2262 2326 ita
2287 2266 2563 2339 distinxit,
2594 2284 2660 2325 ac
2687 2268 2988 2327 declaravit
3012 2267 3070 2325 d.
3101 2268 3368 2343 Thomas,
3399 2274 3461 2343 t,
3489 2269 3618 2327 dist.

2022 2362 2112 2429 18,
2125 2373 2184 2431 q.
2203 2362 2261 2430 2,
2275 2364 2382 2417 art.
2399 2362 2432 2417 2
2449 2359 2831 2432 ,quaestinem
2858 2363 2904 2417 1.
2920 2358 3076 2428 Quod
3100 2360 3153 2417 in
3182 2359 3303 2418 soro
3333 2362 3627 2419 conscien-

2016 2446 2123 2503 tiae
2150 2462 2322 2504 causa
2362 2450 2547 2521 agitur
2586 2449 2725 2507 iuter
2769 2448 3039 2508 hominem
3078 2456 3133 2507 et
3171 2453 3373 2509 Deum:
3405 2453 3460 2507 in
3501 2451 3624 2509 soro

2020 2542 2207 2594 autem
2233 2535 2490 2595 exteriori
2533 2552 2704 2595 causa
2731 2539 2910 2612 agitur
2947 2538 3178 2597 hominis
3216 2539 3283 2596 ad
3319 2539 3617 2598 hominem.

2014 2625 2151 2683 Hinc
2183 2640 2316 2699 ergo
2353 2626 2448 2696 fit,
2479 2633 2543 2684 ut
2571 2629 2724 2700 prior
2750 2634 2993 2700 potestas
3032 2628 3208 2700 possit
3232 2628 3438 2685 versari
3473 2628 3628 2701 circa

2012 2721 2173 2773 actus
2196 2714 2503 2786 interiores,
2521 2717 2632 2774 imo
2652 2713 2775 2773 illos
2791 2717 3072 2789 potissime
3087 2718 3362 2790 respiciat,
3379 2717 3508 2790 quia
3523 2732 3620 2791 per

2012 2802 2137 2861 illos
2154 2804 2385 2862 maxime
2408 2803 2694 2863 ordinatur
2716 2804 2880 2865 homo
2891 2804 2959 2863 ad
2972 2809 3224 2877 Deum,et
3246 2806 3300 2863 in
3323 2806 3422 2863 illis
3441 2807 3622 2865 consi-

2015 2894 2110 2949 stit
2136 2892 2350 2950 interna
2373 2894 2522 2952 salus
2549 2894 2894 2969 ‘singulorum
2915 2893 3174 2965 fidelium,
3199 2901 3426 2968 propter
3451 2898 3619 2970 quam

2010 2984 2248 3039 maxime
2279 2982 2410 3040 haec
2441 2990 2684 3056 potestas
2710 2983 2901 3042 datur.
2920 2985 2993 3041 Et
3019 2984 3089 3040 ob
3117 2984 3366 3041 eamdem
3393 3000 3620 3043 causam

2013 3079 2176 3129 actus
2216 3070 2380 3130 huius
2420 3074 2708 3145 potestatis
2737 3074 2806 3133 ad
2849 3072 3286 3132 iurisdictionem
3324 3074 3618 3146 pertinent,

2014 3177 2184 3235 quam
2226 3162 2449 3220 iuristae
2480 3170 2680 3221 vocant
2721 3163 3105 3237 voluntariam,
3147 3178 3290 3237 quae
3329 3171 3622 3221 exercetur

2012 3252 2065 3309 in
2093 3251 2446 3309 commodum
2477 3252 2708 3327 subditi,
2742 3269 2840 3311 seu
2873 3256 2972 3326 rei,
2997 3252 3147 3311 etad
3175 3254 3514 3325 petitionem,
3537 3251 3622 3309 vei

2014 3357 2348 3400 consensum
2376 3342 2518 3415 eius,
2543 3330 2680 3415 quia'
2701 3343 2926 3400 interior
2959 3342 3134 3407 salus,
3157 3348 3215 3400 et
3242 3340 3618 3399 reconciliatio

2010 3447 2142 3489 cum
2178 3435 2290 3489 Deo
2319 3431 2629 3490 voluntaria
2654 3448 2776 3489 esse
2803 3432 2983 3491 debet.
3015 3432 3117 3501 Qui
3145 3438 3331 3490 autem
3359 3438 3520 3490 actus
3550 3430 3618 3488 ad

2010 3521 2152 3579 hanc
2195 3527 2526 3593 potestatem
2567 3522 2908 3595 pertineant,
2948 3521 3086 3577 infra
3124 3519 3372 3593 dicetu13
3401 3528 3618 3578 certum

2012 3618 2102 3667 est
2126 3618 2336 3683 autem,
2369 3609 2757 3685 legislationem
2788 3626 2894 3667 non
2921 3626 3042 3667 esse
3067 3616 3254 3667 actum
3277 3609 3439 3668 huius
3467 3616 3620 3681 pote·

2012 3702 2204 3775 statis,
2243 3708 2298 3759 et
2329 3700 2449 3759 ideo
2476 3702 2544 3758 ab
2570 3700 2660 3758 illa
2687 3700 2904 3758 nullum
2929 3701 3073 3758 sumi
3101 3706 3516 3774 argumentum.
3547 3700 3620 3755 At

2013 3806 2142 3847 vero
2185 3795 2427 3862 potestas
2467 3790 2878 3862 ecclesiastica,
2919 3795 3191 3863 quatenus
3230 3788 3614 3864 gubernativa,

2010 3889 2098 3938 est
2122 3880 2292 3938 totius
2332 3879 2772 3952 communitatis,
2805 3884 2868 3937 ut
2905 3880 3021 3948 sic,
3050 3875 3217 3935 habet
3251 3879 3416 3936 etiam
3453 3893 3612 3935 suam

2016 3972 2298 4027 materiam
2339 3970 2839 4043 proportionatam,
2868 3968 3124 4025 nimirum
3163 3973 3324 4026 actus
3363 3974 3617 4027 externos

2013 4059 2083 4118 ad
2112 4059 2560 4133 gubernationem
2589 4058 2754 4115 etiam
2781 4056 3061 4115 Ecclesiae
3086 4058 3417 4115 exteriorem
3453 4057 3619 4130 perti-

2013 4156 2240 4222 nentes,
2270 4147 2423 4206 etad
2453 4148 2600 4205 hunc
2629 4145 2878 4205 ordinem
2905 4148 3144 4220 pertinet
3173 4153 3414 4221 potestas
3441 4146 3618 4205 eccle-

2012 4240 2261 4309 siastica,
2296 4244 2359 4296 ut
2393 4237 2692 4311 legislativa
2739 4247 2844 4295 est.
2875 4238 3014 4295 Nam
3040 4238 3169 4296 licet
3211 4238 3620 4297 ecclesiasticae

2018 4328 2169 4402 leges
2196 4327 2358 4384 etiam
2387 4326 2708 4384 ordinentur
2736 4326 2806 4385 ad
2844 4328 3006 4386 finem
3034 4326 3534 4402 supernaturalem,
3563 4336 3624 4386 et

2016 4416 2087 4475 ad
2125 4420 2403 4475 internum
2443 4414 2650 4473 bonum
2693 4417 3022 4488 animarum,
3063 4432 3172 4473 non
3213 4424 3395 4473 tamen
3431 4416 3620 4475 imme·

2017 4507 2159 4565 diate
2203 4503 2480 4579 operando
2521 4503 2675 4576 illud,
2706 4503 2802 4561 sed
2845 4504 3022 4563 media
3060 4504 3348 4563 honestate
3388 4511 3616 4563 actuum

2016 4604 2394 4667 externorum,
2423 4595 2580 4652 circa
2608 4609 2753 4667 quos
2781 4594 3024 4667 proxime
3053 4598 3368 4651 versantur.

2089 4686 2172 4744 Ad
2199 4686 2596 4753 inductionem,
2620 4686 2840 4757 quaein
2871 4685 3210 4742 contrarium
3238 4683 3422 4758 tiebat,
3444 4684 3620 4743 facilis

2011 4776 2175 4835 etiam
2212 4781 2297 4832 est
2319 4790 2388 4832 ex
2425 4773 2588 4831 dictis
2617 4774 2926 4846 responsio.
2955 4774 3093 4831 Nam
3134 4774 3308 4846 primo
3337 4772 3519 4848 aliqua
3553 4790 3620 4833 ex

2017 4864 2124 4936 his,
2147 4878 2290 4938 quae
2317 4862 2390 4921 ibi
2419 4869 2802 4936 recensentur,
2829 4877 2936 4920 non
2965 4865 3244 4935 pertinent
3262 4863 3330 4922 ad
3358 4863 3499 4922 hanc
3527 4880 3618 4937 po-

2012 4960 2268 5011 testatem
2297 4950 2688 5026 legislativam,
2720 4949 2788 5008 de
2813 4966 2927 5026 qua
2951 4952 3195 5025 agimus,
3227 4951 3326 5010 sed
3352 4951 3421 5009 ad
3453 4954 3621 5011 iuris-

2013 5044 2312 5104 dictionem
2336 5042 2441 5099 l'ori
2469 5042 2688 5113 interni,
2723 5050 2786 5099 ut
2813 5040 3084 5099 absolutio
3112 5056 3147 5098 a
3173 5043 3439 5115 peccatis,
3469 5058 3617 5116 quae

2012 5132 2248 5191 maxime
2271 5137 2488 5204 spectat
2500 5131 2570 5188 ad
2597 5130 3024 5189 iurisdictionem
3044 5129 3148 5187 sori
3173 5131 3609 5203 sacramentalis,

2010 5224 2162 5300 quod
2202 5229 2290 5283 est
2329 5223 2560 5281 maxime
2601 5223 2900 5282 internum.
2948 5222 3272 5296 Quanquam
3313 5235 3379 5279 eo
3423 5220 3612 5291 modo,
3685 5242 3698 5251 ·
