4325 6267
1761 351 1974 406 CAPUT
1999 356 2126 407 xu-

861 471 1140 544 CAPUT
1169 473 1322 543 xil:

305 697 530 756 Utrum
559 696 711 774 leyes
737 695 942 758 civiles
968 699 1036 755 in
1055 696 1186 756 sola
1210 701 1472 758 materia
1496 700 1746 759 honesta
1768 717 1897 758 ver-

373 791 583 847 sentur
605 793 898 847 virtutum
937 792 1202 846 oninium
1243 795 1416 848 actus
1449 790 1889 869 praecipiendo,

374 876 468 934 vel
491 881 648 939 vitia
673 882 988 938 contraria
1011 879 1393 954 prohibendo.
1479 899 1484 904 ·

871 1074 1356 1140 summarium

299 1276 351 1330 ¹.
383 1275 520 1340 Quae
543 1278 615 1330 sit
639 1278 854 1332 materia
887 1278 1016 1343 legis
1049 1277 1380 1330 civilis—2.
1407 1270 1722 1332 Machi'avelli
1753 1291 1900 1333 error

335 1381 350 1392 ·
369 1355 424 1398 et
450 1349 778 1412 politicorum
803 1363 902 1400 non
925 1349 1141 1399 curandi
1175 1350 1463 1413 spiritualia
1487 1363 1608 1414 prae
1633 1352 1900 1416 temporali

373 1419 787 1483 regimine.—3.
817 1420 990 1470 Altera
1018 1421 1273 1470 sententia
1297 1432 1550 1482 asserens,
1578 1422 1742 1486 legem
1774 1422 1900 1472 civi-

371 1488 472 1539 lem
505 1503 654 1554 pesse
676 1491 842 1542 solum
867 1489 994 1540 ferri
1019 1491 1072 1538 in
1107 1490 1320 1541 materia
1343 1490 1744 1542 iustitiae—4.
1774 1493 1902 1544 Gon-

371 1559 554 1611 clusio:
583 1561 690 1611 Lex
714 1561 884 1612 civilis
907 1566 1146 1610 versatur
1169 1561 1332 1610 solum
1355 1561 1410 1610 in
1441 1561 1654 1612 materia
1688 1561 1916 1613 honesta·

373 1629 454 1679 vel
477 1630 837 1696 praecipiendo
857 1631 1143 1692 honestum,
1166 1631 1246 1680 vel
1265 1631 1452 1680 malum
1470 1631 1804 1694 prohibendo,
1817 1633 1898 1683 vel

373 1699 504 1750 illud
542 1715 642 1752 non
672 1699 1290 1765 praecipiendo.-·Ratio
1321 1713 1350 1749 a
1386 1701 1708 1765 priori—5.
1748 1701 1900 1752 Aliud

371 1777 454 1820 est
476 1772 777 1836 praecipere
803 1772 1054 1834 iniquum,
1079 1769 1220 1820 aliud
1254 1772 1583 1835 permittere;
1611 1772 1707 1823 hoc
1739 1773 1900 1823 inter-

372 1839 494 1892 dum
534 1855 636 1894 non
679 1841 807 1893 illud
853 1841 1049 1892 faciunt
1073 1840 1314 1903 leges.—
1333 1841 1664 1906 Explicantur
1706 1843 1901 1908 aliquot

360 1911 532 1974 leges.
565 1939 636 1950 -—
654 1913 708 1964 6.
733 1913 896 1976 Leges
920 1911 1098 1962 civiles
1124 1918 1335 1976 possunt
1359 1912 1654 1976 praecipere
1678 1921 1820 1964 recta
1846 1914 1900 1964 in

370 1982 607 2034 omnihus
655 1983 939 2034 virtutibus
954 2019 970 2042 ,
1007 1987 1061 2032 et
1104 1981 1334 2046 opposita
1377 1982 1482 2032 illis
1515 1982 1807 2046 prohibere.
1828 2011 1898 2021 —

371 2051 520 2104 Plato
541 2053 668 2104 duos
691 2051 966 2115 distinguit
989 2053 1239 2102 bonorum
1271 2051 1492 2102 ordines.
1506 2053 1640 2103 —7.
1669 2054 1900 2105 Potestas

369 2121 660 2185 legislativa
689 2137 790 2174 non
813 2128 982 2187 potest
1006 2135 1156 2172 suum
1181 2121 1329 2172 finem
1353 2124 1576 2186 assequi,
1603 2124 1703 2174 nisi
1723 2125 1775 2175 in
1795 2136 1899 2174 ma-

371 2193 506 2243 teria
530 2193 752 2244 omnium
777 2194 1029 2243 virtutum
1054 2193 1606 2257 praecipiat.—Leges
1624 2195 1804 2246 civiles
1823 2196 1900 2244 in-

369 2263 588 2314 tendunt
618 2264 757 2314 cives
781 2263 996 2314 reddere
1019 2263 1176 2314 bonos
1202 2264 1359 2325 viros,
1398 2264 1518 2327 quia
1551 2277 1650 2314 non
1687 2272 1901 2329 possunt

367 2332 524 2384 aliter
553 2334 712 2386 bonos
735 2332 875 2384 cives
894 2333 1081 2383 facere.
1094 2333 1226 2383 ——8.
1240 2333 1422 2384 Omnes
1439 2334 1662 2384 virtutes
1681 2336 1901 2386 morales

365 2410 458 2453 aut
481 2411 604 2455 sunt
626 2403 690 2454 ad
715 2404 936 2454 alterum
958 2401 1230 2465 hominem,
1253 2410 1341 2453 aut
1375 2411 1496 2454 sunt
1532 2403 1595 2454 ad
1620 2417 1694 2468 se,
1721 2412 1811 2455 aut
1835 2404 1900 2455 ad

367 2473 550 2530 Deum,
577 2480 632 2524 et
649 2473 938 2526 secundum
960 2472 1052 2524 hos
1076 2485 1249 2524 omnes
1272 2482 1537 2538 respectus
1559 2475 1728 2538 'potest
1755 2488 1901 2539 prae-

366 2544 542 2608 cipere
567 2545 648 2594 lex
673 2543 1006 2596 civilis—9.
1033 2542 1262 2594 Solvitur
1285 2544 1750 2597 dubiolum.—10.
1773 2546 1901 2596 Ter-

367 2615 443 2664 tia
469 2614 747 2666 conclusio:
777 2615 938 2679 Leges
963 2614 1145 2664 civiles
1168 2613 1300 2663 haud
1328 2622 1538 2678 possunt
1558 2615 1686 2666 ferri
1707 2615 1770 2666 de
1796 2629 1900 2668 om-

367 2685 524 2736 nibus
565 2685 770 2736 actibus
810 2685 1034 2735 omnium
1075 2690 1128 2734 et
1171 2685 1491 2746 singularum
1532 2686 1805 2736 virtutum.
1832 2713 1903 2722 —

370 2755 458 2804 11.
483 2755 591 2805 Lex
613 2755 783 2805 civilis
808 2768 908 2806 non
931 2760 1100 2819 potest
1124 2752 1398 2819 prohibere
1433 2756 1598 2806 omnia
1633 2757 1756 2807 vitia
1781 2769 1900 2807 con-

367 2833 450 2875 tra
479 2838 654 2876 omnes
687 2826 1013 2876 virtutes.—
1029 2823 1112 2875 12.
1141 2825 1438 2889 Explicatur
1457 2827 1712 2878 sententia
1730 2825 1904 2877 dicen·

285 2927 296 2938 ·
365 2891 530 2957 timii,
555 2895 721 2946 solum
758 2896 903 2946 illum
943 2902 1292 2959 actumposse
1324 2907 1436 2946 esse
1470 2897 1733 2946 materiam
1771 2897 1900 2958 legis

365 2965 739 3029 humanae‚qui
759 2972 839 3016 est
859 2965 1074 3016 materia
1094 2965 1223 3028 legis
1243 2965 1493 3016 naturalis
1515 2964 1900 3017 veldivinae.—

369 3036 456 3087 13.
489 3036 754 3088 Praedicta
773 3037 952 3101 regula
972 3036 1097 3086 licet
1115 3035 1184 3087 sit
1209 3048 1351 3098 vera,
1371 3049 1472 3088 non
1499 3043 1665 3086 tamen
1691 3049 1900 3102 prorsus

365 3105 638 3158 satisfacit.

380 3296 429 3353 i.
461 3294 746 3352 Hactenus
775 3291 1077 3366 explicatae
1105 3298 1236 3349 sunt
1271 3306 1443 3350 causa
1479 3292 1654 3351 finalis
1695 3298 1753 3351 et
1783 3291 1902 3350 essi-

291 3385 442 3442 ciens
470 3385 604 3458 legis
643 3385 837 3452 civilis,
863 3384 1123 3457 quoniam
1143 3382 1211 3439 ad
1235 3383 1655 3458 ostendendum,
1681 3384 1785 3441 hoc
1807 3399 1904 3459 ge-

175 3503 179 3508 ’
288 3493 402 3534 nus
427 3476 568 3550 legis
594 3490 716 3533 esse
751 3473 1008 3547 possibile
1035 3474 1496 3547 conveniensque,
1535 3480 1592 3532 et
1620 3475 1776 3548 quasi
1807 3491 1902 3532 na-

291 3565 470 3624 turale
500 3565 720 3636 bomini,
753 3564 858 3622 fuit
883 3563 1292 3636 necessarium3
1335 3579 1482 3621 nunc
1513 3564 1580 3620 ad
1617 3564 1900 3622 declaran-

287 3657 416 3714 dam
445 3663 706 3713 naturam
733 3663 790 3712 et
817 3653 1120 3711 efficaciam
1148 3651 1312 3710 huius
1341 3654 1472 3727 legis
1496 3654 1564 3712 de
1593 3658 1821 3712 materia
1847 3661 1902 3714 et
1971 3683 1978 3706 ι

288 3749 470 3805 forma
496 3745 698 3820 aliquid
727 3744 1022 3802 dicendum
1063 3751 1168 3801 est.
1199 3745 1315 3802 Non
1357 3748 1570 3818 agimus
1609 3753 1792 3804 autem
1832 3746 1899 3806 de

287 3838 545 3909 materia,
574 3852 642 3894 ex
671 3851 804 3909 qua,
837 3849 938 3892 seu
971 3833 1247 3905 subiecta,
1280 3836 1409 3908 quia
1438 3834 1503 3892 de
1531 3835 1635 3893 bac
1659 3839 1791 3894 satis
1819 3836 1900 3894 di-

287 3935 446 3986 ctum
471 3933 560 3984 est
587 3926 635 3983 in
668 3924 840 3998 primo
871 3924 1032 3998 libro,
1059 3926 1366 3996 tractando,
1391 3941 1461 4000 an
1482 3925 1568 3982 lex
1591 3926 1819 4002 interna,
1836 3933 1901 3986 ut

287 4020 372 4076 sic
395 4018 608 4092 dicam,
633 4017 780 4074 sitin
801 4015 1081 4074 intellectu
1106 4015 1189 4072 vel
1215 4015 1497 4074 voluntate
1521 4019 1778 4091 principis
1801 4007 1899 4076 aut

286 4107 515 4178 subditi,
543 4112 598 4165 et
624 4123 692 4164 an
715 4107 802 4164 lex
820 4112 1046 4164 externa
1067 4105 1260 4163 debeat
1283 4122 1404 4164 esse
1427 4109 1757 4181 scripta,rel
1777 4125 1896 4187 ver-

283 4201 356 4258 ba
385 4197 684 4256 sufficiant.
713 4197 1048 4270 inquirimus
1073 4211 1205 4270 ergo
1227 4199 1511 4254 materiam
1537 4195 1668 4272 legis
1691 4199 1892 4274 civilis,

284 4290 340 4348 id
367 4295 456 4346 est
484 4287 616 4362 quid
644 4287 822 4359 possit
848 4287 1186 4359 praecipere,
1221 4293 1320 4344 aut
1346 4286 1646 4359 probibere:
1679 4295 1897 4348 constat

283 4387 478 4438 autem
505 4393 574 4434 ex
599 4376 762 4434 dictis
788 4377 841 4432 in
862 4377 904 4433 1.
937 4375 1076 4433 libro
1097 4376 1310 4450 ,legem
1343 4382 1554 4436 tantum
1575 4393 1694 4436 esse
1733 4395 1894 4451 posse

281 4471 353 4528 de
379 4468 598 4527 actibus
625 4467 906 4540 humanis,
950 4467 1044 4540 qui
1085 4467 1195 4523 sint
1234 4467 1284 4522 in
1331 4466 1558 4524 bominis
1601 4475 1890 4542 potestate,

283 4559 435 4618 unde
461 4559 626 4616 etiam
655 4563 874 4614 certum
902 4562 1008 4628 est,
1037 4554 1105 4612 de
1133 4554 1216 4612 his
1247 4563 1453 4615 tantum
1485 4574 1604 4616 esse
1635 4575 1796 4633 posse
1817 4559 1905 4617 le·'

279 4666 410 4726 gem
435 4646 761 4724 civilem,‚hi
791 4661 923 4703 vero
953 4653 1115 4702 actus
1145 4646 1381 4703 studiosi
1422 4651 1575 4720 pravi
1603 4655 1660 4706 et
1686 4647 1891 4706 indiffe-

277 4747 468 4800 rentes
494 4753 616 4796 esse
645 4741 900 4810 possunt,
931 4741 988 4794 et
1011 4737 1064 4792 in
1093 4737 1176 4792 bis
1205 4741 1386 4810 potest
1425 4753 1621 4812 magna
1651 4741 1888 4796 varietas

278 4831 528 4904 reperire
555 4825 864 4888 secundum
892 4829 1073 4885 varias
1115 4830 1327 4900 species
1365 4817 1628 4886 virtutum
1657 4837 1713 4888 et
1741 4832 1892 4889 vitio·

278 4938 433 4992 rum3
459 4921 589 4978 item
610 4919 834 4994 quidam
855 4925 986 4976 sunt
1003 4921 1234 4993 externi,
1249 4918 1335 4976 alii
1360 4907 1632 4978 mentales
1644 4928 1881 4996 tantum,

281 5029 354 5071 ac
381 5025 532 5070 mere
556 5010 776 5082 interni,
797 5007 1018 5084 quidam
1041 5008 1233 5083 futuri,
1248 5009 1334 5067 alii
1357 5013 1653 5086 praeteriti,
1669 5013 1888 5086 quidam

279 5101 472 5161 faciles
500 5100 588 5158 vel
621 5098 894 5173 ordinarii3
926 5099 1012 5156 alii
1040 5097 1220 5174 ardui,
1253 5105 1309 5157 et
1334 5100 1489 5159 valde
1518 5100 1766 5161 difficiles
1791 5119 1890 5161 seu

281 5189 724 5264 extraordinarii,
756 5188 988 5265 ideoque
1013 5189 1085 5248 de·
1109 5195 1224 5249 tota
1252 5189 1355 5248 bac
1385 5193 1646 5252 varietate
1683 5193 1889 5269 aliquid

282 5283 472 5347 dicere
497 5297 728 5341 necesse
753 5286 858 5340 est.

3360 353 3495 420 197

2045 487 2103 542 2.
2133 484 2292 542 Circa
2318 490 2653 561 propositam
2681 507 2811 566 ergo
2841 496 3217 568 quaestionem
3242 496 3443 571 duplex
3472 514 3570 573 po-

1969 580 2081 632 test
2107 575 2301 634 referri
2331 581 2537 651 opinio:
2566 598 2674 660 una
2694 593 2811 658 est,
2840 591 3167 658 potestatem
3191 588 3384 647 laicam
3410 596 3466 649 et
3484 592 3571 648 ius

1967 665 2126 723 civile
2151 681 2251 739 per
2280 683 2340 724 se
2360 671 2537 743 primo
2558 673 2836 732 intendere
2858 683 3066 737 statum
3085 679 3394 754 politicum,
3423 683 3570 740 eius-

1968 771 2074 828 que
2105 761 2597 834 conservationem,
2634 770 2692 821 et
2712 756 3091 839 augmentum,
3119 785 3183 827 ac
3207 771 3435 829 subinde
3454 789 3571 830 ma·
3608 822 3627 840 „

1969 848 2163 904 teriam
2190 847 2375 920 legum
2404 865 2527 908 esse
2554 852 2724 925 illam,
2757 871 2898 928 quae
2926 860 3091 916 statui
3132 860 3359 933 politico
3399 863 3571 921 inser-

1966 931 2067 1009 vit',
2097 942 2155 994 et
2182 941 2607 1016 conservationi,
2639 944 2723 1002 vel
2752 955 3051 1019 augmento
3078 949 3216 1008 eius.
3242 952 3315 1008 Et
3340 951 3392 1009 in
3421 953 3567 1010 ordi-

1968 1041 2036 1083 ne
2063 1025 2130 1084 ad
2159 1027 2307 1086 hunc
2338 1029 2499 1120 finem
2526 1031 2625 1089 has
2656 1033 2802 1109 leges
2832 1036 2981 1108 ferri,
3012 1038 3197 1097 sivein
3218 1041 3298 1098 eis
3320 1057 3447 1100 vera
3469 1042 3567 1101 bo-

1967 1123 2154 1174 nestas
2182 1119 2505 1195 inveniatur,
2530 1125 2645 1180 sive
2676 1131 2889 1184 tantum
2911 1128 3165 1188 simulata
3188 1139 3243 1189 et
3264 1148 3555 1206 apparens,

1968 1205 2359 1267 dissimulando
2388 1214 2549 1270 etiam
2581 1215 2690 1284 illa,
2722 1233 2863 1290 quae
2901 1219 3101 1277 iniusta
3128 1229 3281 1295 sunt,
3314 1226 3359 1281 si
3386 1225 3567 1298 reipu-

1967 1295 2140 1354 blicae
2167 1301 2454 1372 temporali
2482 1304 2590 1360 sint
2624 1305 2793 1362 utilia.
2825 1308 2970 1365 Haec
2998 1316 3081 1366 est
3112 1310 3365 1370 doctrina
3392 1315 3567 1386 politi-

1967 1403 2162 1444 corum
2193 1389 2357 1448 buius
2399 1395 2680 1469 temporis,
2724 1413 2865 1470 quae
2906 1403 3199 1474 praecipue
3235 1405 3567 1474 persuadere

1968 1485 2200 1536 conatus
2241 1488 2327 1537 est
2365 1483 2707 1556 principibus
2748 1489 3128 1548 saecularibus
3155 1491 3565 1569 Macbiavellus,

1969 1569 2260 1642 solumque
2302 1571 2565 1631 fundatur
2594 1575 2646 1631 in
2676 1576 2803 1648 boc,
2848 1578 2996 1650 quod
3041 1597 3149 1638 non
3194 1589 3378 1655 potest
3416 1585 3569 1643 aliter

1971 1661 2283 1733 temporalis
2313 1663 2625 1734 respublica
2665 1671 3004 1726 conservari.
3050 1670 3206 1730 Unde
3246 1673 3393 1734 illius
3432 1676 3570 1733 iudi-

1969 1752 2118 1808 cium
2149 1768 2469 1823 perversum
2497 1762 2600 1829 est,
2632 1773 2740 1815 non
2762 1775 2925 1831 posse
2946 1776 3069 1818 esse
3091 1777 3283 1820 verum
3307 1781 3494 1838 regem
3513 1773 3571 1824 et

1969 1840 2240 1916 stabilem,
2270 1845 2365 1918 qui
2394 1845 2606 1918 legibus
2634 1849 2849 1905 virtutis
2884 1851 3225 1926 astringitur,
3247 1853 3433 1928 eisque
3454 1871 3569 1913 om·-

1967 1933 2096 1990 nino
2119 1932 2429 1992 subiicitur.
2449 1937 2743 2012 Potestque
2764 1939 2851 1998 bic
2872 1956 3029 1998 error
3054 1944 3231 2000 iuvari
3260 1960 3327 2000 ex
3360 1945 3568 2018 legibus

1969 2022 2221 2080 civilibus
2249 2064 2265 2096 ,
2296 2041 2438 2098 quae
2468 2028 2747 2086 interdum
2771 2031 3083 2099 sustinent,
3107 2039 3163 2090 et
3188 2034 3375 2093 fovent
3412 2044 3571 2094 actus

1970 2129 2193 2187 pravos,
2226 2125 2451 2191 propter
2482 2119 2833 2192 temporalem
2860 2122 3327 2200 commoditatem,
3358 2125 3500 2183 utin
3528 2128 3566 2185 Ι.

1967 2199 2129 2274 dolo,
2170 2207 2232 2264 C.
2267 2207 2333 2265 de
2365 2209 2533 2266 inutil.
2574 2211 2761 2284 stipul.
2795 2211 2955 2270 datur
2984 2217 3152 2282 actio,
3185 2231 3292 2272 non
3322 2217 3571 2276 obstante

1968 2295 2119 2369 dolo,
2149 2306 2207 2354 et
2232 2299 2288 2354 in
2315 2304 2341 2372 ζ
2364 2315 2639 2374 namque,
2668 2302 2845 2360 Instit.
2869 2303 2937 2361 de
2958 2305 3287 2376 actionibus,
3312 2307 3570 2366 concedi·

1969 2392 2062 2445 tur
2087 2388 2229 2446 actio
2256 2389 2640 2461 fraudulenta,
2666 2399 2725 2450 et
2749 2394 2806 2449 in
2837 2393 2872 2450 l.
2902 2398 3155 2468 pacisci,
3192 2395 3247 2452 ff.
3279 2395 3346 2453 de
3372 2399 3567 2472 pactis,

1969 2493 2069 2551 pac
2077 2485 2191 2536 tum
2204 2487 2397 2538 contra
2410 2481 2559 2554 leges
2572 2484 2900 2557 sustinetur,
2920 2484 3044 2540 item
3058 2487 3417 2560 praescriptio
3436 2504 3567 2546 cum

1967 2569 2109 2626 mala
2137 2572 2243 2629 lide
2270 2587 2368 2642 per
2396 2571 2543 2647 leges
2574 2573 2758 2630 civiles
2786 2575 3270 2634 commendabatur
3312 2577 3462 2653 olim,
3509 2588 3572 2640 ut

1968 2667 2189 2718 constat
2212 2677 2280 2718 ex
2310 2677 2432 2736 cap.
2472 2662 2772 2737 Viqilanti,
2808 2681 2933 2738 cap.
2959 2667 3057 2724 ult.
3084 2666 3152 2725 de
3176 2669 3474 2743 praescrip.
3506 2677 3567 2729 et

1967 2751 2203 2818 exfirat.
2236 2755 2321 2811 16.
2348 2769 2406 2826 q.
2434 2757 2488 2825 3,
2518 2759 2543 2827 ξ
2564 2759 3113 2832 praescriptionem,
3134 2764 3260 2830 post
3278 2775 3400 2832 cap.
3417 2759 3569 2819 Pla-

1967 2845 2106 2909 cuit,
2135 2857 2265 2899 cum
2288 2849 2468 2900 tamen
2491 2843 2578 2900 illa
2602 2847 2959 2918 praescriptio
2981 2849 3167 2921 iniqua
3185 2857 3353 2921 esset,
3368 2856 3424 2906 et
3443 2849 3564 2908 ideo
3626 2894 3635 2904 ,

1970 2947 2065 3004 per
2092 2931 2213 2989 iura
2237 2935 2503 2990 canonica
2528 2937 2823 3007 reprobata
2850 2937 2939 2994 sit.
2968 2938 3038 2994 Et
3058 2941 3109 2994 in
3134 2937 3321 2996 multis
3342 2938 3459 2996 aliis
3482 2947 3566 2998 et·

1969 3023 2072 3080 iam
2099 3022 2279 3097 aliqua
2307 3025 2677 3097 approbantur
2704 3026 2823 3084 iure
2853 3027 3027 3099 civili,
3058 3043 3201 3101 quae
3229 3029 3279 3084 in
3308 3029 3427 3086 soro
3454 3031 3567 3088 ani-

1969 3129 2091 3171 mae
2119 3129 2226 3171 non
2254 3119 2487 3186 possunt
2512 3102 2831 3188 subsistere,
2863 3124 2927 3176 ut
2955 3125 3110 3176 notat
3144 3122 3343 3178 Covar.
3390 3121 3443 3176 in
3478 3137 3565 3179 re·
3600 3109 3603 3114 ¹

1969 3204 2098 3277 gula
2120 3219 2435 3278 possessor,
2473 3221 2529 3277 p.
2561 3210 2618 3274 2,
2649 3209 2673 3278 ξ
2700 3209 2756 3279 9,
2788 3222 2941 3264 num.
2978 3213 3030 3266 6.
3063 3208 3115 3264 in
3146 3209 3280 3280 fine,
3312 3217 3366 3266 et
3396 3212 3454 3266 in
3479 3227 3565 3280 req

1968 3293 2098 3366 gula
2119 3299 2451 3374 peccatum,
2488 3299 2545 3351 2.
2578 3310 2633 3366 p.
2664 3301 2690 3371 ξ
2718 3299 2773 3366 6,
2806 3313 2860 3352 n.
2896 3301 2951 3371 3,
2982 3304 3039 3355 et
3066 3302 3124 3369 4,
3156 3303 3305 3355 etex
3332 3303 3561 3356 materia

1969 3383 2037 3440 de
2065 3385 2301 3442 matrim.
2334 3386 2662 3457 iuramento,
2694 3387 2901 3458 usuris,
2932 3393 2988 3444 et
3014 3387 3127 3444 aliis
3156 3395 3388 3460 possunt
3425 3389 3567 3447 mul-

1969 3480 2024 3530 ta
2049 3471 2297 3545 exempla
2324 3473 2523 3555 afferri,
2555 3489 2696 3546 quae
2724 3474 2931 3547 omitt0,
2962 3483 3016 3532 et
3042 3475 3222 3551 aliqua
3243 3477 3414 3535 videri
3436 3493 3564 3550 pos·

1971 3563 2178 3621 suntin
2205 3565 2366 3620 Azor.
2404 3571 2535 3620 tom.
2576 3571 2626 3634 1,
2660 3564 2749 3620 lib.
2786 3569 2838 3635 5,
2870 3581 2995 3638 cap.
3028 3571 3125 3639 20,
3156 3567 3332 3626 et'2l.

2047 3657 2099 3710 3.
2133 3651 2387 3711 Secunda
2415 3654 2683 3710 sententia
2702 3653 2902 3711 -reserri
2932 3661 3135 3730 potest,
3166 3671 3308 3730 quae
3336 3656 3466 3715 licet
3487 3658 3565 3716 ia·

1969 3749 2171 3815 teatur,
2202 3743 2287 3799 ius
2317 3742 2477 3800 civile
2504 3743 2683 3801 solum
2713 3748 2918 3803 versari
2952 3747 3007 3802 in
3046 3748 3272 3806 materia
3307 3747 3559 3823 honesta,

1967 3833 2160 3891 limitat
2187 3839 2367 3890 tamen
2396 3833 2538 3890 illam
2568 3833 2634 3890 ad
2674 3827 2957 3892 materiam
2996 3836 3253 3906 iustitiae,
3298 3838 3559 3913 dicitque,

1966 3925 2141 3998 legem
2168 3923 2381 3980 civilem
2414 3923 2592 3984 solum
2621 3940 2783 3997 posse
2811 3925 2942 3984 ferri
2968 3926 3017 3983 in
3055 3930 3284 3986 materia
3323 3931 3564 3988 iustitiae

1964 4013 2343 4088 praecipiendo
2370 4015 2536 4086 iusta,
2564 4023 2623 4073 et
2656 4015 2996 4088 prohibendo
3023 4034 3087 4075 ac
3117 4019 3389 4092 puniendo
3429 4021 3583 4078 iniu··

1964 4105 2094 4176 rias3
2125 4120 2233 4161 non
2264 4105 2531 4178 pertinere
2559 4111 2744 4164 autem
2764 4105 2832 4164 ad
2851 4107 3117 4180 iiiam,vel
3139 4109 3206 4167 ad
3240 4117 3568 4182 potestatem
3614 4171 3621 4178 ,

1963 4195 2180 4254 civilem
2206 4194 2275 4252 de
2304 4196 2517 4253 actibus
2552 4194 2782 4254 aliarum
2812 4199 3077 4256 virtutum
3118 4201 3405 4258 moralium
3443 4201 3553 4258 dis-

1963 4302 2179 4360 ponere.
2210 4287 2364 4345 Solet
2390 4287 2525 4344 haec
2554 4289 2818 4368 sententia
2845 4289 3008 4346 tribui
3046 4291 3241 4348 Franc.
3280 4293 3551 4349 Sarmien-

1962 4377 2006 4434 si
2037 4384 2195 4436 tract.
2228 4375 2299 4433 de
2323 4375 2535 4434 reddi-t.
2566 4378 2943 4438 ecclesiastic.
2966 4397 3021 4452 p.
3052 4385 3246 4454 4,cap.
3272 4387 3325 4440 5.
3359 4383 3465 4442 Sed
3488 4384 3567 4441 ib-

1961 4483 2070 4526 non
2099 4467 2279 4525 solum
2306 4467 2373 4525 de
2403 4468 2521 4542 lege
2548 4469 2693 4526 civili
2723 4469 2985 4543 loquitur,
3015 4470 3107 4528 sed
3128 4474 3290 4530 etiam
3306 4471 3375 4531 de
3397 4490 3538 4532 cano

1960 4559 2104 4630 nica,
2137 4559 2243 4615 imo
2270 4556 2338 4614 de
2366 4558 2469 4615 hac
2496 4561 2814 4633 praecipue,
2839 4562 2971 4633 quia
3000 4561 3203 4631 omnia,
3228 4578 3369 4636 quae
3390 4563 3562 4621 addu-

1961 4651 2059 4722 cit,
2091 4651 2143 4705 in
2182 4648 2269 4705 ilia
2298 4649 2649 4721 potissimum
2675 4648 2862 4706 locum
2904 4649 3123 4722 babent,
3167 4657 3225 4708 et
3262 4651 3383 4710 ideo
3425 4653 3563 4712 infra

1959 4738 2249 4798 tractando
2279 4738 2343 4796 de
2373 4738 2489 4812 lege
2515 4740 2781 4797 canonica
2805 4739 2885 4797 illi
2910 4740 3559 4813 respondebimus.Nunc

1959 4829 2265 4903 specialiter
2292 4826 2360 4887 de
2389 4827 2533 4885 civili
2578 4829 2699 4886 iure
2732 4828 2786 4886 id
2826 4830 3040 4888 suaderi
3078 4839 3263 4904 potest
3296 4848 3364 4890 ex
3404 4833 3567 4892 dictis

1958 4922 2138 4995 capite
2157 4919 2526 4993 praecedenti.
2552 4919 2686 4977 Nam
2710 4919 2827 4978 finis
2850 4923 3137 4993 potestatis
3156 4923 3330 4980 civilis
3350 4928 3437 4983 est
3460 4941 3566 4998 pax

1957 5019 2014 5069 et
2039 5010 2273 5067 felicitas
2300 5009 2613 5082 temporalis
2641 5008 2971 5083 reipublicae
2992 5011 3289 5086 bumana03
3313 5028 3445 5089 ergo
3476 5032 3564 5073 so-

1957 5102 2072 5159 lum
2101 5105 2282 5174 potest
2309 5101 2457 5176 leges
2484 5100 2623 5157 serre
2652 5101 2709 5156 in
2738 5100 2967 5159 materia
2997 5101 3232 5159 iustitiae
3260 5101 3327 5159 ad
3362 5119 3558 5176 pacem

1957 5192 2096 5251 banc
2117 5200 2175 5250 et
2194 5190 2513 5249 felicitatem
2534 5191 2983 5264 conservandam,
3014 5191 3113 5250 sed
3147 5191 3459 5252 huiusmodi
3478 5205 3566 5257 est

1955 5286 2184 5343 materia
2208 5281 2465 5357 iustitiae,
2482 5289 2539 5340 et
2563 5297 2669 5340 non
2692 5283 2921 5342 aliarum
2946 5283 3247 5358 virtutum3
3293 5300 3423 5360 ergo
3444 5293 3562 5346 tan-
