4325 6267
846 360 969 423 348

764 502 989 561 externi.
1021 500 1417 571 confirmatur,
1460 514 1525 556 ac
1554 498 1900 571 declaratur„
1941 502 2067 572 quia
2096 500 2230 557 ratio
2259 516 2374 571 po-·

764 591 969 647 tissima
988 630 1003 659 ,
1029 589 1098 646 ob
1124 604 1289 662 quam
1316 594 1495 661 potest
1520 588 1681 646 simul
1704 605 1834 663 cum
1856 590 2071 646 actione
2096 588 2355 645 materiali

759 686 981 737 externa
1024 680 1265 751 praecipi
1306 677 1558 735 voluntas
1600 677 1827 737 faciendi
1870 676 2046 747 iliam,
2078 685 2197 745 est,
2225 678 2354 750 quia

760 768 853 826 illa
880 770 1027 825 actio
1052 777 1273 825 externa
1296 774 1380 825 est
1408 768 1719 825 necessaria
1742 765 1810 823 ad
1833 782 2126 823 commune
2149 765 2352 823 bonum

760 857 1085 931 reipublicae
1107 899 1121 927 ,
1160 865 1216 913 et
1256 873 1361 915 non
1406 865 1586 929 potest
1623 857 1859 913 humano
1892 857 2055 913 modo
2082 857 2346 928 praecipi,

674 988 681 995 .
760 965 867 1004 non
898 953 1188 1019 praecepta
1218 946 1518 1013 voluntate,
1550 946 1646 1003 sed
1675 946 1837 1003 etiam
1866 946 1917 1001 hi
1947 953 2107 1003 actus
2132 946 2350 1003 externi

760 1045 891 1095 sunt
940 1038 1229 1093 necessarii
1277 1037 1655 1095 communitati
1702 1036 2003 1107 humanae,
2044 1034 2350 1093 secundum

757 1131 933 1186 dictas
956 1131 1193 1185 rationes
1218 1127 1473 1199 morales,
1500 1132 1556 1183 et
1574 1125 1883 1183 secundum
1908 1124 2023 1181 illas
2048 1126 2351 1182 subsistere

758 1235 864 1275 non
906 1216 1133 1290 possunt
1171 1219 1283 1275 sine
1324 1218 1577 1287 internis,
1620 1232 1751 1289 ergo
1792 1217 1842 1271 hi
1868 1218 2031 1273 etiam
2061 1231 2342 1288 comprae-

761 1311 866 1383 cipi
895 1316 1147 1381 possunt.

838 1398 1084 1468 Accedit,
1104 1396 1253 1471 quod
1280 1396 1613 1469 ubicumque
1634 1402 1797 1452 actus
1816 1395 2032 1451 interior
2063 1394 2168 1449 boc
2185 1392 2346 1449 modo

762 1490 1117 1562 coniungitur
1147 1503 1275 1543 cum
1304 1496 1549 1557 externo,
1578 1485 1791 1552 morali,
1814 1492 1873 1542 et
1894 1484 2136 1539 humano
2162 1482 2348 1553 modo,

762 1596 857 1651 per
888 1578 1039 1636 illum
1070 1574 1478 1647 manifestatur,
1508 1576 1636 1649 quia
1665 1574 2031 1647 praesumitur
2063 1574 2226 1630 bomo
2255 1574 2352 1629 ba·

761 1670 889 1727 bere
916 1668 1151 1725 debitam
1180 1665 1555 1735 intentionem,
1600 1678 1729 1721 cum
1758 1670 2016 1735 operatur
2038 1703 2051 1727 ,
2085 1661 2216 1719 licet
2243 1678 2348 1719 non

762 1761 829 1817 sit
860 1756 1148 1815 infallibilis
1176 1736 1602 1827 indicaffimquia
1632 1760 1817 1827 potest
1844 1752 2005 1809 homo
2037 1766 2158 1809 esse
2189 1754 2350 1809 fictus

762 1858 817 1906 et
842 1844 1092 1915 mendax3
1118 1860 1251 1919 ergo
1280 1844 1413 1902 illud
1444 1842 1673 1913 sufficit,
1704 1852 1765 1901 ut
1794 1842 1915 1900 talis
1942 1849 2103 1899 actus
2132 1842 2350 1899 interior

760 1939 933 2011 possit
974 1936 1191 2005 involvi,
1238 1940 1299 1990 ut
1338 1934 1419 1991 sic
1445 1932 1659 2004 dicam,
1692 1950 1789 1989 seu
1822 1930 2211 2004 comprehendi
2241 1930 2344 1986 sub

761 2028 1063 2101 adaequata
1090 2026 1315 2081 materia
1340 2032 1397 2081 et
1425 2024 1749 2097 obligatione
1781 2024 1911 2095 legis
1941 2023 2232 2079 humanae.
2251 2023 2348 2078 De-

760 2122 925 2193 nique
962 2118 1319 2174 confirmatur
1349 2130 1381 2170 a
1409 2113 1717 2185 contrario,
1754 2114 1883 2185 quia
1910 2127 2073 2184 saepe
2098 2110 2349 2183 superior

762 2216 946 2283 potest
970 2206 1212 2278 obligare
1244 2204 1314 2263 ad
1342 2202 1545 2277 aliquid
1576 2202 1873 2276 agendum,
1896 2200 2147 2275 quamvis
2177 2200 2345 2257 bone-

762 2306 907 2367 stss,
952 2296 1033 2352 vel
1086 2294 1293 2352 utilitas
1340 2294 1570 2351 actionis
1606 2292 1887 2349 exterioris
1915 2296 2209 2363 praecepta
2235 2296 2348 2347 tota

764 2388 995 2462 pendeat
1021 2403 1088 2443 ex
1116 2386 1411 2443 intentione
1434 2382 1841 2456 praecipiende,
1866 2386 2190 2454 argumento
2215 2380 2344 2437 dicti

760 2494 883 2551 cap.
902 2474 1371 2544 Vener-abilam}
1396 2471 1685 2546 penult.de
1709 2478 1943 2530 sentent.
1968 2486 2184 2529 excom.
2208 2472 2262 2525 in
2289 2474 2342 2528 6.

764 2569 915 2625 iuxta
942 2569 1122 2625 Gloss.
1140 2565 1305 2623 verbo
1332 2566 1583 2630 iustitia,
1600 2564 1729 2636 quia
1750 2579 1857 2619 non
1880 2576 2098 2634 semper
2120 2567 2342 2618 tenetur

763 2659 1015 2731 superior
1032 2658 1297 2715 rationem
1320 2654 1405 2710 sui
1423 2654 1697 2727 praecepti
1716 2651 1932 2709 subdito
1950 2650 2198 2724 reddere3
2214 2665 2347 2722 ergo

759 2748 951 2806 eadem
968 2749 1173 2806 ratione
1187 2751 1367 2819 potest
1386 2743 1700 2816 praecipere
1722 2750 1913 2799 actum
1933 2745 2220 2799 externum
2244 2739 2348 2798 sub

760 2838 1077 2907 intentione,
1100 2850 1243 2910 quae
1274 2832 1503 2907 pendeat
1530 2848 1563 2889 a
1582 2831 1863 2890 voluntate
1890 2829 2089 2887 subditi
2116 2844 2346 2902 operan-

764 2932 835 2988 tis
856 2971 871 3000 ‚
909 2927 1121 2985 etiamsi
1148 2926 1271 2985 talis
1298 2924 1523 2982 intentio
1554 2921 1725 2980 videri
1751 2937 1858 2979 non
1886 2921 2079 2993 possit.
2104 2921 2176 2983 Et
2203 2920 2348 2976 mul-

762 3028 850 3077 tae
877 3035 944 3076 ex
972 3016 1056 3075 his
1084 3014 1385 3074 rationibus
1411 3012 1647 3086 probant
1674 3013 1819 3070 idem
1845 3012 1913 3069 de
1939 3010 2151 3084 legibus
2179 3010 2350 3068 civili-

764 3111 901 3180 bus,
946 3115 1011 3165 ut
1048 3106 1316 3163 insinuavi
1360 3103 1453 3160 lib.
1484 3103 1587 3175 tlt,
1617 3118 1741 3174 cap.
1771 3101 1839 3173 Ἲς
1870 3103 2134 3160 maiorem
2162 3107 2347 3158 autem

765 3199 1135 3272 probationem
1163 3198 1217 3254 in
1239 3196 1387 3252 bunc
1412 3194 1595 3251 locum
1624 3193 1921 3263 reservavi,
1944 3192 2077 3264 quia
2096 3190 2235 3249 baec
2256 3208 2350 3248 ne-

762 3290 993 3347 cessitas
1034 3286 1373 3359 t'requentius
1412 3283 1664 3340 occurrit
1700 3282 1749 3337 in
1792 3282 2017 3337 materia
2056 3283 2347 3353 canonica,

762 3396 907 3455 quae
934 3378 1103 3451 magis
1129 3374 1423 3448 spiritualis
1450 3380 1556 3444 est,
1575 3372 1855 3444 magisque
1874 3386 1939 3427 ex
1964 3371 2198 3427 internis
2217 3372 2350 3427 acti·

763 3471 868 3528 bus
897 3466 1113 3542 pendet.

854 3567 905 3619 8.
939 3560 1020 3616 Ex
1048 3557 1151 3613 bac
1180 3555 1483 3613 assertione
1510 3551 1683 3609 insero
1714 3552 1911 3624 primo,
1942 3564 2102 3623 posse
2129 3552 2350 3621 peccari

763 3650 1002 3724 graviter
1031 3653 1223 3704 contra
1252 3645 1427 3717 legem
1453 3640 1885 3701 ecclesiasticam
1912 3656 1979 3697 ex
2006 3639 2222 3697 defectu
2252 3639 2348 3697 ali·

764 3756 875 3813 quo
906 3741 957 3795 in
989 3745 1119 3796 actu
1149 3736 1366 3795 mentis,
1398 3732 1607 3790 etiamsi
1634 3731 1682 3788 in
1712 3730 1969 3788 exteriori
1996 3731 2210 3787 actione
2241 3745 2349 3787 non

760 3834 1026 3903 appareat
1048 3826 1316 3883 deiectus.
1346 3822 1640 3894 Probatur,
1664 3822 1793 3894 quia
1813 3820 2061 3877 Ecclesia
2090 3820 2355 3891 praecipit

763 3921 917 3979 illum
946 3926 1134 3975 actum
1165 3923 1449 3973 externum
1478 3927 1587 3968 non
1616 3917 1852 3980 tantum,
1886 3916 1948 3966 ut.
1974 3909 2096 3966 talis
2124 3917 2212 3967 est
2239 3924 2349 3965 ma-

764 4008 1043 4077 terialiter,
1062 4013 1119 4063 et
1146 4004 1387 4078 physice,
1411 4000 1505 4058 sed
1532 4002 1697 4057 etiam
1719 4008 1782 4056 ut
1801 4006 1889 4057 est
1908 3998 2031 4056 talis
2054 3997 2348 4070 moraliter,

764 4101 820 4158 id
846 4108 955 4174 est,
986 4105 1050 4155 ut
1074 4103 1163 4153 est
1187 4098 1624 4163 sacramentum,
1654 4097 2001 4161 contractus,
2034 4088 2118 4145 vel
2145 4089 2347 4163 aliquid

766 4189 969 4262 simile,
1012 4186 1108 4243 sed
1133 4184 1244 4241 fleri
1276 4188 1493 4254 potest,
1526 4186 1592 4237 ut
1620 4185 1840 4251 propter
1870 4179 2047 4235 solum
2074 4178 2350 4235 desectum

762 4279 1035 4337 interioris
1063 4282 1244 4343 actus,
1272 4274 1511 4329 exterior
1532 4286 1638 4325 non
1662 4271 1734 4326 sit
1760 4268 1904 4340 talis3
1928 4284 2060 4343 ergo
2086 4277 2220 4327 tunc
2245 4285 2348 4326 non

763 4367 1079 4441 implebitur
1126 4369 1477 4437 praeceptum
1530 4358 1807 4415 Ecclesiae
1833 4397 1846 4428 ‚
1898 4358 1993 4415 sed
2031 4358 2349 4431 peccabitur

764 4461 1005 4532 graviter
1030 4460 1221 4513 contra
1256 4450 1412 4509 illud.
1430 4452 1543 4507 Hoc
1572 4450 1845 4506 constabit
1870 4448 2076 4529 clarius
2105 4450 2155 4505 in
2187 4451 2351 4522 parti·

764 4548 960 4605 cirlari.
994 4544 1245 4603 Secundo
1284 4541 1488 4608 insero,
1532 4538 1833 4611 transgredi
1873 4545 2224 4611 praeceptum
2253 4556 2350 4597 an-

766 4653 909 4695 nuae
945 4633 1321 4704 confessionis,
1367 4632 1459 4704 qui
1496 4630 1546 4687 in
1576 4628 1995 4701 Quadrsgesima
2026 4629 2098 4685 ita
2126 4629 2352 4686 conlite-

767 4738 858 4786 tur
884 4727 1146 4795 exterius,
1178 4729 1240 4779 ιιι
1267 4727 1674 4777 sacramentum
1704 4718 2065 4789 poenitentiae
2092 4735 2199 4775 non
2231 4734 2348 4789 per-

760 4820 947 4889 cipiat,
977 4814 1185 4871 etiamsi
1212 4812 1314 4869 boc
1348 4817 1557 4868 tantum
1586 4808 1867 4884 contingat
1890 4824 1955 4864 ex
1985 4808 2100 4865 solo
2129 4808 2348 4867 deiectu

766 4905 1027 4965 interiori.
1059 4904 1138 4959 lta
1165 4904 1277 4958 dixi
1306 4900 1357 4956 in
1385 4904 1439 4958 ἱ.
1473 4907 1513 4957 ι.
1548 4904 1601 4957 3.
1637 4904 1778 4969 part.
1805 4898 1947 4969 disp.
1983 4902 2074 4968 36,
2108 4905 2251 4955 sect.
2287 4900 2339 4970 7,

768 5014 899 5055 cum
930 4994 1116 5053 tutiori
1152 4997 1209 5049 et
1244 4990 1603 5047 communiori
1634 4989 1893 5045 sententia
1912 5030 1927 5059 ,
1955 5003 2119 5060 quam
2149 4989 2348 5045 certio·

767 5104 880 5145 rem
910 5079 1349 5155 censui,quando
1371 5079 1619 5136 desectus
1647 5084 1733 5133 est
1762 5077 1811 5133 in
1842 5077 2346 5149 integritate.Unde

768 5181 977 5235 Victor.
1017 5176 1069 5231 in
1107 5174 1260 5229 Sum.
1296 5176 1350 5229 4.
1385 5185 1439 5242 q.
1472 5166 1543 5224 de
1575 5166 1844 5240 Corffess.
1871 5184 2023 5223 num.
2060 5172 2186 5239 150,
2222 5167 2344 5225 licet

768 5268 954 5327 credat
995 5264 1239 5322 satisfieri
1283 5266 1571 5333 praecepto
1620 5258 1899 5315 Ecclesiae
1928 5273 2020 5328 per
2049 5256 2345 5315 consessio-

2213 373 2412 423 Lmen
2443 374 2535 422 lv.

2425 514 2548 555 nem
2576 502 2690 556 sine
2715 499 2927 567 dolore,
2949 500 3175 573 requirit
3203 498 3552 557 nibilominus
3583 507 3645 557 ut
3672 502 3744 557 sit
3769 506 4014 573 integra;

2425 589 2534 645 imo
2559 590 2724 646 etiam
2751 588 3016 661 postulat,
3039 593 3106 643 ut
3131 591 3239 645 iste
3267 589 3625 662 confiteatur
3647 591 3758 646 hoc
3785 592 4012 667 ipsum,

2423 678 2580 751 quod
2605 696 2724 735 non
2747 678 2922 737 habet
2947 678 3239 746 dotorem
3263 696 3392 735 cum
3421 685 3600 735 tamen
3631 677 3880 737 desectus
3911 678 4020 735 do-

2423 767 2558 824 loris
2586 766 2763 825 solum
2793 769 2862 823 sit
2891 768 3140 825 mentalis
3169 775 3226 826 et
3250 770 3518 826 internus.
3536 770 3604 834 Et
3629 766 3822 826 eodem
3845 767 4014 826 modo

2424 857 2664 929 loquitur
2704 858 2952 916 Ledesm.
2995 858 3045 914 in
3091 862 3144 929 4,
3176 874 3232 931 q.
3269 864 3362 927 30,
3394 865 3499 915 art.
3534 864 3594 928 2,
3633 859 3765 915 dub.
3819 862 3909 917 12.
3942 860 4018 914 Et.

2423 948 2558 1003 ratio
2589 949 2934 1019 particularis
2961 948 3028 1005 de
3054 948 3276 1005 defectu
3305 948 3628 1021 integritatis
3657 965 3777 1004 esse
3803 956 4013 1021 potest,

2421 1037 2548 1108 quia
2598 1036 2722 1095 licet
2770 1044 3060 1110 peccatum
3089 1038 3355 1094 omissum
3381 1039 3434 1093 in
3465 1038 3805 1093 consessione
3833 1040 3904 1093 sit
3931 1038 4017 1093 in-

2423 1132 2658 1196 ternum,
2681 1134 2860 1183 tamen
2888 1130 3110 1183 omissio
3135 1129 3252 1197 ipsa
3277 1133 3362 1183 est
3389 1126 3457 1184 de
3484 1133 3615 1182 actu
3644 1134 3894 1197 externo,
3917 1134 4012 1182 est

2419 1215 2564 1271 enim
2593 1218 2816 1272 omissio
2844 1216 3084 1288 partialis
3111 1216 3472 1273 confessionis
3499 1216 3803 1285 exterioris3
3832 1223 4016 1287 potest

2417 1311 2600 1362 autem
2636 1305 2884 1376 Ecclesia
2933 1308 3248 1379 praecipere
3291 1307 3441 1363 illum
3468 1313 3654 1361 actum
3682 1311 4008 1375 externum,

2421 1394 2627 1449 etiamsi
2669 1396 2890 1450 materia
2917 1395 3032 1451 eius
3061 1402 3266 1452 remota
3297 1396 3396 1467 sit,
3435 1410 3532 1451 seu
3561 1396 3711 1451 circa
3737 1411 3906 1469 quam
3937 1398 4016 1451 sit

2421 1490 2579 1541 actus
2626 1485 2901 1556 internus3
2945 1501 3072 1541 nam
3119 1485 3251 1543 licet
3292 1485 3396 1542 boc
3423 1484 3651 1542 excedat
3678 1492 4018 1557 potestatem,

2421 1572 2710 1629 humanam
2741 1576 2794 1631 in
2821 1576 3012 1632 ordine
3040 1575 3106 1632 ad
3134 1575 3317 1633 forum
3344 1581 3655 1641 externum
3687 1592 3792 1631 non
3824 1582 4008 1633 tamen

2417 1668 2642 1733 est,cur
2669 1665 2898 1723 excedat
2919 1672 3248 1737 potestatem
3275 1665 3708 1723 ecclesiasticam
3737 1667 3790 1721 in
3819 1665 4014 1723 ordine

2417 1752 2488 1809 ad
2517 1752 2696 1811 sorum
2724 1756 3000 1812 internum
3028 1762 3086 1813 et
3111 1756 3344 1813 salutem
3371 1758 3604 1813 animae.

2492 1843 2564 1899 Et
2599 1852 2776 1915 potest
2826 1844 2932 1901 hoc
2974 1845 3043 1903 ab
3081 1845 3481 1903 inconvenienti
3511 1846 3850 1911 confirmari,
3881 1848 4016 1918 quia

2418 1931 2548 1989 alias
2597 1933 2762 1990 tidelis
2811 1932 3014 1991 babens
3063 1936 3452 1991 conscientiam
3502 1936 3716 2007 peccati
3765 1936 4014 1991 mortalis

2421 2029 2634 2080 tantum
2671 2023 2867 2080 interni
2899 2028 2958 2080 et
2991 2022 3272 2095 mentalis,
3311 2040 3418 2079 non
3447 2030 3725 2081 teneretur
3751 2040 3818 2081 ex
3845 2040 4013 2095 prae-

2416 2119 2582 2184 cepto
2611 2112 2890 2169 Ecclesiae
2931 2114 3177 2171 confiteri
3213 2113 3380 2169 semel
3419 2101 3476 2169 in'
3503 2128 3645 2169 anno
3680 2127 3748 2169 ex
3779 2113 3825 2168 vi
3853 2128 4014 2185 prae·

2417 2205 2561 2274 cepti
2591 2202 3134 2276 consessionis,quod
3166 2204 3380 2261 videtur
3401 2202 3728 2275 absurdum3
3744 2218 3896 2276 ergo.
3911 2204 4012 2260 Se·

2417 2293 2579 2366 quela
2618 2301 2705 2350 est
2747 2292 3061 2367 manifesta,
3107 2296 3234 2367 quia
3270 2296 3321 2350 si
3352 2300 3706 2365 praeceptum
3731 2293 4016 2351 Ecclesiae

2417 2398 2522 2438 non
2545 2382 2745 2456 obligat
2760 2381 2828 2439 ad
2843 2383 3122 2455 partialem
3145 2384 3540 2441 confessionem
3561 2385 3776 2455 peccati
3795 2391 4006 2443 morta-

2415 2471 2482 2528 lis
2519 2472 2737 2542 interni,
2782 2472 2957 2529 multo
2999 2474 3180 2529 minus
3215 2472 3474 2547 obligabit
3498 2472 3570 2531 ad
3597 2473 4000 2533 consessionem

2415 2561 2636 2620 totalem
2676 2561 3017 2620 internorum
3055 2570 3412 2636 peccatorum
3431 2606 3445 2633 ,
3473 2564 3640 2620 etiam
3667 2564 4006 2621 mortalium.

2416 2651 2587 2709 Minor
2625 2657 2808 2710 autem
2837 2660 2991 2724 patet
3019 2660 3136 2711 tum
3173 2668 3239 2711 ex
3267 2652 3676 2711 universalitate
3704 2657 4010 2727 praecepti,

2417 2745 2475 2798 et
2498 2744 2782 2798 communi
2811 2741 3169 2815 intelligentia
3189 2742 3356 2813 illius,
3371 2749 3489 2800 tum
3509 2744 3740 2800 maxime
3759 2743 3891 2816 quia
3912 2742 4010 2800 ille

2415 2836 2634 2888 tenetur
2659 2846 2726 2889 ex
2755 2840 3048 2905 praecepto
3067 2831 3250 2889 divino
3272 2832 3536 2905 confiteri3
3553 2832 3802 2891 Ecclesia
3819 2840 4010 2891 autem

2415 2918 2760 2992 indistincte,
2811 2926 2867 2979 et
2910 2920 3161 2979 absolute
3207 2921 3588 2980 determinavit
3633 2929 3876 2993 tempus,
3905 2938 4012 2996 pro

2417 3024 2530 3083 qua
2553 3009 2659 3067 tale
2687 3019 3038 3083 praeceptum
3066 3011 3295 3085 obligat3
3323 3028 3482 3086 ergo,
3504 3015 3679 3085 posito
3705 3022 4012 3085 praecepto

2415 3099 2726 3171 Ecclesiae,
2764 3100 3034 3175 obligatur
3072 3102 3158 3159 ille
3193 3104 3356 3161 bomo
3385 3104 3453 3161 ad
3481 3102 3878 3161 consessionem
3905 3122 4014 3178 pro

2417 3188 2508 3246 illo
2544 3196 2806 3261 tempore.
2838 3192 2910 3248 Et
2947 3190 3082 3249 baec
3124 3200 3210 3249 est
3247 3196 3383 3253 ratio
3417 3192 3680 3266 generatis
3709 3196 3878 3252 etiam
3907 3211 4014 3266 pro

2415 3276 2637 3336 defectu
2682 3278 2918 3351 doloris,
2971 3286 3030 3339 ut
3075 3281 3223 3338 dicto
3271 3281 3395 3339 loco
3430 3282 3567 3354 dixi,
3605 3284 3734 3356 quia
3760 3283 4014 3341 Ecclesia

2417 3371 2686 3442 praecipit
2721 3378 3124 3429 sacramentum
3165 3373 3523 3445 poenitentiae
3559 3376 3804 3446 recipere
3832 3374 4004 3431 semel

2418 3460 2468 3515 in
2519 3475 2659 3516 anno
2688 3502 2702 3529 ,
2752 3459 2901 3534 quod
2936 3460 3186 3519 Christus
3237 3463 3556 3534 simpliciter
3595 3464 3874 3536 praecepit
3911 3463 4011 3520 ali-

2417 3547 2637 3621 quando
2684 3549 2947 3622 recipere.
2987 3550 3120 3608 item
3167 3554 3298 3624 quia
3334 3551 3580 3609 Ecclesia
3625 3554 3889 3624 praecipit
3931 3554 4008 3611 ita

2419 3638 2695 3707 confiteri,
2739 3646 2804 3696 ut
2837 3640 3009 3712 possit
3042 3640 3166 3715 quis
3195 3639 3432 3712 absolvi,
3467 3650 3530 3699 ιιι
3557 3641 3752 3699 ibidem
3781 3642 3928 3713 dixi,
3957 3649 4014 3700 et

2420 3734 2572 3785 recte
2594 3730 2806 3785 notavit
2822 3730 3048 3787 Navarr.
3073 3730 3126 3785 in
3147 3728 3546 3802 cap.Placuit,
3565 3731 3690 3789 dist.
3716 3735 3771 3804 6,
3791 3749 3844 3788 ιι.
3873 3736 4000 3803 183,

2418 3832 2550 3873 cum
2589 3816 2808 3875 Adrisn.
2855 3819 2904 3874 in
2935 3822 2990 3877 4.
3033 3826 3166 3877 mat.
3211 3818 3278 3877 de
3317 3820 3556 3878 confess.
3599 3837 3657 3894 q.
3693 3826 3742 3889 5,
3777 3820 3913 3879 dub.
3949 3827 4006 3884 4.

2420 3908 2533 3964 Nec
2560 3914 2665 3977 est,
2691 3923 2797 3965 cur
2819 3908 2924 3965 boc
2951 3907 3181 3967 excedat
3207 3916 3533 3981 potestatem
3553 3910 4012 3983 Ecclesiae,cum

2420 3996 2506 4055 lex
2533 3998 2614 4054 sic
2643 3997 2924 4055 intellecta
2949 3998 3020 4057 sit
3039 3999 3107 4056 de
3128 4016 3232 4057 usu
3255 4006 3482 4057 externo
3505 3999 3798 4059 cuiusdam
3819 4016 4010 4059 sacra-

2421 4087 2580 4143 menti
2609 4102 2711 4159 pro
2741 4086 2832 4144 tali
2859 4092 3121 4159 tempore,
3144 4095 3202 4145 et
3221 4091 3455 4147 maxime
3481 4090 3834 4149 conveniente
3857 4107 4014 4149 com-

2421 4177 2569 4234 muni
2590 4178 2733 4234 bono
2750 4176 3050 4235 Ecclesiae.
3066 4179 3134 4235 Et
3153 4176 3272 4237 ideo
3295 4196 3509 4252 semper
3528 4181 3866 4253 probabilius
3887 4198 4012 4239 cre·

2417 4266 2558 4339 didi,
2603 4267 2844 4338 potuisse
2870 4266 3173 4326 Ecclesiam
3207 4267 3312 4325 boc
3343 4270 3660 4342 praecipere
3679 4314 3695 4342 ,
3727 4271 4012 4343 supposita

2419 4358 2538 4413 sola
2566 4358 2906 4415 institutione
2931 4363 2990 4414 et
3016 4357 3248 4415 utilitate
3275 4358 3395 4419 talis
3423 4361 3775 4432 sacramenti,
3793 4362 4006 4417 etiamsi

2417 4446 2670 4504 Christus
2699 4462 2864 4504 usum
2891 4447 3008 4504 eius
3035 4461 3142 4503 non
3173 4448 3568 4521 praecepisset,
3606 4457 3670 4506 ut
3697 4449 3865 4506 latius
3893 4456 4006 4507 tra-

2418 4538 2563 4595 ctavi
2593 4536 2644 4593 in
2671 4534 2860 4593 eodem
2891 4538 2946 4594 4.
2980 4542 3112 4593 tom.
3145 4537 3288 4609 disp.
3322 4542 3416 4609 35,
3447 4545 3585 4596 sect.
3627 4544 3672 4597 l.

2495 4632 2550 4686 9.
2574 4627 2752 4683 Tertio
2781 4626 2950 4683 insero
2971 4667 2986 4695 ,
3019 4626 3394 4685 beneficiatum
3424 4627 3732 4687 voluntarie
3759 4634 4000 4689 recitan-

2419 4724 2524 4775 tem
2555 4718 2667 4774 sine
2707 4716 3002 4773 attentione
3031 4732 3138 4773 non
3177 4716 3404 4787 implere
3432 4726 3784 4791 praeceptum
3813 4722 4006 4782 Eccle-

2419 4809 2528 4865 siae
2547 4850 2563 4880 ,
2591 4808 2804 4864 etiamsi
2834 4805 3046 4862 nullum
3077 4807 3290 4878 signum
3316 4813 3604 4863 externum
3631 4808 3774 4865 illius
3806 4810 4004 4870 distra-

2418 4900 2614 4955 ctionis
2641 4895 2911 4965 exhibeat,
2940 4910 3043 4951 nec
3072 4894 3236 4952 iaciat
3263 4895 3534 4953 actionem
3565 4896 3798 4970 aliquam
3827 4909 4010 4959 exter..

2417 5003 2540 5043 nam
2570 4984 2913 5056 prohibitam,
2930 4999 3031 5041 nec
3061 4986 3280 5043 omittat
3306 4983 3507 5060 aliquid
3529 4994 3821 5047 externum
3841 5008 4002 5063 prae-

2416 5084 2636 5150 ceptum
2678 5076 2733 5131 in
2773 5074 2961 5131 ordine
3000 5074 3068 5131 ad
3109 5074 3487 5148 attentionem,
3525 5076 3622 5133 sed
3649 5080 3829 5135 omnia
3855 5088 4008 5137 exte-

2417 5168 2558 5225 riora
2583 5166 2740 5238 plene
2768 5164 3008 5237 impleat,
3033 5164 3324 5237 solumque
3353 5168 3532 5222 mente
3562 5166 3863 5226 voluntarie
3887 5171 4002 5229 dis-

2416 5261 2624 5315 tractus
2667 5254 2753 5312 sit.
2798 5255 2931 5311 Nam
2972 5252 3060 5311 ille
3099 5253 3218 5315 sine,
3251 5254 3416 5311 dubio
3459 5262 3653 5327 peccat
3707 5260 4008 5319 mortaliter
