<?xml version="1.0" encoding="UTF-8"?>
<!DOCTYPE html PUBLIC "-//W3C//DTD XHTML 1.0 Transitional//EN"
    "http://www.w3.org/TR/xhtml1/DTD/xhtml1-transitional.dtd">
<html xmlns="http://www.w3.org/1999/xhtml" xml:lang="en" lang="en">
 <head>
  <title>
</title>
<meta http-equiv="Content-Type" content="text/html;charset=utf-8" />
  <meta name='ocr-system' content='tesseract 3.04.00' />
  <meta name='ocr-capabilities' content='ocr_page ocr_carea ocr_par ocr_line ocrx_word'/>
</head>
<body>
  <div class='ocr_page' id='page_1' title='image "./tractatusdelegi01sugoog_0027.png"; bbox 0 0 4325 6267; ppageno 0'>
   <div class='ocr_carea' id='block_1_1' title="bbox 1764 418 2094 468">
    <p class='ocr_par' dir='ltr' id='par_1_1' title="bbox 1764 418 2094 468">
     <span class='ocr_line' id='line_1_1' title="bbox 1764 418 2094 468; baseline -0.012 0"><span class='ocrx_word' id='word_1_1' title='bbox 1764 418 1974 468; x_wconf 76' lang='lat' dir='ltr'>CAPUT</span> <span class='ocrx_word' id='word_1_2' title='bbox 2001 419 2094 467; x_wconf 85' lang='lat' dir='ltr'><strong>lv.</strong></span> 
     </span>
    </p>
   </div>
   <div class='ocr_carea' id='block_1_2' title="bbox 225 533 1914 5328">
    <p class='ocr_par' dir='ltr' id='par_1_2' title="bbox 299 533 1912 1408">
     <span class='ocr_line' id='line_1_2' title="bbox 301 533 1908 616; baseline 0.006 -27"><span class='ocrx_word' id='word_1_3' title='bbox 301 534 350 590; x_wconf 89' lang='lat' dir='ltr'><strong>in</strong></span> <span class='ocrx_word' id='word_1_4' title='bbox 379 548 467 604; x_wconf 91' lang='lat' dir='ltr'><strong>eo,</strong></span> <span class='ocrx_word' id='word_1_5' title='bbox 491 535 588 607; x_wconf 88' lang='lat' dir='ltr'><strong>qui</strong></span> <span class='ocrx_word' id='word_1_6' title='bbox 615 549 715 607; x_wconf 87' lang='lat' dir='ltr'><strong>per</strong></span> <span class='ocrx_word' id='word_1_7' title='bbox 734 533 878 608; x_wconf 81' lang='lat' dir='ltr'><strong>leges</strong></span> <span class='ocrx_word' id='word_1_8' title='bbox 899 533 1064 593; x_wconf 89' lang='lat' dir='ltr'><strong>debet</strong></span> <span class='ocrx_word' id='word_1_9' title='bbox 1083 538 1414 610; x_wconf 88' lang='lat' dir='ltr'><strong>gubernare.</strong></span> <span class='ocrx_word' id='word_1_10' title='bbox 1436 541 1533 596; x_wconf 88' lang='lat' dir='ltr'><strong>Est</strong></span> <span class='ocrx_word' id='word_1_11' title='bbox 1550 556 1684 616; x_wconf 84' lang='lat' dir='ltr'><strong>ergo</strong></span> <span class='ocrx_word' id='word_1_12' title='bbox 1706 541 1790 600; x_wconf 79' lang='lat' dir='ltr'><strong>lex</strong></span> <span class='ocrx_word' id='word_1_13' title='bbox 1812 541 1908 598; x_wconf 89' lang='lat' dir='ltr'><strong>ali-</strong></span> 
     </span>
     <span class='ocr_line' id='line_1_3' title="bbox 299 620 1908 696; baseline 0.005 -16"><span class='ocrx_word' id='word_1_14' title='bbox 299 620 433 695; x_wconf 91' lang='lat' dir='ltr'><strong>quid</strong></span> <span class='ocrx_word' id='word_1_15' title='bbox 464 622 534 680; x_wconf 90' lang='lat' dir='ltr'><strong>ad</strong></span> <span class='ocrx_word' id='word_1_16' title='bbox 563 629 798 680; x_wconf 85' lang='lat' dir='ltr'><strong>mentem</strong></span> <span class='ocrx_word' id='word_1_17' title='bbox 826 625 1120 696; x_wconf 85' lang='lat' dir='ltr'><strong>pertinens.</strong></span> <span class='ocrx_word' id='word_1_18' title='bbox 1147 629 1262 684; x_wconf 79' lang='lat' dir='ltr'><strong>imo</strong></span> <span class='ocrx_word' id='word_1_19' title='bbox 1285 629 1404 684; x_wconf 89' lang='lat' dir='ltr'><strong>siin</strong></span> <span class='ocrx_word' id='word_1_20' title='bbox 1434 629 1621 687; x_wconf 82' lang='lat' dir='ltr'>ordine</span> <span class='ocrx_word' id='word_1_21' title='bbox 1648 629 1715 688; x_wconf 88' lang='lat' dir='ltr'><strong>ad</strong></span> <span class='ocrx_word' id='word_1_22' title='bbox 1747 638 1908 690; x_wconf 90' lang='lat' dir='ltr'><strong>natu-</strong></span> 
     </span>
     <span class='ocr_line' id='line_1_4' title="bbox 300 710 1904 790; baseline 0.007 -24"><span class='ocrx_word' id='word_1_23' title='bbox 300 710 436 767; x_wconf 88' lang='lat' dir='ltr'><strong>ralia</strong></span> <span class='ocrx_word' id='word_1_24' title='bbox 474 711 561 768; x_wconf 83' lang='lat' dir='ltr'><strong>vel</strong></span> <span class='ocrx_word' id='word_1_25' title='bbox 603 711 934 769; x_wconf 82' lang='lat' dir='ltr'>irrationalia</span> <span class='ocrx_word' id='word_1_26' title='bbox 972 712 1174 772; x_wconf 91' lang='lat' dir='ltr'><strong>dicitur</strong></span> <span class='ocrx_word' id='word_1_27' title='bbox 1207 718 1353 774; x_wconf 88' lang='lat' dir='ltr'><strong>Deus</strong></span> <span class='ocrx_word' id='word_1_28' title='bbox 1394 732 1490 790; x_wconf 92' lang='lat' dir='ltr'><strong>per</strong></span> <span class='ocrx_word' id='word_1_29' title='bbox 1530 719 1904 777; x_wconf 79' lang='lat' dir='ltr'><strong>extensionem</strong></span> 
     </span>
     <span class='ocr_line' id='line_1_5' title="bbox 299 797 1908 881; baseline 0.006 -26"><span class='ocrx_word' id='word_1_30' title='bbox 299 797 598 873; x_wconf 86' lang='lat' dir='ltr'><strong>quamdam</strong></span> <span class='ocrx_word' id='word_1_31' title='bbox 629 799 802 872; x_wconf 88' lang='lat' dir='ltr'><strong>legem</strong></span> <span class='ocrx_word' id='word_1_32' title='bbox 841 803 1165 874; x_wconf 88' lang='lat' dir='ltr'><strong>concipere,</strong></span> <span class='ocrx_word' id='word_1_33' title='bbox 1196 804 1249 861; x_wconf 90' lang='lat' dir='ltr'><strong>id</strong></span> <span class='ocrx_word' id='word_1_34' title='bbox 1287 805 1468 862; x_wconf 86' lang='lat' dir='ltr'><strong>solum</strong></span> <span class='ocrx_word' id='word_1_35' title='bbox 1510 814 1598 864; x_wconf 90' lang='lat' dir='ltr'><strong>est</strong></span> <span class='ocrx_word' id='word_1_36' title='bbox 1633 815 1908 881; x_wconf 89' lang='lat' dir='ltr'><strong>quatenus</strong></span> 
     </span>
     <span class='ocr_line' id='line_1_6' title="bbox 299 889 1908 968; baseline 0.007 -24"><span class='ocrx_word' id='word_1_37' title='bbox 299 905 390 960; x_wconf 84' lang='lat' dir='ltr'><strong>ea,</strong></span> <span class='ocrx_word' id='word_1_38' title='bbox 421 904 566 963; x_wconf 85' lang='lat' dir='ltr'><strong>quae</strong></span> <span class='ocrx_word' id='word_1_39' title='bbox 591 889 875 947; x_wconf 89' lang='lat' dir='ltr'><strong>intellectu</strong></span> <span class='ocrx_word' id='word_1_40' title='bbox 903 899 1126 964; x_wconf 90' lang='lat' dir='ltr'><strong>carent,</strong></span> <span class='ocrx_word' id='word_1_41' title='bbox 1160 893 1400 966; x_wconf 89' lang='lat' dir='ltr'><strong>indigent</strong></span> <span class='ocrx_word' id='word_1_42' title='bbox 1429 897 1700 968; x_wconf 84' lang='lat' dir='ltr'><strong>superiori</strong></span> <span class='ocrx_word' id='word_1_43' title='bbox 1731 904 1908 956; x_wconf 89' lang='lat' dir='ltr'><strong>mente</strong></span> 
     </span>
     <span class='ocr_line' id='line_1_7' title="bbox 301 978 1905 1060; baseline 0.007 -27"><span class='ocrx_word' id='word_1_44' title='bbox 301 978 643 1050; x_wconf 78' lang='lat' dir='ltr'><strong>gubernante</strong></span> <span class='ocrx_word' id='word_1_45' title='bbox 661 1022 675 1050; x_wconf 96' lang='lat'><strong>,</strong></span> <span class='ocrx_word' id='word_1_46' title='bbox 712 985 774 1036; x_wconf 92' lang='lat' dir='ltr'><strong>ut</strong></span> <span class='ocrx_word' id='word_1_47' title='bbox 799 995 942 1052; x_wconf 89' lang='lat' dir='ltr'><strong>opus</strong></span> <span class='ocrx_word' id='word_1_48' title='bbox 971 988 1199 1038; x_wconf 89' lang='lat' dir='ltr'><strong>naturae</strong></span> <span class='ocrx_word' id='word_1_49' title='bbox 1229 984 1298 1040; x_wconf 89' lang='lat' dir='ltr'><strong>sit</strong></span> <span class='ocrx_word' id='word_1_50' title='bbox 1326 1000 1468 1056; x_wconf 88' lang='lat' dir='ltr'><strong>opus</strong></span> <span class='ocrx_word' id='word_1_51' title='bbox 1497 985 1905 1060; x_wconf 69' lang='lat' dir='ltr'><strong>intelligentiae,</strong></span> 
     </span>
     <span class='ocr_line' id='line_1_8' title="bbox 303 1067 1912 1139; baseline 0.007 -19"><span class='ocrx_word' id='word_1_52' title='bbox 303 1067 564 1124; x_wconf 90' lang='lat' dir='ltr'><strong>omnibus</strong></span> <span class='ocrx_word' id='word_1_53' title='bbox 591 1082 722 1139; x_wconf 85' lang='lat' dir='ltr'><strong>ergo</strong></span> <span class='ocrx_word' id='word_1_54' title='bbox 747 1068 922 1124; x_wconf 91' lang='lat' dir='ltr'><strong>modis</strong></span> <span class='ocrx_word' id='word_1_55' title='bbox 947 1069 1030 1125; x_wconf 80' lang='lat' dir='ltr'><strong>lex</strong></span> <span class='ocrx_word' id='word_1_56' title='bbox 1053 1069 1122 1126; x_wconf 91' lang='lat' dir='ltr'><strong>ad</strong></span> <span class='ocrx_word' id='word_1_57' title='bbox 1151 1081 1388 1128; x_wconf 87' lang='lat' dir='ltr'><strong>mentem</strong></span> <span class='ocrx_word' id='word_1_58' title='bbox 1410 1073 1693 1131; x_wconf 77' lang='lat' dir='ltr'><strong>referenda</strong></span> <span class='ocrx_word' id='word_1_59' title='bbox 1710 1081 1816 1132; x_wconf 91' lang='lat' dir='ltr'><strong>est.</strong></span> <span class='ocrx_word' id='word_1_60' title='bbox 1843 1077 1912 1132; x_wconf 90' lang='lat' dir='ltr'><strong>Et</strong></span> 
     </span>
     <span class='ocr_line' id='line_1_9' title="bbox 301 1153 1907 1236; baseline 0.007 -26"><span class='ocrx_word' id='word_1_61' title='bbox 301 1153 392 1212; x_wconf 85' lang='lat' dir='ltr'><strong>hic</strong></span> <span class='ocrx_word' id='word_1_62' title='bbox 417 1156 520 1213; x_wconf 83' lang='lat' dir='ltr'><strong>suit</strong></span> <span class='ocrx_word' id='word_1_63' title='bbox 541 1163 849 1229; x_wconf 87' lang='lat' dir='ltr'><strong>conceptus</strong></span> <span class='ocrx_word' id='word_1_64' title='bbox 871 1156 1006 1230; x_wconf 82' lang='lat' dir='ltr'><strong>legis</strong></span> <span class='ocrx_word' id='word_1_65' title='bbox 1027 1158 1079 1214; x_wconf 90' lang='lat' dir='ltr'><strong>in</strong></span> <span class='ocrx_word' id='word_1_66' title='bbox 1101 1159 1353 1219; x_wconf 86' lang='lat' dir='ltr'><strong>omnibus</strong></span> <span class='ocrx_word' id='word_1_67' title='bbox 1370 1163 1731 1236; x_wconf 87' lang='lat' dir='ltr'><strong>sapientibus,</strong></span> <span class='ocrx_word' id='word_1_68' title='bbox 1745 1166 1907 1222; x_wconf 88' lang='lat' dir='ltr'><strong>etiam</strong></span> 
     </span>
     <span class='ocr_line' id='line_1_10' title="bbox 301 1245 1910 1322; baseline 0.007 -23"><span class='ocrx_word' id='word_1_69' title='bbox 301 1245 660 1319; x_wconf 85' lang='lat' dir='ltr'><strong>philosophis,</strong></span> <span class='ocrx_word' id='word_1_70' title='bbox 688 1252 751 1302; x_wconf 88' lang='lat' dir='ltr'><strong>ut</strong></span> <span class='ocrx_word' id='word_1_71' title='bbox 769 1261 837 1303; x_wconf 86' lang='lat' dir='ltr'><strong>ex</strong></span> <span class='ocrx_word' id='word_1_72' title='bbox 859 1248 1100 1321; x_wconf 75' lang='lat' dir='ltr'><strong>Platone,</strong></span> <span class='ocrx_word' id='word_1_73' title='bbox 1123 1250 1436 1322; x_wconf 78' lang='lat' dir='ltr'><strong>Aristotele,</strong></span> <span class='ocrx_word' id='word_1_74' title='bbox 1459 1258 1516 1308; x_wconf 92' lang='lat' dir='ltr'><strong>et</strong></span> <span class='ocrx_word' id='word_1_75' title='bbox 1541 1253 1806 1310; x_wconf 84' lang='lat' dir='ltr'><strong>Cicerone</strong></span> <span class='ocrx_word' id='word_1_76' title='bbox 1829 1253 1910 1311; x_wconf 91' lang='lat' dir='ltr'><strong>lo-</strong></span> 
     </span>
     <span class='ocr_line' id='line_1_11' title="bbox 303 1333 933 1408; baseline 0.002 -18"><span class='ocrx_word' id='word_1_77' title='bbox 303 1336 390 1391; x_wconf 90' lang='lat' dir='ltr'><strong>cis</strong></span> <span class='ocrx_word' id='word_1_78' title='bbox 419 1333 664 1408; x_wconf 85' lang='lat' dir='ltr'><strong>allegatis</strong></span> <span class='ocrx_word' id='word_1_79' title='bbox 693 1342 933 1393; x_wconf 89' lang='lat' dir='ltr'><strong>constat.</strong></span> 
     </span>
    </p>

    <p class='ocr_par' dir='ltr' id='par_1_3' title="bbox 299 1423 1914 2840">
     <span class='ocr_line' id='line_1_12' title="bbox 383 1423 1908 1504; baseline 0.006 -24"><span class='ocrx_word' id='word_1_80' title='bbox 383 1427 436 1480; x_wconf 83' lang='lat'><strong>3.</strong></span> <span class='ocrx_word' id='word_1_81' title='bbox 483 1425 746 1496; x_wconf 89' lang='lat' dir='ltr'><strong>suppono</strong></span> <span class='ocrx_word' id='word_1_82' title='bbox 787 1423 1066 1496; x_wconf 88' lang='lat' dir='ltr'><strong>secundo,</strong></span> <span class='ocrx_word' id='word_1_83' title='bbox 1097 1427 1309 1502; x_wconf 82' lang='lat' dir='ltr'><strong>legem,</strong></span> <span class='ocrx_word' id='word_1_84' title='bbox 1354 1431 1571 1504; x_wconf 80' lang='lat' dir='ltr'><strong>proprie</strong></span> <span class='ocrx_word' id='word_1_85' title='bbox 1612 1430 1908 1504; x_wconf 87' lang='lat' dir='ltr'><strong>loquendo,</strong></span> 
     </span>
     <span class='ocr_line' id='line_1_13' title="bbox 305 1513 1912 1593; baseline 0.006 -25"><span class='ocrx_word' id='word_1_86' title='bbox 305 1513 629 1586; x_wconf 82' lang='lat' dir='ltr'><strong>praesertim</strong></span> <span class='ocrx_word' id='word_1_87' title='bbox 652 1522 928 1587; x_wconf 87' lang='lat' dir='ltr'><strong>quatenus</strong></span> <span class='ocrx_word' id='word_1_88' title='bbox 949 1523 1034 1573; x_wconf 91' lang='lat' dir='ltr'><strong>est</strong></span> <span class='ocrx_word' id='word_1_89' title='bbox 1061 1516 1112 1572; x_wconf 90' lang='lat' dir='ltr'><strong>in</strong></span> <span class='ocrx_word' id='word_1_90' title='bbox 1145 1516 1474 1591; x_wconf 78' lang='lat' dir='ltr'><strong>legislatore,</strong></span> <span class='ocrx_word' id='word_1_91' title='bbox 1499 1521 1551 1575; x_wconf 91' lang='lat' dir='ltr'><strong>in</strong></span> <span class='ocrx_word' id='word_1_92' title='bbox 1575 1519 1760 1593; x_wconf 90' lang='lat' dir='ltr'><strong>aliquo</strong></span> <span class='ocrx_word' id='word_1_93' title='bbox 1781 1527 1912 1578; x_wconf 86' lang='lat' dir='ltr'><strong>actu</strong></span> 
     </span>
     <span class='ocr_line' id='line_1_14' title="bbox 305 1602 1907 1682; baseline 0.007 -24"><span class='ocrx_word' id='word_1_94' title='bbox 305 1602 586 1674; x_wconf 87' lang='lat' dir='ltr'><strong>secundo,</strong></span> <span class='ocrx_word' id='word_1_95' title='bbox 621 1619 729 1661; x_wconf 90' lang='lat' dir='ltr'><strong>non</strong></span> <span class='ocrx_word' id='word_1_96' title='bbox 771 1605 822 1660; x_wconf 91' lang='lat' dir='ltr'><strong>in</strong></span> <span class='ocrx_word' id='word_1_97' title='bbox 863 1604 1054 1663; x_wconf 86' lang='lat' dir='ltr'><strong>habitu</strong></span> <span class='ocrx_word' id='word_1_98' title='bbox 1093 1605 1179 1664; x_wconf 83' lang='lat' dir='ltr'><strong>vel</strong></span> <span class='ocrx_word' id='word_1_99' title='bbox 1204 1614 1477 1680; x_wconf 81' lang='lat' dir='ltr'><strong>potestate</strong></span> <span class='ocrx_word' id='word_1_100' title='bbox 1505 1611 1738 1682; x_wconf 85' lang='lat' dir='ltr'><strong>positam</strong></span> <span class='ocrx_word' id='word_1_101' title='bbox 1767 1627 1907 1671; x_wconf 86' lang='lat' dir='ltr'><strong>esse.</strong></span> 
     </span>
     <span class='ocr_line' id='line_1_15' title="bbox 303 1692 1911 1770; baseline 0.006 -23"><span class='ocrx_word' id='word_1_102' title='bbox 303 1692 494 1762; x_wconf 85' lang='lat' dir='ltr'><strong>Patet,</strong></span> <span class='ocrx_word' id='word_1_103' title='bbox 527 1693 655 1764; x_wconf 86' lang='lat' dir='ltr'><strong>quia</strong></span> <span class='ocrx_word' id='word_1_104' title='bbox 695 1692 780 1749; x_wconf 86' lang='lat' dir='ltr'><strong>lex</strong></span> <span class='ocrx_word' id='word_1_105' title='bbox 816 1692 1054 1769; x_wconf 89' lang='lat' dir='ltr'><strong>dicitur,</strong></span> <span class='ocrx_word' id='word_1_106' title='bbox 1086 1711 1226 1767; x_wconf 87' lang='lat' dir='ltr'><strong>quae</strong></span> <span class='ocrx_word' id='word_1_107' title='bbox 1269 1695 1433 1754; x_wconf 88' lang='lat' dir='ltr'><strong>babet</strong></span> <span class='ocrx_word' id='word_1_108' title='bbox 1468 1701 1574 1756; x_wconf 80' lang='lat' dir='ltr'><strong>vim</strong></span> <span class='ocrx_word' id='word_1_109' title='bbox 1611 1699 1911 1770; x_wconf 83' lang='lat' dir='ltr'><strong>proximam</strong></span> 
     </span>
     <span class='ocr_line' id='line_1_16' title="bbox 305 1781 1914 1857; baseline 0.006 -21"><span class='ocrx_word' id='word_1_110' title='bbox 305 1781 591 1852; x_wconf 83' lang='lat' dir='ltr'><strong>movendi,</strong></span> <span class='ocrx_word' id='word_1_111' title='bbox 621 1788 679 1839; x_wconf 91' lang='lat' dir='ltr'><strong>et</strong></span> <span class='ocrx_word' id='word_1_112' title='bbox 706 1782 978 1856; x_wconf 86' lang='lat' dir='ltr'><strong>obligandi</strong></span> <span class='ocrx_word' id='word_1_113' title='bbox 1007 1783 1285 1857; x_wconf 81' lang='lat' dir='ltr'><strong>subditos3</strong></span> <span class='ocrx_word' id='word_1_114' title='bbox 1319 1785 1452 1844; x_wconf 87' lang='lat' dir='ltr'><strong>haee</strong></span> <span class='ocrx_word' id='word_1_115' title='bbox 1482 1795 1665 1844; x_wconf 83' lang='lat' dir='ltr'><strong>autem</strong></span> <span class='ocrx_word' id='word_1_116' title='bbox 1696 1803 1803 1845; x_wconf 90' lang='lat' dir='ltr'><strong>non</strong></span> <span class='ocrx_word' id='word_1_117' title='bbox 1831 1795 1914 1846; x_wconf 90' lang='lat' dir='ltr'><strong>est</strong></span> 
     </span>
     <span class='ocr_line' id='line_1_17' title="bbox 303 1868 1914 1950; baseline 0.007 -26"><span class='ocrx_word' id='word_1_118' title='bbox 303 1868 356 1924; x_wconf 90' lang='lat' dir='ltr'><strong>in</strong></span> <span class='ocrx_word' id='word_1_119' title='bbox 387 1873 628 1940; x_wconf 89' lang='lat' dir='ltr'><strong>potentia</strong></span> <span class='ocrx_word' id='word_1_120' title='bbox 654 1871 738 1927; x_wconf 87' lang='lat' dir='ltr'><strong>vel</strong></span> <span class='ocrx_word' id='word_1_121' title='bbox 767 1871 978 1943; x_wconf 86' lang='lat' dir='ltr'><strong>habitu,</strong></span> <span class='ocrx_word' id='word_1_122' title='bbox 1007 1873 1108 1930; x_wconf 90' lang='lat' dir='ltr'><strong>nisi</strong></span> <span class='ocrx_word' id='word_1_123' title='bbox 1138 1872 1451 1933; x_wconf 85' lang='lat' dir='ltr'><strong>radicaliter</strong></span> <span class='ocrx_word' id='word_1_124' title='bbox 1477 1883 1533 1934; x_wconf 91' lang='lat' dir='ltr'><strong>et</strong></span> <span class='ocrx_word' id='word_1_125' title='bbox 1566 1883 1790 1950; x_wconf 81' lang='lat' dir='ltr'><strong>remote3</strong></span> <span class='ocrx_word' id='word_1_126' title='bbox 1827 1885 1914 1936; x_wconf 89' lang='lat' dir='ltr'><strong>est</strong></span> 
     </span>
     <span class='ocr_line' id='line_1_18' title="bbox 301 1958 1911 2038; baseline 0.007 -26"><span class='ocrx_word' id='word_1_127' title='bbox 301 1973 436 2030; x_wconf 83' lang='lat' dir='ltr'><strong>ergo</strong></span> <span class='ocrx_word' id='word_1_128' title='bbox 467 1959 522 2013; x_wconf 88' lang='lat' dir='ltr'><strong>in</strong></span> <span class='ocrx_word' id='word_1_129' title='bbox 551 1958 734 2031; x_wconf 89' lang='lat' dir='ltr'><strong>aliquo</strong></span> <span class='ocrx_word' id='word_1_130' title='bbox 761 1966 912 2018; x_wconf 90' lang='lat' dir='ltr'><strong>actu.</strong></span> <span class='ocrx_word' id='word_1_131' title='bbox 943 1963 1078 2019; x_wconf 82' lang='lat' dir='ltr'><strong>Item</strong></span> <span class='ocrx_word' id='word_1_132' title='bbox 1115 1963 1418 2038; x_wconf 85' lang='lat' dir='ltr'><strong>imperare,</strong></span> <span class='ocrx_word' id='word_1_133' title='bbox 1446 1965 1698 2024; x_wconf 89' lang='lat' dir='ltr'><strong>ordinare</strong></span> <span class='ocrx_word' id='word_1_134' title='bbox 1716 2008 1732 2038; x_wconf 96' lang='lat'><strong>,</strong></span> <span class='ocrx_word' id='word_1_135' title='bbox 1759 1974 1815 2024; x_wconf 89' lang='lat' dir='ltr'><strong>et</strong></span> <span class='ocrx_word' id='word_1_136' title='bbox 1841 1968 1911 2024; x_wconf 90' lang='lat' dir='ltr'><strong>si-</strong></span> 
     </span>
     <span class='ocr_line' id='line_1_19' title="bbox 299 2045 1911 2127; baseline 0.006 -25"><span class='ocrx_word' id='word_1_137' title='bbox 299 2045 448 2102; x_wconf 88' lang='lat' dir='ltr'><strong>milia</strong></span> <span class='ocrx_word' id='word_1_138' title='bbox 496 2045 689 2104; x_wconf 90' lang='lat' dir='ltr'><strong>dicunt</strong></span> <span class='ocrx_word' id='word_1_139' title='bbox 727 2055 951 2123; x_wconf 82' lang='lat' dir='ltr'><strong>actum3</strong></span> <span class='ocrx_word' id='word_1_140' title='bbox 982 2047 1072 2108; x_wconf 90' lang='lat' dir='ltr'><strong>illa</strong></span> <span class='ocrx_word' id='word_1_141' title='bbox 1097 2057 1285 2109; x_wconf 87' lang='lat' dir='ltr'><strong>autem</strong></span> <span class='ocrx_word' id='word_1_142' title='bbox 1315 2054 1452 2109; x_wconf 81' lang='lat' dir='ltr'><strong>fiunt</strong></span> <span class='ocrx_word' id='word_1_143' title='bbox 1481 2069 1578 2125; x_wconf 87' lang='lat' dir='ltr'><strong>per</strong></span> <span class='ocrx_word' id='word_1_144' title='bbox 1605 2053 1781 2127; x_wconf 82' lang='lat' dir='ltr'><strong>legem</strong></span> <span class='ocrx_word' id='word_1_145' title='bbox 1827 2055 1911 2113; x_wconf 87' lang='lat' dir='ltr'><strong>vel</strong></span> 
     </span>
     <span class='ocr_line' id='line_1_20' title="bbox 301 2135 1910 2218; baseline 0.006 -27"><span class='ocrx_word' id='word_1_146' title='bbox 301 2135 624 2208; x_wconf 78' lang='lat' dir='ltr'><strong>formaliter,</strong></span> <span class='ocrx_word' id='word_1_147' title='bbox 662 2138 748 2194; x_wconf 85' lang='lat' dir='ltr'><strong>vel</strong></span> <span class='ocrx_word' id='word_1_148' title='bbox 777 2141 936 2212; x_wconf 90' lang='lat' dir='ltr'><strong>quasi</strong></span> <span class='ocrx_word' id='word_1_149' title='bbox 964 2141 1140 2197; x_wconf 83' lang='lat' dir='ltr'><strong>active</strong></span> <span class='ocrx_word' id='word_1_150' title='bbox 1169 2141 1468 2214; x_wconf 85' lang='lat' dir='ltr'><strong>moraliter3</strong></span> <span class='ocrx_word' id='word_1_151' title='bbox 1496 2145 1751 2200; x_wconf 80' lang='lat' dir='ltr'><strong>consistit</strong></span> <span class='ocrx_word' id='word_1_152' title='bbox 1778 2159 1910 2218; x_wconf 87' lang='lat' dir='ltr'><strong>ergo</strong></span> 
     </span>
     <span class='ocr_line' id='line_1_21' title="bbox 304 2223 1912 2304; baseline 0.006 -24"><span class='ocrx_word' id='word_1_153' title='bbox 304 2223 388 2281; x_wconf 83' lang='lat' dir='ltr'><strong>lex</strong></span> <span class='ocrx_word' id='word_1_154' title='bbox 420 2227 474 2282; x_wconf 91' lang='lat' dir='ltr'><strong>in</strong></span> <span class='ocrx_word' id='word_1_155' title='bbox 495 2232 648 2282; x_wconf 86' lang='lat' dir='ltr'><strong>actu.</strong></span> <span class='ocrx_word' id='word_1_156' title='bbox 682 2228 756 2285; x_wconf 88' lang='lat' dir='ltr'><strong>Ut</strong></span> <span class='ocrx_word' id='word_1_157' title='bbox 775 2236 958 2285; x_wconf 85' lang='lat' dir='ltr'><strong>autem</strong></span> <span class='ocrx_word' id='word_1_158' title='bbox 979 2228 1337 2304; x_wconf 83' lang='lat' dir='ltr'><strong>explicemus,</strong></span> <span class='ocrx_word' id='word_1_159' title='bbox 1363 2231 1616 2304; x_wconf 84' lang='lat' dir='ltr'><strong>quisnam</strong></span> <span class='ocrx_word' id='word_1_160' title='bbox 1639 2232 1728 2289; x_wconf 90' lang='lat' dir='ltr'><strong>hic</strong></span> <span class='ocrx_word' id='word_1_161' title='bbox 1752 2239 1912 2290; x_wconf 88' lang='lat' dir='ltr'><strong>actus</strong></span> 
     </span>
     <span class='ocr_line' id='line_1_22' title="bbox 311 2314 1910 2396; baseline 0.008 -28"><span class='ocrx_word' id='word_1_162' title='bbox 311 2314 404 2385; x_wconf 87' lang='lat' dir='ltr'><strong>sit,</strong></span> <span class='ocrx_word' id='word_1_163' title='bbox 435 2321 654 2386; x_wconf 89' lang='lat' dir='ltr'><strong>oportet</strong></span> <span class='ocrx_word' id='word_1_164' title='bbox 683 2318 839 2389; x_wconf 89' lang='lat' dir='ltr'><strong>prius</strong></span> <span class='ocrx_word' id='word_1_165' title='bbox 868 2334 1158 2377; x_wconf 87' lang='lat' dir='ltr'><strong>numerare</strong></span> <span class='ocrx_word' id='word_1_166' title='bbox 1186 2335 1374 2376; x_wconf 91' lang='lat' dir='ltr'><strong>omnes</strong></span> <span class='ocrx_word' id='word_1_167' title='bbox 1399 2327 1581 2388; x_wconf 88' lang='lat' dir='ltr'><strong>actus,</strong></span> <span class='ocrx_word' id='word_1_168' title='bbox 1616 2323 1710 2396; x_wconf 89' lang='lat' dir='ltr'><strong>qui</strong></span> <span class='ocrx_word' id='word_1_169' title='bbox 1741 2323 1806 2380; x_wconf 91' lang='lat' dir='ltr'><strong>ad</strong></span> <span class='ocrx_word' id='word_1_170' title='bbox 1835 2324 1910 2382; x_wconf 91' lang='lat' dir='ltr'><strong>le·</strong></span> 
     </span>
     <span class='ocr_line' id='line_1_23' title="bbox 309 2413 1909 2482; baseline 0.006 -22"><span class='ocrx_word' id='word_1_171' title='bbox 309 2419 440 2476; x_wconf 81' lang='lat' dir='ltr'><strong>gem</strong></span> <span class='ocrx_word' id='word_1_172' title='bbox 478 2420 818 2464; x_wconf 88' lang='lat' dir='ltr'><strong>concurrere</strong></span> <span class='ocrx_word' id='word_1_173' title='bbox 857 2415 1121 2482; x_wconf 81' lang='lat' dir='ltr'><strong>possunt,</strong></span> <span class='ocrx_word' id='word_1_174' title='bbox 1150 2416 1426 2466; x_wconf 87' lang='lat' dir='ltr'><strong>eteorum</strong></span> <span class='ocrx_word' id='word_1_175' title='bbox 1457 2413 1654 2468; x_wconf 87' lang='lat' dir='ltr'><strong>seriem</strong></span> <span class='ocrx_word' id='word_1_176' title='bbox 1689 2425 1790 2468; x_wconf 88' lang='lat' dir='ltr'><strong>seu</strong></span> <span class='ocrx_word' id='word_1_177' title='bbox 1819 2427 1909 2468; x_wconf 92' lang='lat' dir='ltr'><strong>or-</strong></span> 
     </span>
     <span class='ocr_line' id='line_1_24' title="bbox 310 2492 1911 2570; baseline 0.006 -21"><span class='ocrx_word' id='word_1_178' title='bbox 310 2492 492 2550; x_wconf 87' lang='lat' dir='ltr'><strong>dinem</strong></span> <span class='ocrx_word' id='word_1_179' title='bbox 520 2493 854 2570; x_wconf 82' lang='lat' dir='ltr'><strong>describere3</strong></span> <span class='ocrx_word' id='word_1_180' title='bbox 879 2505 1112 2568; x_wconf 89' lang='lat' dir='ltr'><strong>possunt</strong></span> <span class='ocrx_word' id='word_1_181' title='bbox 1137 2499 1278 2555; x_wconf 90' lang='lat' dir='ltr'><strong>enim</strong></span> <span class='ocrx_word' id='word_1_182' title='bbox 1303 2498 1355 2555; x_wconf 86' lang='lat' dir='ltr'><strong>hi</strong></span> <span class='ocrx_word' id='word_1_183' title='bbox 1385 2506 1546 2557; x_wconf 90' lang='lat' dir='ltr'><strong>actus</strong></span> <span class='ocrx_word' id='word_1_184' title='bbox 1565 2515 1689 2558; x_wconf 88' lang='lat' dir='ltr'><strong>esse</strong></span> <span class='ocrx_word' id='word_1_185' title='bbox 1719 2500 1802 2558; x_wconf 88' lang='lat' dir='ltr'><strong>vel</strong></span> <span class='ocrx_word' id='word_1_186' title='bbox 1833 2502 1911 2558; x_wconf 86' lang='lat' dir='ltr'><strong>in-</strong></span> 
     </span>
     <span class='ocr_line' id='line_1_25' title="bbox 312 2584 1910 2662; baseline 0.005 -22"><span class='ocrx_word' id='word_1_187' title='bbox 312 2584 538 2641; x_wconf 89' lang='lat' dir='ltr'><strong>teriores</strong></span> <span class='ocrx_word' id='word_1_188' title='bbox 556 2591 614 2642; x_wconf 91' lang='lat' dir='ltr'><strong>et</strong></span> <span class='ocrx_word' id='word_1_189' title='bbox 641 2585 802 2643; x_wconf 90' lang='lat' dir='ltr'><strong>eliciti</strong></span> <span class='ocrx_word' id='word_1_190' title='bbox 831 2586 900 2642; x_wconf 89' lang='lat' dir='ltr'><strong>ab</strong></span> <span class='ocrx_word' id='word_1_191' title='bbox 926 2586 1212 2645; x_wconf 89' lang='lat' dir='ltr'><strong>intellectu</strong></span> <span class='ocrx_word' id='word_1_192' title='bbox 1242 2587 1325 2645; x_wconf 84' lang='lat' dir='ltr'><strong>vel</strong></span> <span class='ocrx_word' id='word_1_193' title='bbox 1354 2587 1671 2662; x_wconf 83' lang='lat' dir='ltr'><strong>voluntate,</strong></span> <span class='ocrx_word' id='word_1_194' title='bbox 1695 2597 1793 2648; x_wconf 88' lang='lat' dir='ltr'><strong>aut</strong></span> <span class='ocrx_word' id='word_1_195' title='bbox 1817 2607 1910 2648; x_wconf 84' lang='lat' dir='ltr'><strong>ex-</strong></span> 
     </span>
     <span class='ocr_line' id='line_1_26' title="bbox 309 2672 1909 2751; baseline 0.006 -23"><span class='ocrx_word' id='word_1_196' title='bbox 309 2672 541 2731; x_wconf 89' lang='lat' dir='ltr'><strong>teriores</strong></span> <span class='ocrx_word' id='word_1_197' title='bbox 572 2681 630 2730; x_wconf 91' lang='lat' dir='ltr'><strong>et</strong></span> <span class='ocrx_word' id='word_1_198' title='bbox 653 2675 926 2746; x_wconf 80' lang='lat' dir='ltr'><strong>imperati3</strong></span> <span class='ocrx_word' id='word_1_199' title='bbox 951 2682 1008 2733; x_wconf 89' lang='lat' dir='ltr'><strong>et</strong></span> <span class='ocrx_word' id='word_1_200' title='bbox 1028 2693 1216 2734; x_wconf 89' lang='lat' dir='ltr'><strong>omnes</strong></span> <span class='ocrx_word' id='word_1_201' title='bbox 1239 2679 1532 2735; x_wconf 87' lang='lat' dir='ltr'><strong>necessarii</strong></span> <span class='ocrx_word' id='word_1_202' title='bbox 1560 2686 1714 2751; x_wconf 87' lang='lat' dir='ltr'><strong>sunt,</strong></span> <span class='ocrx_word' id='word_1_203' title='bbox 1743 2686 1804 2738; x_wconf 89' lang='lat' dir='ltr'><strong>ut</strong></span> <span class='ocrx_word' id='word_1_204' title='bbox 1825 2681 1909 2739; x_wconf 85' lang='lat' dir='ltr'><strong>lex</strong></span> 
     </span>
     <span class='ocr_line' id='line_1_27' title="bbox 309 2761 1441 2840; baseline 0.004 -21"><span class='ocrx_word' id='word_1_205' title='bbox 309 2761 532 2819; x_wconf 88' lang='lat' dir='ltr'><strong>tandem</strong></span> <span class='ocrx_word' id='word_1_206' title='bbox 565 2779 732 2820; x_wconf 91' lang='lat' dir='ltr'><strong>suum</strong></span> <span class='ocrx_word' id='word_1_207' title='bbox 759 2765 1013 2821; x_wconf 77' lang='lat' dir='ltr'><strong>effectum</strong></span> <span class='ocrx_word' id='word_1_208' title='bbox 1045 2775 1441 2840; x_wconf 86' lang='lat' dir='ltr'><strong>consequatur.</strong></span> 
     </span>
    </p>

    <p class='ocr_par' dir='ltr' id='par_1_4' title="bbox 225 2850 1911 5328">
     <span class='ocr_line' id='line_1_28' title="bbox 387 2850 1911 2930; baseline 0.006 -21"><span class='ocrx_word' id='word_1_209' title='bbox 387 2856 443 2909; x_wconf 76' lang='grc'><strong>4.</strong></span> <span class='ocrx_word' id='word_1_210' title='bbox 475 2850 556 2909; x_wconf 81' lang='lat' dir='ltr'><strong>Ad</strong></span> <span class='ocrx_word' id='word_1_211' title='bbox 587 2852 690 2909; x_wconf 85' lang='lat' dir='ltr'><strong>hoc</strong></span> <span class='ocrx_word' id='word_1_212' title='bbox 719 2860 904 2911; x_wconf 90' lang='lat' dir='ltr'><strong>autem</strong></span> <span class='ocrx_word' id='word_1_213' title='bbox 933 2855 1320 2926; x_wconf 86' lang='lat' dir='ltr'><strong>explicandum</strong></span> <span class='ocrx_word' id='word_1_214' title='bbox 1359 2857 1584 2915; x_wconf 82' lang='lat' dir='ltr'><strong>adverto</strong></span> <span class='ocrx_word' id='word_1_215' title='bbox 1615 2860 1802 2930; x_wconf 89' lang='lat' dir='ltr'><strong>tertio,</strong></span> <span class='ocrx_word' id='word_1_216' title='bbox 1835 2859 1911 2918; x_wconf 90' lang='lat' dir='ltr'><strong>le-</strong></span> 
     </span>
     <span class='ocr_line' id='line_1_29' title="bbox 310 2940 1905 3018; baseline 0.006 -22"><span class='ocrx_word' id='word_1_217' title='bbox 310 2955 434 3013; x_wconf 83' lang='lat' dir='ltr'><strong>gem</strong></span> <span class='ocrx_word' id='word_1_218' title='bbox 466 2941 518 2996; x_wconf 92' lang='lat' dir='ltr'><strong>in</strong></span> <span class='ocrx_word' id='word_1_219' title='bbox 549 2940 748 3014; x_wconf 88' lang='lat' dir='ltr'><strong>triplici</strong></span> <span class='ocrx_word' id='word_1_220' title='bbox 777 2950 924 3000; x_wconf 89' lang='lat' dir='ltr'><strong>statu</strong></span> <span class='ocrx_word' id='word_1_221' title='bbox 962 2944 1046 3000; x_wconf 83' lang='lat' dir='ltr'><strong>vel</strong></span> <span class='ocrx_word' id='word_1_222' title='bbox 1075 2945 1325 3002; x_wconf 88' lang='lat' dir='ltr'><strong>subiecto</strong></span> <span class='ocrx_word' id='word_1_223' title='bbox 1356 2961 1514 3018; x_wconf 89' lang='lat' dir='ltr'><strong>posse</strong></span> <span class='ocrx_word' id='word_1_224' title='bbox 1541 2947 1905 3007; x_wconf 86' lang='lat' dir='ltr'><strong>considerari.</strong></span> 
     </span>
     <span class='ocr_line' id='line_1_30' title="bbox 308 3029 1907 3110; baseline 0.005 -25"><span class='ocrx_word' id='word_1_225' title='bbox 308 3031 494 3086; x_wconf 89' lang='lat' dir='ltr'><strong>Primo</strong></span> <span class='ocrx_word' id='word_1_226' title='bbox 517 3031 571 3084; x_wconf 90' lang='lat' dir='ltr'><strong>in</strong></span> <span class='ocrx_word' id='word_1_227' title='bbox 592 3031 710 3101; x_wconf 90' lang='lat' dir='ltr'><strong>ipso</strong></span> <span class='ocrx_word' id='word_1_228' title='bbox 731 3029 1356 3105; x_wconf 83' lang='lat' dir='ltr'><strong>legislatore,quomodo</strong></span> <span class='ocrx_word' id='word_1_229' title='bbox 1375 3050 1545 3107; x_wconf 90' lang='lat' dir='ltr'><strong>supra</strong></span> <span class='ocrx_word' id='word_1_230' title='bbox 1565 3033 1907 3110; x_wconf 89' lang='lat' dir='ltr'><strong>dicebamus,</strong></span> 
     </span>
     <span class='ocr_line' id='line_1_31' title="bbox 313 3119 1902 3192; baseline 0.004 -17"><span class='ocrx_word' id='word_1_231' title='bbox 313 3119 488 3192; x_wconf 82' lang='lat' dir='ltr'><strong>legem</strong></span> <span class='ocrx_word' id='word_1_232' title='bbox 518 3135 639 3176; x_wconf 91' lang='lat' dir='ltr'><strong>esse</strong></span> <span class='ocrx_word' id='word_1_233' title='bbox 667 3127 992 3192; x_wconf 89' lang='lat' dir='ltr'><strong>conceptam</strong></span> <span class='ocrx_word' id='word_1_234' title='bbox 1025 3123 1076 3177; x_wconf 89' lang='lat' dir='ltr'><strong>in</strong></span> <span class='ocrx_word' id='word_1_235' title='bbox 1117 3131 1300 3180; x_wconf 90' lang='lat' dir='ltr'><strong>mente</strong></span> <span class='ocrx_word' id='word_1_236' title='bbox 1328 3125 1421 3181; x_wconf 88' lang='lat' dir='ltr'><strong>Dei</strong></span> <span class='ocrx_word' id='word_1_237' title='bbox 1459 3139 1523 3181; x_wconf 85' lang='lat' dir='ltr'><strong>ex</strong></span> <span class='ocrx_word' id='word_1_238' title='bbox 1565 3127 1902 3182; x_wconf 89' lang='lat' dir='ltr'><strong>aeternitate.</strong></span> 
     </span>
     <span class='ocr_line' id='line_1_32' title="bbox 309 3209 1910 3288; baseline 0.004 -22"><span class='ocrx_word' id='word_1_239' title='bbox 309 3209 567 3266; x_wconf 88' lang='lat' dir='ltr'><strong>Secundo</strong></span> <span class='ocrx_word' id='word_1_240' title='bbox 589 3210 640 3266; x_wconf 90' lang='lat' dir='ltr'><strong>in</strong></span> <span class='ocrx_word' id='word_1_241' title='bbox 671 3210 929 3283; x_wconf 90' lang='lat' dir='ltr'><strong>subditis,</strong></span> <span class='ocrx_word' id='word_1_242' title='bbox 955 3212 1156 3285; x_wconf 89' lang='lat' dir='ltr'><strong>quibus</strong></span> <span class='ocrx_word' id='word_1_243' title='bbox 1176 3212 1261 3271; x_wconf 86' lang='lat' dir='ltr'><strong>lex</strong></span> <span class='ocrx_word' id='word_1_244' title='bbox 1289 3213 1606 3287; x_wconf 85' lang='lat' dir='ltr'><strong>imponitur,</strong></span> <span class='ocrx_word' id='word_1_245' title='bbox 1633 3214 1910 3288; x_wconf 88' lang='lat' dir='ltr'><strong>quomodo</strong></span> 
     </span>
     <span class='ocr_line' id='line_1_33' title="bbox 313 3295 1910 3360; baseline 0.004 -6"><span class='ocrx_word' id='word_1_246' title='bbox 313 3298 421 3355; x_wconf 88' lang='lat' dir='ltr'><strong>dici</strong></span> <span class='ocrx_word' id='word_1_247' title='bbox 451 3299 592 3356; x_wconf 90' lang='lat' dir='ltr'><strong>solet</strong></span> <span class='ocrx_word' id='word_1_248' title='bbox 627 3295 711 3356; x_wconf 72' lang='lat' dir='ltr'><strong>lex</strong></span> <span class='ocrx_word' id='word_1_249' title='bbox 737 3305 967 3356; x_wconf 86' lang='lat' dir='ltr'><strong>naturae</strong></span> <span class='ocrx_word' id='word_1_250' title='bbox 995 3317 1115 3359; x_wconf 89' lang='lat' dir='ltr'><strong>esse</strong></span> <span class='ocrx_word' id='word_1_251' title='bbox 1143 3301 1314 3359; x_wconf 88' lang='lat' dir='ltr'><strong>indita</strong></span> <span class='ocrx_word' id='word_1_252' title='bbox 1341 3303 1396 3359; x_wconf 90' lang='lat' dir='ltr'><strong>in</strong></span> <span class='ocrx_word' id='word_1_253' title='bbox 1435 3303 1705 3360; x_wconf 91' lang='lat' dir='ltr'><strong>mentibus</strong></span> <span class='ocrx_word' id='word_1_254' title='bbox 1736 3302 1910 3360; x_wconf 86' lang='lat' dir='ltr'><strong>homi-</strong></span> 
     </span>
     <span class='ocr_line' id='line_1_34' title="bbox 307 3387 1909 3464; baseline 0.004 -22"><span class='ocrx_word' id='word_1_255' title='bbox 307 3403 463 3444; x_wconf 91' lang='lat' dir='ltr'><strong>num.</strong></span> <span class='ocrx_word' id='word_1_256' title='bbox 503 3389 684 3444; x_wconf 86' lang='lat' dir='ltr'><strong>Tertio</strong></span> <span class='ocrx_word' id='word_1_257' title='bbox 725 3389 778 3444; x_wconf 92' lang='lat' dir='ltr'><strong>in</strong></span> <span class='ocrx_word' id='word_1_258' title='bbox 819 3387 999 3461; x_wconf 91' lang='lat' dir='ltr'><strong>aliquo</strong></span> <span class='ocrx_word' id='word_1_259' title='bbox 1038 3390 1142 3446; x_wconf 89' lang='lat' dir='ltr'><strong>alio</strong></span> <span class='ocrx_word' id='word_1_260' title='bbox 1172 3391 1357 3464; x_wconf 82' lang='lat' dir='ltr'><strong>signo,</strong></span> <span class='ocrx_word' id='word_1_261' title='bbox 1399 3406 1497 3448; x_wconf 90' lang='lat' dir='ltr'><strong>seu</strong></span> <span class='ocrx_word' id='word_1_262' title='bbox 1543 3389 1644 3448; x_wconf 86' lang='lat' dir='ltr'><strong>alia</strong></span> <span class='ocrx_word' id='word_1_263' title='bbox 1685 3392 1909 3450; x_wconf 87' lang='lat' dir='ltr'><strong>materia</strong></span> 
     </span>
     <span class='ocr_line' id='line_1_35' title="bbox 305 3476 1910 3550; baseline 0.002 -18"><span class='ocrx_word' id='word_1_264' title='bbox 305 3476 598 3549; x_wconf 82' lang='lat' dir='ltr'><strong>exteriori,</strong></span> <span class='ocrx_word' id='word_1_265' title='bbox 629 3483 694 3534; x_wconf 91' lang='lat' dir='ltr'><strong>ut</strong></span> <span class='ocrx_word' id='word_1_266' title='bbox 731 3476 784 3532; x_wconf 93' lang='lat' dir='ltr'><strong>in</strong></span> <span class='ocrx_word' id='word_1_267' title='bbox 821 3479 1030 3550; x_wconf 89' lang='lat' dir='ltr'><strong>scripto</strong></span> <span class='ocrx_word' id='word_1_268' title='bbox 1053 3521 1068 3550; x_wconf 91' lang='lat'><strong>,</strong></span> <span class='ocrx_word' id='word_1_269' title='bbox 1097 3478 1183 3536; x_wconf 84' lang='lat' dir='ltr'><strong>vel</strong></span> <span class='ocrx_word' id='word_1_270' title='bbox 1221 3480 1388 3538; x_wconf 88' lang='lat' dir='ltr'><strong>etiam</strong></span> <span class='ocrx_word' id='word_1_271' title='bbox 1427 3481 1482 3536; x_wconf 91' lang='lat' dir='ltr'><strong>in</strong></span> <span class='ocrx_word' id='word_1_272' title='bbox 1521 3495 1658 3537; x_wconf 85' lang='lat' dir='ltr'><strong>voce</strong></span> <span class='ocrx_word' id='word_1_273' title='bbox 1689 3480 1910 3537; x_wconf 82' lang='lat' dir='ltr'><strong>manife-</strong></span> 
     </span>
     <span class='ocr_line' id='line_1_36' title="bbox 305 3565 1909 3642; baseline 0.004 -23"><span class='ocrx_word' id='word_1_274' title='bbox 305 3569 483 3621; x_wconf 88' lang='lat' dir='ltr'><strong>stante</strong></span> <span class='ocrx_word' id='word_1_275' title='bbox 509 3565 846 3622; x_wconf 79' lang='lat' dir='ltr'><strong>voluntatem</strong></span> <span class='ocrx_word' id='word_1_276' title='bbox 876 3568 1197 3639; x_wconf 89' lang='lat' dir='ltr'><strong>superioris.</strong></span> <span class='ocrx_word' id='word_1_277' title='bbox 1223 3570 1296 3624; x_wconf 87' lang='lat' dir='ltr'><strong>De</strong></span> <span class='ocrx_word' id='word_1_278' title='bbox 1321 3567 1436 3642; x_wconf 86' lang='lat' dir='ltr'><strong>lege</strong></span> <span class='ocrx_word' id='word_1_279' title='bbox 1457 3569 1509 3624; x_wconf 91' lang='lat' dir='ltr'><strong>in</strong></span> <span class='ocrx_word' id='word_1_280' title='bbox 1531 3567 1750 3626; x_wconf 91' lang='lat' dir='ltr'><strong>duobus</strong></span> <span class='ocrx_word' id='word_1_281' title='bbox 1781 3569 1909 3626; x_wconf 87' lang='lat' dir='ltr'><strong>ulti·</strong></span> 
     </span>
     <span class='ocr_line' id='line_1_37' title="bbox 306 3652 1904 3731; baseline 0.003 -23"><span class='ocrx_word' id='word_1_282' title='bbox 306 3653 410 3709; x_wconf 87' lang='lat' dir='ltr'><strong>mis</strong></span> <span class='ocrx_word' id='word_1_283' title='bbox 437 3653 668 3710; x_wconf 88' lang='lat' dir='ltr'><strong>statibus</strong></span> <span class='ocrx_word' id='word_1_284' title='bbox 689 3652 1038 3712; x_wconf 85' lang='lat' dir='ltr'><strong>considerata</strong></span> <span class='ocrx_word' id='word_1_285' title='bbox 1063 3655 1214 3713; x_wconf 88' lang='lat' dir='ltr'><strong>nulla</strong></span> <span class='ocrx_word' id='word_1_286' title='bbox 1235 3662 1411 3728; x_wconf 88' lang='lat' dir='ltr'><strong>potest</strong></span> <span class='ocrx_word' id='word_1_287' title='bbox 1431 3673 1554 3714; x_wconf 86' lang='lat' dir='ltr'><strong>esse</strong></span> <span class='ocrx_word' id='word_1_288' title='bbox 1583 3657 1904 3731; x_wconf 70' lang='lat' dir='ltr'><strong>difficultas,</strong></span> 
     </span>
     <span class='ocr_line' id='line_1_38' title="bbox 304 3740 1908 3816; baseline 0.002 -18"><span class='ocrx_word' id='word_1_289' title='bbox 304 3757 430 3798; x_wconf 86' lang='lat' dir='ltr'><strong>nam</strong></span> <span class='ocrx_word' id='word_1_290' title='bbox 460 3740 546 3799; x_wconf 86' lang='lat' dir='ltr'><strong>lex</strong></span> <span class='ocrx_word' id='word_1_291' title='bbox 573 3743 736 3799; x_wconf 88' lang='lat' dir='ltr'><strong>tertio</strong></span> <span class='ocrx_word' id='word_1_292' title='bbox 765 3742 926 3799; x_wconf 90' lang='lat' dir='ltr'><strong>modo</strong></span> <span class='ocrx_word' id='word_1_293' title='bbox 951 3750 1198 3816; x_wconf 81' lang='lat' dir='ltr'><strong>spectata</strong></span> <span class='ocrx_word' id='word_1_294' title='bbox 1235 3745 1537 3803; x_wconf 76' lang='lat' dir='ltr'><strong>formaliter</strong></span> <span class='ocrx_word' id='word_1_295' title='bbox 1578 3747 1832 3803; x_wconf 87' lang='lat' dir='ltr'><strong>consistit</strong></span> <span class='ocrx_word' id='word_1_296' title='bbox 1858 3746 1908 3802; x_wconf 91' lang='lat' dir='ltr'><strong>in</strong></span> 
     </span>
     <span class='ocr_line' id='line_1_39' title="bbox 303 3830 1908 3905; baseline 0.003 -19"><span class='ocrx_word' id='word_1_297' title='bbox 303 3830 490 3903; x_wconf 89' lang='lat' dir='ltr'><strong>aliquo</strong></span> <span class='ocrx_word' id='word_1_298' title='bbox 525 3831 786 3888; x_wconf 81' lang='lat' dir='ltr'><strong>exteriori</strong></span> <span class='ocrx_word' id='word_1_299' title='bbox 823 3839 982 3903; x_wconf 89' lang='lat' dir='ltr'><strong>actu,</strong></span> <span class='ocrx_word' id='word_1_300' title='bbox 1015 3848 1128 3905; x_wconf 93' lang='lat' dir='ltr'><strong>quo</strong></span> <span class='ocrx_word' id='word_1_301' title='bbox 1169 3831 1444 3905; x_wconf 82' lang='lat' dir='ltr'><strong>legislator</strong></span> <span class='ocrx_word' id='word_1_302' title='bbox 1480 3841 1722 3891; x_wconf 89' lang='lat' dir='ltr'><strong>mentem</strong></span> <span class='ocrx_word' id='word_1_303' title='bbox 1750 3849 1908 3891; x_wconf 85' lang='lat' dir='ltr'><strong>suam</strong></span> 
     </span>
     <span class='ocr_line' id='line_1_40' title="bbox 303 3920 1906 3994; baseline 0.001 -17"><span class='ocrx_word' id='word_1_304' title='bbox 303 3920 658 3992; x_wconf 74' lang='lat' dir='ltr'><strong>manifestat,</strong></span> <span class='ocrx_word' id='word_1_305' title='bbox 681 3921 857 3994; x_wconf 87' lang='lat' dir='ltr'><strong>qualis</strong></span> <span class='ocrx_word' id='word_1_306' title='bbox 886 3926 969 3977; x_wconf 91' lang='lat' dir='ltr'><strong>est</strong></span> <span class='ocrx_word' id='word_1_307' title='bbox 991 3924 1134 3978; x_wconf 88' lang='lat' dir='ltr'><strong>inter</strong></span> <span class='ocrx_word' id='word_1_308' title='bbox 1161 3921 1404 3980; x_wconf 87' lang='lat' dir='ltr'><strong>homines</strong></span> <span class='ocrx_word' id='word_1_309' title='bbox 1425 3921 1634 3980; x_wconf 88' lang='lat' dir='ltr'><strong>locutio</strong></span> <span class='ocrx_word' id='word_1_310' title='bbox 1663 3923 1746 3980; x_wconf 82' lang='lat' dir='ltr'><strong>vel</strong></span> <span class='ocrx_word' id='word_1_311' title='bbox 1771 3923 1906 3979; x_wconf 90' lang='lat' dir='ltr'><strong>scri·</strong></span> 
     </span>
     <span class='ocr_line' id='line_1_41' title="bbox 303 4008 1905 4085; baseline 0.001 -19"><span class='ocrx_word' id='word_1_312' title='bbox 303 4017 498 4082; x_wconf 85' lang='lat' dir='ltr'><strong>ptura,</strong></span> <span class='ocrx_word' id='word_1_313' title='bbox 529 4009 807 4082; x_wconf 87' lang='lat' dir='ltr'><strong>quomodo</strong></span> <span class='ocrx_word' id='word_1_314' title='bbox 837 4008 968 4066; x_wconf 80' lang='lat' dir='ltr'><strong>dixit</strong></span> <span class='ocrx_word' id='word_1_315' title='bbox 994 4011 1161 4067; x_wconf 77' lang='lat' dir='ltr'><strong>Arist.</strong></span> <span class='ocrx_word' id='word_1_316' title='bbox 1205 4015 1290 4068; x_wconf 85' lang='lat' dir='ltr'><strong>to.</strong></span> <span class='ocrx_word' id='word_1_317' title='bbox 1321 4012 1514 4069; x_wconf 72' lang='grc' dir='ltr'><strong>Ειὴίο.</strong></span> <span class='ocrx_word' id='word_1_318' title='bbox 1547 4027 1602 4068; x_wconf 94' lang='lat' dir='ltr'><strong>c.</strong></span> <span class='ocrx_word' id='word_1_319' title='bbox 1631 4017 1702 4085; x_wconf 80' lang='lat'><strong>9,</strong></span> <span class='ocrx_word' id='word_1_320' title='bbox 1733 4011 1905 4085; x_wconf 83' lang='lat' dir='ltr'><strong>legem</strong></span> 
     </span>
     <span class='ocr_line' id='line_1_42' title="bbox 301 4097 1903 4176; baseline 0.002 -22"><span class='ocrx_word' id='word_1_321' title='bbox 301 4115 428 4155; x_wconf 87' lang='lat' dir='ltr'><strong>esse</strong></span> <span class='ocrx_word' id='word_1_322' title='bbox 455 4113 763 4156; x_wconf 88' lang='lat' dir='ltr'><strong>sermonem</strong></span> <span class='ocrx_word' id='word_1_323' title='bbox 794 4097 860 4154; x_wconf 89' lang='lat' dir='ltr'><strong>ab</strong></span> <span class='ocrx_word' id='word_1_324' title='bbox 887 4099 1067 4172; x_wconf 86' lang='lat' dir='ltr'><strong>aliqua</strong></span> <span class='ocrx_word' id='word_1_325' title='bbox 1097 4106 1274 4156; x_wconf 89' lang='lat' dir='ltr'><strong>mente</strong></span> <span class='ocrx_word' id='word_1_326' title='bbox 1311 4117 1410 4158; x_wconf 90' lang='lat' dir='ltr'><strong>seu</strong></span> <span class='ocrx_word' id='word_1_327' title='bbox 1447 4102 1738 4176; x_wconf 89' lang='lat' dir='ltr'><strong>prudentia</strong></span> <span class='ocrx_word' id='word_1_328' title='bbox 1776 4117 1903 4174; x_wconf 89' lang='lat' dir='ltr'><strong>pro·</strong></span> 
     </span>
     <span class='ocr_line' id='line_1_43' title="bbox 225 4187 1904 4268; baseline 0.002 -24"><span class='ocrx_word' id='word_1_329' title='bbox 225 4261 232 4268; x_wconf 16' lang='grc' dir='ltr'>ὁ</span> <span class='ocrx_word' id='word_1_330' title='bbox 301 4188 531 4245; x_wconf 78' lang='lat' dir='ltr'><strong>fectum.</strong></span> <span class='ocrx_word' id='word_1_331' title='bbox 565 4189 655 4244; x_wconf 92' lang='lat' dir='ltr'><strong>Sic</strong></span> <span class='ocrx_word' id='word_1_332' title='bbox 687 4187 850 4244; x_wconf 86' lang='lat' dir='ltr'><strong>etiam</strong></span> <span class='ocrx_word' id='word_1_333' title='bbox 887 4188 1052 4258; x_wconf 82' lang='lat' dir='ltr'><strong>Gabr.</strong></span> <span class='ocrx_word' id='word_1_334' title='bbox 1087 4188 1137 4244; x_wconf 90' lang='lat' dir='ltr'><strong>in</strong></span> <span class='ocrx_word' id='word_1_335' title='bbox 1168 4195 1232 4260; x_wconf 84' lang='lat'><strong>3,</strong></span> <span class='ocrx_word' id='word_1_336' title='bbox 1265 4189 1321 4246; x_wconf 89' lang='lat' dir='ltr'><strong>d.</strong></span> <span class='ocrx_word' id='word_1_337' title='bbox 1368 4193 1433 4249; x_wconf 86' lang='grc'><strong>37</strong></span> <span class='ocrx_word' id='word_1_338' title='bbox 1456 4229 1471 4258; x_wconf 91' lang='lat'><strong>,</strong></span> <span class='ocrx_word' id='word_1_339' title='bbox 1511 4190 1698 4249; x_wconf 82' lang='lat' dir='ltr'><strong>definit</strong></span> <span class='ocrx_word' id='word_1_340' title='bbox 1732 4190 1904 4265; x_wconf 85' lang='lat' dir='ltr'><strong>legem</strong></span> 
     </span>
     <span class='ocr_line' id='line_1_44' title="bbox 302 4277 1906 4349; baseline 0.002 -17"><span class='ocrx_word' id='word_1_341' title='bbox 302 4292 426 4332; x_wconf 90' lang='lat' dir='ltr'><strong>esse</strong></span> <span class='ocrx_word' id='word_1_342' title='bbox 451 4277 691 4349; x_wconf 83' lang='lat' dir='ltr'><strong>signum,</strong></span> <span class='ocrx_word' id='word_1_343' title='bbox 716 4277 976 4349; x_wconf 87' lang='lat' dir='ltr'><strong>principis</strong></span> <span class='ocrx_word' id='word_1_344' title='bbox 1004 4277 1340 4336; x_wconf 82' lang='lat' dir='ltr'><strong>voluntatem</strong></span> <span class='ocrx_word' id='word_1_345' title='bbox 1370 4278 1454 4336; x_wconf 81' lang='lat' dir='ltr'><strong>vel</strong></span> <span class='ocrx_word' id='word_1_346' title='bbox 1485 4285 1721 4336; x_wconf 89' lang='lat' dir='ltr'><strong>mentem</strong></span> <span class='ocrx_word' id='word_1_347' title='bbox 1753 4278 1906 4336; x_wconf 86' lang='lat' dir='ltr'><strong>suffl-</strong></span> 
     </span>
     <span class='ocr_line' id='line_1_45' title="bbox 303 4365 1906 4441; baseline 0.002 -20"><span class='ocrx_word' id='word_1_348' title='bbox 303 4366 514 4422; x_wconf 90' lang='lat' dir='ltr'><strong>cienter</strong></span> <span class='ocrx_word' id='word_1_349' title='bbox 552 4365 923 4423; x_wconf 79' lang='lat' dir='ltr'><strong>manifestans.</strong></span> <span class='ocrx_word' id='word_1_350' title='bbox 966 4367 1086 4423; x_wconf 84' lang='lat' dir='ltr'><strong>Dixi</strong></span> <span class='ocrx_word' id='word_1_351' title='bbox 1125 4374 1341 4440; x_wconf 88' lang='lat' dir='ltr'><strong>autem,</strong></span> <span class='ocrx_word' id='word_1_352' title='bbox 1374 4367 1479 4426; x_wconf 89' lang='lat' dir='ltr'><strong>hoc</strong></span> <span class='ocrx_word' id='word_1_353' title='bbox 1523 4368 1737 4441; x_wconf 88' lang='lat' dir='ltr'><strong>signum</strong></span> <span class='ocrx_word' id='word_1_354' title='bbox 1784 4383 1906 4426; x_wconf 88' lang='lat' dir='ltr'><strong>esse</strong></span> 
     </span>
     <span class='ocr_line' id='line_1_46' title="bbox 301 4455 1903 4529; baseline 0.002 -18"><span class='ocrx_word' id='word_1_355' title='bbox 301 4455 598 4526; x_wconf 85' lang='lat' dir='ltr'><strong>actionem,</strong></span> <span class='ocrx_word' id='word_1_356' title='bbox 629 4455 711 4512; x_wconf 85' lang='lat' dir='ltr'><strong>vel</strong></span> <span class='ocrx_word' id='word_1_357' title='bbox 744 4462 964 4528; x_wconf 89' lang='lat' dir='ltr'><strong>actum,</strong></span> <span class='ocrx_word' id='word_1_358' title='bbox 995 4456 1100 4512; x_wconf 91' lang='lat' dir='ltr'><strong>sub</strong></span> <span class='ocrx_word' id='word_1_359' title='bbox 1127 4456 1221 4514; x_wconf 88' lang='lat' dir='ltr'><strong>illo</strong></span> <span class='ocrx_word' id='word_1_360' title='bbox 1251 4457 1762 4529; x_wconf 87' lang='lat' dir='ltr'><strong>comprehendendo</strong></span> <span class='ocrx_word' id='word_1_361' title='bbox 1792 4465 1903 4517; x_wconf 90' lang='lat' dir='ltr'><strong>ter-</strong></span> 
     </span>
     <span class='ocr_line' id='line_1_47' title="bbox 302 4542 1902 4622; baseline 0.004 -23"><span class='ocrx_word' id='word_1_362' title='bbox 302 4545 515 4600; x_wconf 90' lang='lat' dir='ltr'><strong>minum</strong></span> <span class='ocrx_word' id='word_1_363' title='bbox 547 4545 687 4616; x_wconf 90' lang='lat' dir='ltr'><strong>eius,</strong></span> <span class='ocrx_word' id='word_1_364' title='bbox 705 4542 925 4618; x_wconf 88' lang='lat' dir='ltr'><strong>quando</strong></span> <span class='ocrx_word' id='word_1_365' title='bbox 954 4552 1012 4603; x_wconf 91' lang='lat' dir='ltr'><strong>et</strong></span> <span class='ocrx_word' id='word_1_366' title='bbox 1037 4561 1366 4618; x_wconf 89' lang='lat' dir='ltr'><strong>permanens</strong></span> <span class='ocrx_word' id='word_1_367' title='bbox 1392 4554 1498 4622; x_wconf 89' lang='lat' dir='ltr'><strong>est,</strong></span> <span class='ocrx_word' id='word_1_368' title='bbox 1522 4554 1578 4606; x_wconf 91' lang='lat' dir='ltr'><strong>et</strong></span> <span class='ocrx_word' id='word_1_369' title='bbox 1607 4550 1902 4620; x_wconf 80' lang='lat' dir='ltr'><strong>perfectam</strong></span> 
     </span>
     <span class='ocr_line' id='line_1_48' title="bbox 302 4633 1908 4709; baseline 0.002 -20"><span class='ocrx_word' id='word_1_370' title='bbox 302 4633 568 4690; x_wconf 88' lang='lat' dir='ltr'><strong>rationem</strong></span> <span class='ocrx_word' id='word_1_371' title='bbox 601 4634 740 4708; x_wconf 85' lang='lat' dir='ltr'><strong>signi</strong></span> <span class='ocrx_word' id='word_1_372' title='bbox 768 4636 1043 4707; x_wconf 80' lang='lat' dir='ltr'><strong>continet3</strong></span> <span class='ocrx_word' id='word_1_373' title='bbox 1077 4637 1159 4692; x_wconf 86' lang='lat' dir='ltr'><strong>sic</strong></span> <span class='ocrx_word' id='word_1_374' title='bbox 1184 4637 1328 4692; x_wconf 85' lang='lat' dir='ltr'><strong>enirn</strong></span> <span class='ocrx_word' id='word_1_375' title='bbox 1357 4637 1441 4693; x_wconf 86' lang='lat' dir='ltr'><strong>lex</strong></span> <span class='ocrx_word' id='word_1_376' title='bbox 1479 4637 1686 4709; x_wconf 83' lang='lat' dir='ltr'><strong>scripta</strong></span> <span class='ocrx_word' id='word_1_377' title='bbox 1713 4638 1796 4695; x_wconf 85' lang='lat' dir='ltr'><strong>lex</strong></span> <span class='ocrx_word' id='word_1_378' title='bbox 1827 4637 1908 4694; x_wconf 89' lang='lat' dir='ltr'><strong>di-</strong></span> 
     </span>
     <span class='ocr_line' id='line_1_49' title="bbox 303 4720 1908 4800; baseline 0.004 -24"><span class='ocrx_word' id='word_1_379' title='bbox 303 4721 472 4794; x_wconf 89' lang='lat' dir='ltr'><strong>citur,</strong></span> <span class='ocrx_word' id='word_1_380' title='bbox 501 4737 610 4778; x_wconf 92' lang='lat' dir='ltr'><strong>non</strong></span> <span class='ocrx_word' id='word_1_381' title='bbox 641 4720 825 4778; x_wconf 91' lang='lat' dir='ltr'><strong>solum</strong></span> <span class='ocrx_word' id='word_1_382' title='bbox 848 4722 1069 4795; x_wconf 90' lang='lat' dir='ltr'><strong>quando</strong></span> <span class='ocrx_word' id='word_1_383' title='bbox 1091 4724 1381 4796; x_wconf 86' lang='lat' dir='ltr'><strong>scribitur,</strong></span> <span class='ocrx_word' id='word_1_384' title='bbox 1407 4724 1502 4784; x_wconf 88' lang='lat' dir='ltr'><strong>sed</strong></span> <span class='ocrx_word' id='word_1_385' title='bbox 1527 4731 1800 4800; x_wconf 86' lang='lat' dir='ltr'><strong>quatenus</strong></span> <span class='ocrx_word' id='word_1_386' title='bbox 1821 4731 1908 4784; x_wconf 89' lang='lat' dir='ltr'><strong>est</strong></span> 
     </span>
     <span class='ocr_line' id='line_1_50' title="bbox 309 4812 1907 4889; baseline 0.003 -22"><span class='ocrx_word' id='word_1_387' title='bbox 309 4813 580 4868; x_wconf 88' lang='lat' dir='ltr'><strong>terminus</strong></span> <span class='ocrx_word' id='word_1_388' title='bbox 609 4812 928 4884; x_wconf 88' lang='lat' dir='ltr'><strong>scriptionis</strong></span> <span class='ocrx_word' id='word_1_389' title='bbox 951 4827 1294 4889; x_wconf 89' lang='lat' dir='ltr'><strong>permanens,</strong></span> <span class='ocrx_word' id='word_1_390' title='bbox 1317 4830 1648 4888; x_wconf 87' lang='lat' dir='ltr'><strong>semperque</strong></span> <span class='ocrx_word' id='word_1_391' title='bbox 1670 4821 1907 4872; x_wconf 89' lang='lat' dir='ltr'><strong>mentem</strong></span> 
     </span>
     <span class='ocr_line' id='line_1_51' title="bbox 307 4898 1904 4976; baseline 0.003 -21"><span class='ocrx_word' id='word_1_392' title='bbox 307 4899 564 4972; x_wconf 89' lang='lat' dir='ltr'><strong>principis</strong></span> <span class='ocrx_word' id='word_1_393' title='bbox 590 4898 860 4956; x_wconf 86' lang='lat' dir='ltr'><strong>indicans.</strong></span> <span class='ocrx_word' id='word_1_394' title='bbox 892 4903 964 4958; x_wconf 86' lang='lat' dir='ltr'><strong>Et</strong></span> <span class='ocrx_word' id='word_1_395' title='bbox 990 4901 1180 4958; x_wconf 88' lang='lat' dir='ltr'><strong>eadem</strong></span> <span class='ocrx_word' id='word_1_396' title='bbox 1212 4903 1582 4976; x_wconf 88' lang='lat' dir='ltr'><strong>proportione,</strong></span> <span class='ocrx_word' id='word_1_397' title='bbox 1606 4905 1652 4960; x_wconf 89' lang='lat' dir='ltr'><strong>si</strong></span> <span class='ocrx_word' id='word_1_398' title='bbox 1673 4902 1756 4960; x_wconf 83' lang='lat' dir='ltr'><strong>lex</strong></span> <span class='ocrx_word' id='word_1_399' title='bbox 1786 4904 1904 4961; x_wconf 89' lang='lat' dir='ltr'><strong>solo</strong></span> 
     </span>
     <span class='ocr_line' id='line_1_52' title="bbox 308 4987 1903 5063; baseline 0.003 -19"><span class='ocrx_word' id='word_1_400' title='bbox 308 4988 476 5046; x_wconf 80' lang='lat' dir='ltr'><strong>verbo</strong></span> <span class='ocrx_word' id='word_1_401' title='bbox 504 4987 777 5060; x_wconf 89' lang='lat' dir='ltr'><strong>tradatur,</strong></span> <span class='ocrx_word' id='word_1_402' title='bbox 805 4990 1058 5062; x_wconf 87' lang='lat' dir='ltr'><strong>quamvis</strong></span> <span class='ocrx_word' id='word_1_403' title='bbox 1085 4990 1341 5048; x_wconf 90' lang='lat' dir='ltr'><strong>sensibile</strong></span> <span class='ocrx_word' id='word_1_404' title='bbox 1367 4991 1598 5048; x_wconf 84' lang='lat' dir='ltr'><strong>verbum</strong></span> <span class='ocrx_word' id='word_1_405' title='bbox 1642 4997 1903 5063; x_wconf 88' lang='lat' dir='ltr'><strong>transeat,</strong></span> 
     </span>
     <span class='ocr_line' id='line_1_53' title="bbox 308 5078 1904 5150; baseline 0.003 -18"><span class='ocrx_word' id='word_1_406' title='bbox 308 5083 582 5148; x_wconf 83' lang='lat' dir='ltr'><strong>quatenus</strong></span> <span class='ocrx_word' id='word_1_407' title='bbox 612 5091 742 5133; x_wconf 86' lang='lat' dir='ltr'><strong>vero</strong></span> <span class='ocrx_word' id='word_1_408' title='bbox 768 5084 955 5136; x_wconf 88' lang='lat' dir='ltr'><strong>manet</strong></span> <span class='ocrx_word' id='word_1_409' title='bbox 979 5079 1034 5134; x_wconf 90' lang='lat' dir='ltr'><strong>in</strong></span> <span class='ocrx_word' id='word_1_410' title='bbox 1061 5080 1337 5136; x_wconf 89' lang='lat' dir='ltr'><strong>memoriis</strong></span> <span class='ocrx_word' id='word_1_411' title='bbox 1360 5078 1764 5150; x_wconf 84' lang='lat' dir='ltr'><strong>hominum,lex</strong></span> <span class='ocrx_word' id='word_1_412' title='bbox 1789 5079 1904 5138; x_wconf 82' lang='lat' dir='ltr'><strong>sus-</strong></span> 
     </span>
     <span class='ocr_line' id='line_1_54' title="bbox 309 5165 1908 5241; baseline 0.004 -20"><span class='ocrx_word' id='word_1_413' title='bbox 309 5165 558 5223; x_wconf 84' lang='lat' dir='ltr'><strong>iicienter</strong></span> <span class='ocrx_word' id='word_1_414' title='bbox 586 5165 787 5224; x_wconf 86' lang='lat' dir='ltr'><strong>durare</strong></span> <span class='ocrx_word' id='word_1_415' title='bbox 815 5165 1055 5241; x_wconf 82' lang='lat' dir='ltr'><strong>dicitur3</strong></span> <span class='ocrx_word' id='word_1_416' title='bbox 1079 5167 1172 5225; x_wconf 90' lang='lat' dir='ltr'><strong>sic·</strong></span> <span class='ocrx_word' id='word_1_417' title='bbox 1195 5169 1336 5226; x_wconf 89' lang='lat' dir='ltr'><strong>enim</strong></span> <span class='ocrx_word' id='word_1_418' title='bbox 1371 5168 1650 5226; x_wconf 89' lang='lat' dir='ltr'><strong>interdum</strong></span> <span class='ocrx_word' id='word_1_419' title='bbox 1687 5169 1772 5227; x_wconf 85' lang='lat' dir='ltr'><strong>lex</strong></span> <span class='ocrx_word' id='word_1_420' title='bbox 1797 5185 1908 5227; x_wconf 91' lang='lat' dir='ltr'><strong>non</strong></span> 
     </span>
     <span class='ocr_line' id='line_1_55' title="bbox 311 5253 1909 5328; baseline 0.006 -20"><span class='ocrx_word' id='word_1_421' title='bbox 311 5254 512 5327; x_wconf 84' lang='lat' dir='ltr'><strong>scripta</strong></span> <span class='ocrx_word' id='word_1_422' title='bbox 540 5269 638 5328; x_wconf 87' lang='lat' dir='ltr'><strong>per</strong></span> <span class='ocrx_word' id='word_1_423' title='bbox 667 5253 1010 5314; x_wconf 83' lang='lat' dir='ltr'><strong>traditionem</strong></span> <span class='ocrx_word' id='word_1_424' title='bbox 1031 5264 1419 5316; x_wconf 82' lang='lat' dir='ltr'><strong>conservatur.</strong></span> <span class='ocrx_word' id='word_1_425' title='bbox 1443 5258 1512 5316; x_wconf 86' lang='lat' dir='ltr'><strong>Et</strong></span> <span class='ocrx_word' id='word_1_426' title='bbox 1533 5257 1725 5318; x_wconf 89' lang='lat' dir='ltr'><strong>eodem</strong></span> <span class='ocrx_word' id='word_1_427' title='bbox 1745 5258 1909 5318; x_wconf 90' lang='lat' dir='ltr'><strong>modo</strong></span> 
     </span>
    </p>
   </div>
   <div class='ocr_carea' id='block_1_3' title="bbox 3406 393 3490 454">
    <p class='ocr_par' dir='ltr' id='par_1_5' title="bbox 3406 393 3490 454">
     <span class='ocr_line' id='line_1_56' title="bbox 3406 393 3490 454; baseline 0 0"><span class='ocrx_word' id='word_1_428' title='bbox 3406 393 3490 454; x_wconf 85' lang='lat'><strong>15</strong></span> 
     </span>
    </p>
   </div>
   <div class='ocr_carea' id='block_1_4' title="bbox 1974 534 3629 4974">
    <p class='ocr_par' dir='ltr' id='par_1_6' title="bbox 1975 534 3582 884">
     <span class='ocr_line' id='line_1_57' title="bbox 1978 534 3577 614; baseline -0.004 -16"><span class='ocrx_word' id='word_1_429' title='bbox 1978 539 2327 598; x_wconf 88' lang='lat' dir='ltr'><strong>consuetudo</strong></span> <span class='ocrx_word' id='word_1_430' title='bbox 2354 543 2535 614; x_wconf 90' lang='lat' dir='ltr'><strong>potest</strong></span> <span class='ocrx_word' id='word_1_431' title='bbox 2562 538 2850 611; x_wconf 85' lang='lat' dir='ltr'><strong>aliquando</strong></span> <span class='ocrx_word' id='word_1_432' title='bbox 2888 536 3130 594; x_wconf 89' lang='lat' dir='ltr'><strong>obtinere</strong></span> <span class='ocrx_word' id='word_1_433' title='bbox 3170 535 3276 592; x_wconf 87' lang='lat' dir='ltr'><strong>vim</strong></span> <span class='ocrx_word' id='word_1_434' title='bbox 3314 534 3483 609; x_wconf 85' lang='lat' dir='ltr'><strong>legis,</strong></span> <span class='ocrx_word' id='word_1_435' title='bbox 3515 543 3577 592; x_wconf 93' lang='lat' dir='ltr'><strong>ut</strong></span> 
     </span>
     <span class='ocr_line' id='line_1_58' title="bbox 1975 623 3580 700; baseline -0.003 -15"><span class='ocrx_word' id='word_1_436' title='bbox 1975 630 2119 687; x_wconf 79' lang='lat' dir='ltr'><strong>infra</strong></span> <span class='ocrx_word' id='word_1_437' title='bbox 2148 629 2471 687; x_wconf 87' lang='lat' dir='ltr'><strong>videbimus.</strong></span> <span class='ocrx_word' id='word_1_438' title='bbox 2497 631 2687 700; x_wconf 90' lang='lat' dir='ltr'><strong>Neque</strong></span> <span class='ocrx_word' id='word_1_439' title='bbox 2708 628 2758 684; x_wconf 91' lang='lat' dir='ltr'><strong>in</strong></span> <span class='ocrx_word' id='word_1_440' title='bbox 2786 627 2893 685; x_wconf 90' lang='lat' dir='ltr'><strong>hoc</strong></span> <span class='ocrx_word' id='word_1_441' title='bbox 2921 626 3169 684; x_wconf 89' lang='lat' dir='ltr'><strong>membro</strong></span> <span class='ocrx_word' id='word_1_442' title='bbox 3194 625 3300 682; x_wconf 89' lang='lat' dir='ltr'><strong>alia</strong></span> <span class='ocrx_word' id='word_1_443' title='bbox 3328 623 3580 682; x_wconf 88' lang='lat' dir='ltr'><strong>occurrit</strong></span> 
     </span>
     <span class='ocr_line' id='line_1_59' title="bbox 1976 715 3582 792; baseline -0.006 -13"><span class='ocrx_word' id='word_1_444' title='bbox 1976 721 2279 778; x_wconf 87' lang='lat' dir='ltr'><strong>difficultas</strong></span> <span class='ocrx_word' id='word_1_445' title='bbox 2324 725 2540 792; x_wconf 91' lang='lat' dir='ltr'><strong>praeter</strong></span> <span class='ocrx_word' id='word_1_446' title='bbox 2578 717 2763 789; x_wconf 84' lang='lat' dir='ltr'><strong>illam,</strong></span> <span class='ocrx_word' id='word_1_447' title='bbox 2794 733 2938 790; x_wconf 90' lang='lat' dir='ltr'><strong>quae</strong></span> <span class='ocrx_word' id='word_1_448' title='bbox 2978 716 3045 773; x_wconf 88' lang='lat' dir='ltr'><strong>ad</strong></span> <span class='ocrx_word' id='word_1_449' title='bbox 3082 715 3582 789; x_wconf 86' lang='lat' dir='ltr'><strong>promulgationem</strong></span> 
     </span>
     <span class='ocr_line' id='line_1_60' title="bbox 1977 805 3082 884; baseline -0.005 -17"><span class='ocrx_word' id='word_1_450' title='bbox 1977 811 2114 884; x_wconf 88' lang='lat' dir='ltr'><strong>legis</strong></span> <span class='ocrx_word' id='word_1_451' title='bbox 2145 815 2380 882; x_wconf 89' lang='lat' dir='ltr'><strong>spectat,</strong></span> <span class='ocrx_word' id='word_1_452' title='bbox 2413 807 2479 864; x_wconf 89' lang='lat' dir='ltr'><strong>de</strong></span> <span class='ocrx_word' id='word_1_453' title='bbox 2506 823 2617 880; x_wconf 88' lang='lat' dir='ltr'><strong>qua</strong></span> <span class='ocrx_word' id='word_1_454' title='bbox 2646 806 2781 863; x_wconf 76' lang='lat' dir='ltr'><strong>infra</strong></span> <span class='ocrx_word' id='word_1_455' title='bbox 2810 805 3082 863; x_wconf 89' lang='lat' dir='ltr'><strong>dicemus.</strong></span> 
     </span>
    </p>

    <p class='ocr_par' dir='ltr' id='par_1_7' title="bbox 1976 892 3629 3732">
     <span class='ocr_line' id='line_1_61' title="bbox 2064 892 3579 968; baseline -0.005 -13"><span class='ocrx_word' id='word_1_456' title='bbox 2064 903 2116 955; x_wconf 84' lang='lat'><strong>5.</strong></span> <span class='ocrx_word' id='word_1_457' title='bbox 2149 900 2439 956; x_wconf 87' lang='lat' dir='ltr'><strong>Praeterea</strong></span> <span class='ocrx_word' id='word_1_458' title='bbox 2467 897 2533 952; x_wconf 92' lang='lat' dir='ltr'><strong>de</strong></span> <span class='ocrx_word' id='word_1_459' title='bbox 2562 894 2702 968; x_wconf 87' lang='lat' dir='ltr'><strong>lege,</strong></span> <span class='ocrx_word' id='word_1_460' title='bbox 2729 901 2894 968; x_wconf 87' lang='lat' dir='ltr'><strong>prout</strong></span> <span class='ocrx_word' id='word_1_461' title='bbox 2916 910 3035 950; x_wconf 88' lang='lat' dir='ltr'><strong>esse</strong></span> <span class='ocrx_word' id='word_1_462' title='bbox 3063 901 3245 967; x_wconf 88' lang='lat' dir='ltr'><strong>potest</strong></span> <span class='ocrx_word' id='word_1_463' title='bbox 3274 896 3328 950; x_wconf 93' lang='lat' dir='ltr'><strong>in</strong></span> <span class='ocrx_word' id='word_1_464' title='bbox 3359 892 3579 949; x_wconf 87' lang='lat' dir='ltr'><strong>homine</strong></span> 
     </span>
     <span class='ocr_line' id='line_1_62' title="bbox 1979 977 3577 1061; baseline -0.004 -17"><span class='ocrx_word' id='word_1_465' title='bbox 1979 986 2083 1061; x_wconf 89' lang='lat' dir='ltr'><strong>legi</strong></span> <span class='ocrx_word' id='word_1_466' title='bbox 2113 977 2386 1057; x_wconf 86' lang='lat' dir='ltr'><strong>subiecto,</strong></span> <span class='ocrx_word' id='word_1_467' title='bbox 2418 992 2636 1042; x_wconf 88' lang='lat' dir='ltr'><strong>certum</strong></span> <span class='ocrx_word' id='word_1_468' title='bbox 2664 990 2768 1056; x_wconf 87' lang='lat' dir='ltr'><strong>est,</strong></span> <span class='ocrx_word' id='word_1_469' title='bbox 2793 986 3096 1040; x_wconf 89' lang='lat' dir='ltr'><strong>consistere</strong></span> <span class='ocrx_word' id='word_1_470' title='bbox 3123 985 3175 1040; x_wconf 91' lang='lat' dir='ltr'><strong>in</strong></span> <span class='ocrx_word' id='word_1_471' title='bbox 3206 989 3337 1040; x_wconf 87' lang='lat' dir='ltr'><strong>actu</strong></span> <span class='ocrx_word' id='word_1_472' title='bbox 3361 983 3577 1053; x_wconf 90' lang='lat' dir='ltr'><strong>mentis,</strong></span> 
     </span>
     <span class='ocr_line' id='line_1_63' title="bbox 1979 1071 3583 1148; baseline -0.005 -14"><span class='ocrx_word' id='word_1_473' title='bbox 1979 1082 2034 1134; x_wconf 90' lang='lat' dir='ltr'><strong>et</strong></span> <span class='ocrx_word' id='word_1_474' title='bbox 2059 1091 2156 1148; x_wconf 90' lang='lat' dir='ltr'><strong>per</strong></span> <span class='ocrx_word' id='word_1_475' title='bbox 2184 1076 2364 1133; x_wconf 89' lang='lat' dir='ltr'><strong>solum</strong></span> <span class='ocrx_word' id='word_1_476' title='bbox 2395 1075 2675 1148; x_wconf 89' lang='lat' dir='ltr'><strong>requirere</strong></span> <span class='ocrx_word' id='word_1_477' title='bbox 2714 1071 2972 1128; x_wconf 88' lang='lat' dir='ltr'><strong>iudicium</strong></span> <span class='ocrx_word' id='word_1_478' title='bbox 3014 1071 3326 1129; x_wconf 87' lang='lat' dir='ltr'><strong>intellectus</strong></span> <span class='ocrx_word' id='word_1_479' title='bbox 3347 1113 3361 1140; x_wconf 91' lang='lat'><strong>,</strong></span> <span class='ocrx_word' id='word_1_480' title='bbox 3392 1077 3446 1128; x_wconf 92' lang='lat' dir='ltr'><strong>et</strong></span> <span class='ocrx_word' id='word_1_481' title='bbox 3473 1086 3583 1126; x_wconf 91' lang='lat' dir='ltr'><strong>non</strong></span> 
     </span>
     <span class='ocr_line' id='line_1_64' title="bbox 1981 1160 3582 1232; baseline -0.003 -10"><span class='ocrx_word' id='word_1_482' title='bbox 1981 1170 2142 1222; x_wconf 88' lang='lat' dir='ltr'><strong>actus</strong></span> <span class='ocrx_word' id='word_1_483' title='bbox 2174 1164 2491 1232; x_wconf 83' lang='lat' dir='ltr'><strong>voluntatis3</strong></span> <span class='ocrx_word' id='word_1_484' title='bbox 2524 1163 2612 1219; x_wconf 90' lang='lat' dir='ltr'><strong>hic</strong></span> <span class='ocrx_word' id='word_1_485' title='bbox 2641 1164 2784 1219; x_wconf 90' lang='lat' dir='ltr'><strong>enim</strong></span> <span class='ocrx_word' id='word_1_486' title='bbox 2812 1161 3157 1219; x_wconf 89' lang='lat' dir='ltr'><strong>necessarius</strong></span> <span class='ocrx_word' id='word_1_487' title='bbox 3188 1167 3271 1218; x_wconf 90' lang='lat' dir='ltr'><strong>est</strong></span> <span class='ocrx_word' id='word_1_488' title='bbox 3297 1160 3365 1216; x_wconf 90' lang='lat' dir='ltr'><strong>ad</strong></span> <span class='ocrx_word' id='word_1_489' title='bbox 3395 1161 3582 1217; x_wconf 86' lang='lat' dir='ltr'><strong>obser-</strong></span> 
     </span>
     <span class='ocr_line' id='line_1_65' title="bbox 1981 1249 3583 1327; baseline -0.002 -18"><span class='ocrx_word' id='word_1_490' title='bbox 1981 1257 2277 1327; x_wconf 84' lang='lat' dir='ltr'><strong>vationem,</strong></span> <span class='ocrx_word' id='word_1_491' title='bbox 2303 1271 2401 1311; x_wconf 90' lang='lat' dir='ltr'><strong>seu</strong></span> <span class='ocrx_word' id='word_1_492' title='bbox 2430 1255 2809 1310; x_wconf 82' lang='lat' dir='ltr'><strong>executionem</strong></span> <span class='ocrx_word' id='word_1_493' title='bbox 2838 1251 2992 1324; x_wconf 86' lang='lat' dir='ltr'><strong>legis,</strong></span> <span class='ocrx_word' id='word_1_494' title='bbox 3016 1267 3127 1308; x_wconf 91' lang='lat' dir='ltr'><strong>non</strong></span> <span class='ocrx_word' id='word_1_495' title='bbox 3150 1249 3219 1306; x_wconf 89' lang='lat' dir='ltr'><strong>ad</strong></span> <span class='ocrx_word' id='word_1_496' title='bbox 3240 1251 3583 1307; x_wconf 79' lang='lat' dir='ltr'><strong>existentiam</strong></span> 
     </span>
     <span class='ocr_line' id='line_1_66' title="bbox 1980 1337 3583 1415; baseline -0.003 -16"><span class='ocrx_word' id='word_1_497' title='bbox 1980 1345 2121 1400; x_wconf 90' lang='lat' dir='ltr'><strong>eius.</strong></span> <span class='ocrx_word' id='word_1_498' title='bbox 2152 1345 2287 1400; x_wconf 88' lang='lat' dir='ltr'><strong>Nam</strong></span> <span class='ocrx_word' id='word_1_499' title='bbox 2320 1343 2400 1400; x_wconf 89' lang='lat' dir='ltr'><strong>lex</strong></span> <span class='ocrx_word' id='word_1_500' title='bbox 2425 1344 2703 1415; x_wconf 83' lang='lat' dir='ltr'><strong>praevenit</strong></span> <span class='ocrx_word' id='word_1_501' title='bbox 2730 1338 3069 1397; x_wconf 85' lang='lat' dir='ltr'><strong>voluntatem</strong></span> <span class='ocrx_word' id='word_1_502' title='bbox 3098 1337 3321 1408; x_wconf 88' lang='lat' dir='ltr'><strong>subditi,</strong></span> <span class='ocrx_word' id='word_1_503' title='bbox 3351 1345 3408 1396; x_wconf 95' lang='lat' dir='ltr'><strong>et</strong></span> <span class='ocrx_word' id='word_1_504' title='bbox 3436 1338 3583 1395; x_wconf 89' lang='lat' dir='ltr'><strong>illam</strong></span> 
     </span>
     <span class='ocr_line' id='line_1_67' title="bbox 1982 1427 3585 1505; baseline -0.002 -16"><span class='ocrx_word' id='word_1_505' title='bbox 1982 1431 2221 1505; x_wconf 82' lang='lat' dir='ltr'><strong>obligat3</strong></span> <span class='ocrx_word' id='word_1_506' title='bbox 2262 1437 2421 1489; x_wconf 91' lang='lat' dir='ltr'><strong>actus</strong></span> <span class='ocrx_word' id='word_1_507' title='bbox 2467 1446 2595 1488; x_wconf 82' lang='lat' dir='ltr'><strong>vero</strong></span> <span class='ocrx_word' id='word_1_508' title='bbox 2636 1429 2946 1486; x_wconf 87' lang='lat' dir='ltr'><strong>intellectus</strong></span> <span class='ocrx_word' id='word_1_509' title='bbox 2984 1427 3330 1485; x_wconf 87' lang='lat' dir='ltr'><strong>necessarius</strong></span> <span class='ocrx_word' id='word_1_510' title='bbox 3371 1433 3489 1500; x_wconf 87' lang='lat' dir='ltr'><strong>est,</strong></span> <span class='ocrx_word' id='word_1_511' title='bbox 3518 1433 3585 1485; x_wconf 92' lang='lat' dir='ltr'><strong>ut</strong></span> 
     </span>
     <span class='ocr_line' id='line_1_68' title="bbox 1983 1517 3584 1594; baseline -0.003 -17"><span class='ocrx_word' id='word_1_512' title='bbox 1983 1527 2278 1593; x_wconf 88' lang='lat' dir='ltr'><strong>proponat,</strong></span> <span class='ocrx_word' id='word_1_513' title='bbox 2302 1527 2356 1578; x_wconf 90' lang='lat' dir='ltr'><strong>et</strong></span> <span class='ocrx_word' id='word_1_514' title='bbox 2377 1521 2615 1594; x_wconf 81' lang='lat' dir='ltr'><strong>proxime</strong></span> <span class='ocrx_word' id='word_1_515' title='bbox 2642 1518 2879 1592; x_wconf 87' lang='lat' dir='ltr'><strong>applicet</strong></span> <span class='ocrx_word' id='word_1_516' title='bbox 2900 1517 3162 1575; x_wconf 85' lang='lat' dir='ltr'><strong>voluntati</strong></span> <span class='ocrx_word' id='word_1_517' title='bbox 3192 1517 3368 1591; x_wconf 85' lang='lat' dir='ltr'><strong>legem</strong></span> <span class='ocrx_word' id='word_1_518' title='bbox 3390 1517 3584 1590; x_wconf 89' lang='lat' dir='ltr'><strong>ipsam,</strong></span> 
     </span>
     <span class='ocr_line' id='line_1_69' title="bbox 1983 1605 3629 1698; baseline -0.003 -32"><span class='ocrx_word' id='word_1_519' title='bbox 1983 1616 2041 1666; x_wconf 91' lang='lat' dir='ltr'><strong>et</strong></span> <span class='ocrx_word' id='word_1_520' title='bbox 2066 1610 2191 1667; x_wconf 90' lang='lat' dir='ltr'><strong>ideo</strong></span> <span class='ocrx_word' id='word_1_521' title='bbox 2220 1611 2526 1668; x_wconf 88' lang='lat' dir='ltr'><strong>necessario</strong></span> <span class='ocrx_word' id='word_1_522' title='bbox 2558 1609 2790 1682; x_wconf 90' lang='lat' dir='ltr'><strong>requirit</strong></span> <span class='ocrx_word' id='word_1_523' title='bbox 2816 1605 3092 1664; x_wconf 82' lang='lat' dir='ltr'><strong>&#39;iudicium</strong></span> <span class='ocrx_word' id='word_1_524' title='bbox 3130 1606 3373 1664; x_wconf 84' lang='lat' dir='ltr'><strong>rationis.</strong></span> <span class='ocrx_word' id='word_1_525' title='bbox 3407 1608 3629 1698; x_wconf 32' lang='lat' dir='ltr'><strong>Atquex</strong></span> 
     </span>
     <span class='ocr_line' id='line_1_70' title="bbox 1985 1694 3587 1757; baseline -0.002 -2"><span class='ocrx_word' id='word_1_526' title='bbox 1985 1697 2090 1756; x_wconf 88' lang='lat' dir='ltr'><strong>boc</strong></span> <span class='ocrx_word' id='word_1_527' title='bbox 2122 1697 2286 1756; x_wconf 89' lang='lat' dir='ltr'><strong>modo</strong></span> <span class='ocrx_word' id='word_1_528' title='bbox 2311 1700 2395 1757; x_wconf 82' lang='lat' dir='ltr'><strong>lex</strong></span> <span class='ocrx_word' id='word_1_529' title='bbox 2426 1698 2692 1756; x_wconf 88' lang='lat' dir='ltr'><strong>naturalis</strong></span> <span class='ocrx_word' id='word_1_530' title='bbox 2722 1697 3085 1754; x_wconf 91' lang='lat' dir='ltr'><strong>communiter</strong></span> <span class='ocrx_word' id='word_1_531' title='bbox 3114 1694 3318 1752; x_wconf 88' lang='lat' dir='ltr'><strong>dicitur</strong></span> <span class='ocrx_word' id='word_1_532' title='bbox 3342 1711 3464 1753; x_wconf 87' lang='lat' dir='ltr'><strong>esse</strong></span> <span class='ocrx_word' id='word_1_533' title='bbox 3492 1711 3587 1752; x_wconf 90' lang='lat' dir='ltr'><strong>na-</strong></span> 
     </span>
     <span class='ocr_line' id='line_1_71' title="bbox 1985 1785 3587 1857; baseline -0.003 -12"><span class='ocrx_word' id='word_1_534' title='bbox 1985 1787 2163 1845; x_wconf 87' lang='lat' dir='ltr'><strong>turale</strong></span> <span class='ocrx_word' id='word_1_535' title='bbox 2195 1788 2457 1846; x_wconf 88' lang='lat' dir='ltr'><strong>iudicium</strong></span> <span class='ocrx_word' id='word_1_536' title='bbox 2484 1789 2713 1845; x_wconf 91' lang='lat' dir='ltr'><strong>rationis</strong></span> <span class='ocrx_word' id='word_1_537' title='bbox 2743 1786 3043 1856; x_wconf 87' lang='lat' dir='ltr'><strong>humanae,</strong></span> <span class='ocrx_word' id='word_1_538' title='bbox 3076 1785 3285 1842; x_wconf 90' lang='lat' dir='ltr'><strong>scilicet</strong></span> <span class='ocrx_word' id='word_1_539' title='bbox 3310 1791 3587 1857; x_wconf 87' lang='lat' dir='ltr'><strong>quatenus</strong></span> 
     </span>
     <span class='ocr_line' id='line_1_72' title="bbox 1980 1873 3586 1948; baseline -0.001 -16"><span class='ocrx_word' id='word_1_540' title='bbox 1980 1875 2070 1932; x_wconf 88' lang='lat' dir='ltr'><strong>illa</strong></span> <span class='ocrx_word' id='word_1_541' title='bbox 2098 1876 2186 1935; x_wconf 86' lang='lat' dir='ltr'><strong>lex</strong></span> <span class='ocrx_word' id='word_1_542' title='bbox 2212 1883 2297 1935; x_wconf 91' lang='lat' dir='ltr'><strong>est</strong></span> <span class='ocrx_word' id='word_1_543' title='bbox 2325 1879 2379 1934; x_wconf 91' lang='lat' dir='ltr'><strong>in</strong></span> <span class='ocrx_word' id='word_1_544' title='bbox 2408 1876 2626 1934; x_wconf 87' lang='lat' dir='ltr'><strong>homine</strong></span> <span class='ocrx_word' id='word_1_545' title='bbox 2664 1882 2921 1948; x_wconf 85' lang='lat' dir='ltr'><strong>tanquam</strong></span> <span class='ocrx_word' id='word_1_546' title='bbox 2952 1874 3005 1929; x_wconf 90' lang='lat' dir='ltr'><strong>in</strong></span> <span class='ocrx_word' id='word_1_547' title='bbox 3034 1888 3133 1944; x_wconf 90' lang='lat' dir='ltr'><strong>eo,</strong></span> <span class='ocrx_word' id='word_1_548' title='bbox 3169 1875 3265 1946; x_wconf 90' lang='lat' dir='ltr'><strong>qui</strong></span> <span class='ocrx_word' id='word_1_549' title='bbox 3300 1873 3586 1930; x_wconf 89' lang='lat' dir='ltr'><strong>subiicitur</strong></span> 
     </span>
     <span class='ocr_line' id='line_1_73' title="bbox 1985 1962 3583 2040; baseline -0.003 -18"><span class='ocrx_word' id='word_1_550' title='bbox 1985 1964 2064 2023; x_wconf 91' lang='lat' dir='ltr'><strong>illi</strong></span> <span class='ocrx_word' id='word_1_551' title='bbox 2094 1965 2221 2040; x_wconf 85' lang='lat' dir='ltr'><strong>legi.</strong></span> <span class='ocrx_word' id='word_1_552' title='bbox 2255 1974 2435 2040; x_wconf 77' lang='lat' dir='ltr'><strong>Atque</strong></span> <span class='ocrx_word' id='word_1_553' title='bbox 2458 1968 2563 2023; x_wconf 86' lang='lat' dir='ltr'><strong>hoc</strong></span> <span class='ocrx_word' id='word_1_554' title='bbox 2586 1965 2747 2022; x_wconf 90' lang='lat' dir='ltr'><strong>etiam</strong></span> <span class='ocrx_word' id='word_1_555' title='bbox 2774 1962 2938 2022; x_wconf 90' lang='lat' dir='ltr'><strong>modo</strong></span> <span class='ocrx_word' id='word_1_556' title='bbox 2964 1962 3097 2020; x_wconf 85' lang='lat' dir='ltr'><strong>dixit</strong></span> <span class='ocrx_word' id='word_1_557' title='bbox 3122 1964 3374 2020; x_wconf 87' lang='lat' dir='ltr'><strong>Damasc.</strong></span> <span class='ocrx_word' id='word_1_558' title='bbox 3400 1963 3499 2019; x_wconf 92' lang='lat' dir='ltr'><strong>lib.</strong></span> <span class='ocrx_word' id='word_1_559' title='bbox 3527 1967 3583 2021; x_wconf 68' lang='lat'><strong>4.</strong></span> 
     </span>
     <span class='ocr_line' id='line_1_74' title="bbox 1980 2050 3589 2127; baseline -0.002 -16"><span class='ocrx_word' id='word_1_560' title='bbox 1980 2052 2052 2112; x_wconf 81' lang='lat' dir='ltr'><strong>de</strong></span> <span class='ocrx_word' id='word_1_561' title='bbox 2077 2053 2256 2124; x_wconf 76' lang='lat' dir='ltr'><strong>Fide,</strong></span> <span class='ocrx_word' id='word_1_562' title='bbox 2292 2071 2418 2127; x_wconf 85' lang='lat' dir='ltr'><strong>cap.</strong></span> <span class='ocrx_word' id='word_1_563' title='bbox 2452 2061 2510 2113; x_wconf 82' lang='lat'><strong>3:</strong></span> <span class='ocrx_word' id='word_1_564' title='bbox 2544 2052 2874 2111; x_wconf 76' lang='lat' dir='ltr'><strong>Adveniens</strong></span> <span class='ocrx_word' id='word_1_565' title='bbox 2901 2050 3000 2108; x_wconf 78' lang='lat' dir='ltr'><strong>lex</strong></span> <span class='ocrx_word' id='word_1_566' title='bbox 3030 2053 3169 2111; x_wconf 76' lang='lat' dir='ltr'><strong>Dei.</strong></span> <span class='ocrx_word' id='word_1_567' title='bbox 3201 2055 3456 2108; x_wconf 73' lang='lat' dir='ltr'><strong>mentem</strong></span> <span class='ocrx_word' id='word_1_568' title='bbox 3480 2067 3589 2108; x_wconf 75' lang='lat' dir='ltr'><strong>no-</strong></span> 
     </span>
     <span class='ocr_line' id='line_1_75' title="bbox 1979 2140 3587 2216; baseline -0.002 -16"><span class='ocrx_word' id='word_1_569' title='bbox 1979 2148 2170 2202; x_wconf 78' lang='lat' dir='ltr'><strong>stram</strong></span> <span class='ocrx_word' id='word_1_570' title='bbox 2197 2142 2532 2211; x_wconf 82' lang='lat' dir='ltr'><strong>incendens,</strong></span> <span class='ocrx_word' id='word_1_571' title='bbox 2568 2158 2705 2200; x_wconf 82' lang='lat' dir='ltr'><strong>eam</strong></span> <span class='ocrx_word' id='word_1_572' title='bbox 2736 2140 2820 2200; x_wconf 80' lang='lat' dir='ltr'><strong>ad</strong></span> <span class='ocrx_word' id='word_1_573' title='bbox 2844 2157 2906 2199; x_wconf 82' lang='lat' dir='ltr'><strong>se</strong></span> <span class='ocrx_word' id='word_1_574' title='bbox 2924 2141 3255 2216; x_wconf 71' lang='lat' dir='ltr'><strong>pertrahit,</strong></span> <span class='ocrx_word' id='word_1_575' title='bbox 3291 2143 3587 2197; x_wconf 80' lang='lat' dir='ltr'><strong>conscien-</strong></span> 
     </span>
     <span class='ocr_line' id='line_1_76' title="bbox 1985 2225 3588 2306; baseline -0.003 -17"><span class='ocrx_word' id='word_1_576' title='bbox 1985 2236 2252 2306; x_wconf 76' lang='lat' dir='ltr'><strong>tiamque</strong></span> <span class='ocrx_word' id='word_1_577' title='bbox 2279 2239 2547 2291; x_wconf 79' lang='lat' dir='ltr'><strong>nostram</strong></span> <span class='ocrx_word' id='word_1_578' title='bbox 2574 2230 2832 2298; x_wconf 68' lang='lat' dir='ltr'><strong>vellicat,</strong></span> <span class='ocrx_word' id='word_1_579' title='bbox 2869 2245 3023 2303; x_wconf 77' lang='lat' dir='ltr'><strong>quae</strong></span> <span class='ocrx_word' id='word_1_580' title='bbox 3050 2234 3106 2286; x_wconf 80' lang='lat' dir='ltr'><strong>et</strong></span> <span class='ocrx_word' id='word_1_581' title='bbox 3129 2231 3267 2303; x_wconf 76' lang='lat' dir='ltr'><strong>ipsa</strong></span> <span class='ocrx_word' id='word_1_582' title='bbox 3300 2225 3401 2285; x_wconf 75' lang='lat' dir='ltr'><strong>lex</strong></span> <span class='ocrx_word' id='word_1_583' title='bbox 3426 2243 3588 2284; x_wconf 78' lang='lat' dir='ltr'><strong>men-</strong></span> 
     </span>
     <span class='ocr_line' id='line_1_77' title="bbox 1981 2316 3587 2394; baseline -0.004 -15"><span class='ocrx_word' id='word_1_584' title='bbox 1981 2327 2058 2380; x_wconf 79' lang='lat' dir='ltr'><strong>tis</strong></span> <span class='ocrx_word' id='word_1_585' title='bbox 2085 2327 2327 2382; x_wconf 76' lang='lat' dir='ltr'><strong>nostrae</strong></span> <span class='ocrx_word' id='word_1_586' title='bbox 2352 2321 2606 2380; x_wconf 77' lang='lat' dir='ltr'><strong>dicitur.</strong></span> <span class='ocrx_word' id='word_1_587' title='bbox 2640 2319 2899 2394; x_wconf 90' lang='lat' dir='ltr'><strong>Idemque</strong></span> <span class='ocrx_word' id='word_1_588' title='bbox 2929 2317 3404 2392; x_wconf 80' lang='lat' dir='ltr'><strong>proportionaliter</strong></span> <span class='ocrx_word' id='word_1_589' title='bbox 3429 2321 3517 2372; x_wconf 92' lang='lat' dir='ltr'><strong>est</strong></span> <span class='ocrx_word' id='word_1_590' title='bbox 3534 2316 3587 2372; x_wconf 94' lang='lat' dir='ltr'><strong>in</strong></span> 
     </span>
     <span class='ocr_line' id='line_1_78' title="bbox 1978 2403 3589 2486; baseline -0.004 -19"><span class='ocrx_word' id='word_1_591' title='bbox 1978 2409 2188 2484; x_wconf 86' lang='lat' dir='ltr'><strong>legibus</strong></span> <span class='ocrx_word' id='word_1_592' title='bbox 2215 2411 2483 2486; x_wconf 81' lang='lat' dir='ltr'><strong>positivis3</strong></span> <span class='ocrx_word' id='word_1_593' title='bbox 2512 2424 2637 2466; x_wconf 89' lang='lat' dir='ltr'><strong>nam</strong></span> <span class='ocrx_word' id='word_1_594' title='bbox 2660 2415 2951 2482; x_wconf 86' lang='lat' dir='ltr'><strong>postquam</strong></span> <span class='ocrx_word' id='word_1_595' title='bbox 2982 2407 3122 2464; x_wconf 87' lang='lat' dir='ltr'><strong>latae</strong></span> <span class='ocrx_word' id='word_1_596' title='bbox 3150 2412 3302 2477; x_wconf 89' lang='lat' dir='ltr'><strong>sunt,</strong></span> <span class='ocrx_word' id='word_1_597' title='bbox 3327 2419 3427 2478; x_wconf 88' lang='lat' dir='ltr'><strong>per</strong></span> <span class='ocrx_word' id='word_1_598' title='bbox 3448 2403 3589 2462; x_wconf 88' lang='lat' dir='ltr'><strong>iudi·</strong></span> 
     </span>
     <span class='ocr_line' id='line_1_79' title="bbox 1981 2494 3585 2571; baseline -0.004 -15"><span class='ocrx_word' id='word_1_599' title='bbox 1981 2501 2131 2558; x_wconf 90' lang='lat' dir='ltr'><strong>cium</strong></span> <span class='ocrx_word' id='word_1_600' title='bbox 2161 2500 2387 2557; x_wconf 85' lang='lat' dir='ltr'><strong>rationis</strong></span> <span class='ocrx_word' id='word_1_601' title='bbox 2418 2497 2717 2571; x_wconf 85' lang='lat' dir='ltr'><strong>unicuique</strong></span> <span class='ocrx_word' id='word_1_602' title='bbox 2744 2497 3109 2569; x_wconf 87' lang='lat' dir='ltr'><strong>applicantur,</strong></span> <span class='ocrx_word' id='word_1_603' title='bbox 3133 2500 3411 2567; x_wconf 89' lang='lat' dir='ltr'><strong>quatenus</strong></span> <span class='ocrx_word' id='word_1_604' title='bbox 3440 2509 3509 2550; x_wconf 82' lang='lat' dir='ltr'><strong>ex</strong></span> <span class='ocrx_word' id='word_1_605' title='bbox 3534 2494 3585 2549; x_wconf 86' lang='lat' dir='ltr'><strong>vi</strong></span> 
     </span>
     <span class='ocr_line' id='line_1_80' title="bbox 1981 2584 3587 2662; baseline -0.003 -17"><span class='ocrx_word' id='word_1_606' title='bbox 1981 2588 2119 2662; x_wconf 86' lang='lat' dir='ltr'><strong>legis</strong></span> <span class='ocrx_word' id='word_1_607' title='bbox 2149 2588 2427 2646; x_wconf 88' lang='lat' dir='ltr'><strong>iudicatur</strong></span> <span class='ocrx_word' id='word_1_608' title='bbox 2452 2587 2847 2659; x_wconf 87' lang='lat' dir='ltr'><strong>necessarium,</strong></span> <span class='ocrx_word' id='word_1_609' title='bbox 2871 2584 3019 2659; x_wconf 91' lang='lat' dir='ltr'><strong>quod</strong></span> <span class='ocrx_word' id='word_1_610' title='bbox 3041 2599 3141 2656; x_wconf 88' lang='lat' dir='ltr'><strong>per</strong></span> <span class='ocrx_word' id='word_1_611' title='bbox 3160 2599 3219 2641; x_wconf 90' lang='lat' dir='ltr'><strong>se</strong></span> <span class='ocrx_word' id='word_1_612' title='bbox 3242 2599 3349 2641; x_wconf 89' lang='lat' dir='ltr'><strong>non</strong></span> <span class='ocrx_word' id='word_1_613' title='bbox 3376 2589 3514 2657; x_wconf 90' lang='lat' dir='ltr'><strong>erat,</strong></span> <span class='ocrx_word' id='word_1_614' title='bbox 3530 2589 3587 2641; x_wconf 87' lang='lat' dir='ltr'><strong>et</strong></span> 
     </span>
     <span class='ocr_line' id='line_1_81' title="bbox 1979 2673 3584 2749; baseline -0.004 -14"><span class='ocrx_word' id='word_1_615' title='bbox 1979 2679 2054 2735; x_wconf 90' lang='lat' dir='ltr'><strong>ita</strong></span> <span class='ocrx_word' id='word_1_616' title='bbox 2083 2678 2218 2736; x_wconf 90' lang='lat' dir='ltr'><strong>illud</strong></span> <span class='ocrx_word' id='word_1_617' title='bbox 2244 2678 2505 2736; x_wconf 90' lang='lat' dir='ltr'><strong>iudicium</strong></span> <span class='ocrx_word' id='word_1_618' title='bbox 2534 2678 2641 2734; x_wconf 90' lang='lat' dir='ltr'><strong>iam</strong></span> <span class='ocrx_word' id='word_1_619' title='bbox 2668 2682 2754 2734; x_wconf 89' lang='lat' dir='ltr'><strong>est</strong></span> <span class='ocrx_word' id='word_1_620' title='bbox 2781 2675 2937 2749; x_wconf 90' lang='lat' dir='ltr'><strong>quasi</strong></span> <span class='ocrx_word' id='word_1_621' title='bbox 2972 2673 3059 2731; x_wconf 82' lang='lat' dir='ltr'><strong>lex</strong></span> <span class='ocrx_word' id='word_1_622' title='bbox 3096 2673 3333 2730; x_wconf 89' lang='lat' dir='ltr'><strong>existens</strong></span> <span class='ocrx_word' id='word_1_623' title='bbox 3370 2673 3428 2728; x_wconf 92' lang='lat' dir='ltr'><strong>in</strong></span> <span class='ocrx_word' id='word_1_624' title='bbox 3462 2673 3584 2744; x_wconf 87' lang='lat' dir='ltr'><strong>ipso</strong></span> 
     </span>
     <span class='ocr_line' id='line_1_82' title="bbox 1984 2759 3587 2837; baseline -0.003 -14"><span class='ocrx_word' id='word_1_625' title='bbox 1984 2766 2228 2825; x_wconf 89' lang='lat' dir='ltr'><strong>subdito.</strong></span> <span class='ocrx_word' id='word_1_626' title='bbox 2260 2769 2361 2824; x_wconf 87' lang='lat' dir='ltr'><strong>Hic</strong></span> <span class='ocrx_word' id='word_1_627' title='bbox 2384 2782 2515 2823; x_wconf 86' lang='lat' dir='ltr'><strong>vero</strong></span> <span class='ocrx_word' id='word_1_628' title='bbox 2548 2764 2883 2823; x_wconf 85' lang='lat' dir='ltr'><strong>occurrebat</strong></span> <span class='ocrx_word' id='word_1_629' title='bbox 2907 2763 3188 2837; x_wconf 86' lang='lat' dir='ltr'><strong>quaestio,</strong></span> <span class='ocrx_word' id='word_1_630' title='bbox 3220 2777 3287 2818; x_wconf 87' lang='lat' dir='ltr'><strong>an</strong></span> <span class='ocrx_word' id='word_1_631' title='bbox 3313 2762 3369 2817; x_wconf 89' lang='lat' dir='ltr'><strong>in</strong></span> <span class='ocrx_word' id='word_1_632' title='bbox 3395 2760 3480 2818; x_wconf 90' lang='lat' dir='ltr'><strong>his</strong></span> <span class='ocrx_word' id='word_1_633' title='bbox 3508 2759 3587 2818; x_wconf 88' lang='lat' dir='ltr'><strong>le·</strong></span> 
     </span>
     <span class='ocr_line' id='line_1_83' title="bbox 1978 2849 3588 2932; baseline -0.005 -18"><span class='ocrx_word' id='word_1_634' title='bbox 1978 2859 2141 2932; x_wconf 85' lang='lat' dir='ltr'><strong>gibus</strong></span> <span class='ocrx_word' id='word_1_635' title='bbox 2162 2858 2409 2929; x_wconf 80' lang='lat' dir='ltr'><strong>positivis</strong></span> <span class='ocrx_word' id='word_1_636' title='bbox 2450 2854 2747 2931; x_wconf 88' lang='lat' dir='ltr'><strong>aliquando</strong></span> <span class='ocrx_word' id='word_1_637' title='bbox 2780 2853 3097 2927; x_wconf 86' lang='lat' dir='ltr'><strong>requiratur</strong></span> <span class='ocrx_word' id='word_1_638' title='bbox 3123 2867 3191 2908; x_wconf 84' lang='lat' dir='ltr'><strong>ex</strong></span> <span class='ocrx_word' id='word_1_639' title='bbox 3218 2857 3369 2922; x_wconf 87' lang='lat' dir='ltr'><strong>parte</strong></span> <span class='ocrx_word' id='word_1_640' title='bbox 3400 2849 3588 2907; x_wconf 89' lang='lat' dir='ltr'><strong>subdi·</strong></span> 
     </span>
     <span class='ocr_line' id='line_1_84' title="bbox 1980 2937 3585 3015; baseline -0.007 -10"><span class='ocrx_word' id='word_1_641' title='bbox 1980 2953 2171 3005; x_wconf 90' lang='lat' dir='ltr'><strong>torum</strong></span> <span class='ocrx_word' id='word_1_642' title='bbox 2194 2953 2354 3004; x_wconf 88' lang='lat' dir='ltr'><strong>actus</strong></span> <span class='ocrx_word' id='word_1_643' title='bbox 2382 2945 2679 3003; x_wconf 81' lang='lat' dir='ltr'><strong>voluntatis</strong></span> <span class='ocrx_word' id='word_1_644' title='bbox 2702 2942 3041 3015; x_wconf 86' lang='lat' dir='ltr'><strong>acceptantis</strong></span> <span class='ocrx_word' id='word_1_645' title='bbox 3062 2939 3258 3013; x_wconf 82' lang='lat' dir='ltr'><strong>legem3</strong></span> <span class='ocrx_word' id='word_1_646' title='bbox 3278 2937 3370 2995; x_wconf 88' lang='lat' dir='ltr'><strong>sed</strong></span> <span class='ocrx_word' id='word_1_647' title='bbox 3392 2937 3459 2994; x_wconf 92' lang='lat' dir='ltr'><strong>de</strong></span> <span class='ocrx_word' id='word_1_648' title='bbox 3480 2938 3585 2995; x_wconf 86' lang='lat' dir='ltr'><strong>hac</strong></span> 
     </span>
     <span class='ocr_line' id='line_1_85' title="bbox 1982 3027 3579 3105; baseline -0.004 -13"><span class='ocrx_word' id='word_1_649' title='bbox 1982 3051 2043 3092; x_wconf 89' lang='lat' dir='ltr'><strong>re</strong></span> <span class='ocrx_word' id='word_1_650' title='bbox 2070 3034 2368 3092; x_wconf 90' lang='lat' dir='ltr'><strong>dicendum</strong></span> <span class='ocrx_word' id='word_1_651' title='bbox 2407 3040 2491 3091; x_wconf 92' lang='lat' dir='ltr'><strong>est</strong></span> <span class='ocrx_word' id='word_1_652' title='bbox 2532 3035 2685 3090; x_wconf 91' lang='lat' dir='ltr'><strong>circa</strong></span> <span class='ocrx_word' id='word_1_653' title='bbox 2723 3033 2870 3105; x_wconf 80' lang='lat' dir='ltr'><strong>leges</strong></span> <span class='ocrx_word' id='word_1_654' title='bbox 2914 3031 3217 3100; x_wconf 90' lang='lat' dir='ltr'><strong>humanas,</strong></span> <span class='ocrx_word' id='word_1_655' title='bbox 3248 3027 3447 3101; x_wconf 82' lang='lat' dir='ltr'><strong>q&#39;uibus</strong></span> <span class='ocrx_word' id='word_1_656' title='bbox 3475 3027 3579 3085; x_wconf 87' lang='lat' dir='ltr'><strong>hoc</strong></span> 
     </span>
     <span class='ocr_line' id='line_1_86' title="bbox 1981 3115 3585 3199; baseline -0.006 -18"><span class='ocrx_word' id='word_1_657' title='bbox 1981 3129 2267 3199; x_wconf 88' lang='lat' dir='ltr'><strong>proprium</strong></span> <span class='ocrx_word' id='word_1_658' title='bbox 2296 3131 2399 3182; x_wconf 89' lang='lat' dir='ltr'><strong>est.</strong></span> <span class='ocrx_word' id='word_1_659' title='bbox 2429 3127 2587 3182; x_wconf 90' lang='lat' dir='ltr'><strong>Nunc</strong></span> <span class='ocrx_word' id='word_1_660' title='bbox 2617 3128 2832 3179; x_wconf 89' lang='lat' dir='ltr'><strong>eertum</strong></span> <span class='ocrx_word' id='word_1_661' title='bbox 2857 3121 2958 3187; x_wconf 88' lang='lat' dir='ltr'><strong>sit,</strong></span> <span class='ocrx_word' id='word_1_662' title='bbox 2991 3118 3096 3175; x_wconf 87' lang='lat' dir='ltr'><strong>hoc</strong></span> <span class='ocrx_word' id='word_1_663' title='bbox 3136 3134 3244 3176; x_wconf 90' lang='lat' dir='ltr'><strong>non</strong></span> <span class='ocrx_word' id='word_1_664' title='bbox 3284 3117 3483 3190; x_wconf 89' lang='lat' dir='ltr'><strong>requiri</strong></span> <span class='ocrx_word' id='word_1_665' title='bbox 3516 3115 3585 3173; x_wconf 89' lang='lat' dir='ltr'><strong>ad</strong></span> 
     </span>
     <span class='ocr_line' id='line_1_87' title="bbox 1979 3204 3585 3286; baseline -0.005 -16"><span class='ocrx_word' id='word_1_666' title='bbox 1979 3213 2247 3270; x_wconf 89' lang='lat' dir='ltr'><strong>rationem</strong></span> <span class='ocrx_word' id='word_1_667' title='bbox 2275 3213 2441 3286; x_wconf 85' lang='lat' dir='ltr'><strong>legis,</strong></span> <span class='ocrx_word' id='word_1_668' title='bbox 2475 3218 2539 3270; x_wconf 91' lang='lat' dir='ltr'><strong>ut</strong></span> <span class='ocrx_word' id='word_1_669' title='bbox 2576 3212 2688 3283; x_wconf 90' lang='lat' dir='ltr'><strong>sic,</strong></span> <span class='ocrx_word' id='word_1_670' title='bbox 2720 3225 2899 3283; x_wconf 89' lang='lat' dir='ltr'><strong>neque</strong></span> <span class='ocrx_word' id='word_1_671' title='bbox 2928 3209 3157 3264; x_wconf 78' lang='lat' dir='ltr'><strong>sortasse</strong></span> <span class='ocrx_word' id='word_1_672' title='bbox 3200 3204 3269 3262; x_wconf 90' lang='lat' dir='ltr'><strong>ad</strong></span> <span class='ocrx_word' id='word_1_673' title='bbox 3316 3205 3479 3263; x_wconf 86' lang='lat' dir='ltr'><strong>ullam</strong></span> <span class='ocrx_word' id='word_1_674' title='bbox 3507 3206 3585 3262; x_wconf 90' lang='lat' dir='ltr'><strong>le-</strong></span> 
     </span>
     <span class='ocr_line' id='line_1_88' title="bbox 1982 3293 3578 3375; baseline -0.006 -16"><span class='ocrx_word' id='word_1_675' title='bbox 1982 3317 2130 3375; x_wconf 81' lang='lat' dir='ltr'><strong>gem,</strong></span> <span class='ocrx_word' id='word_1_676' title='bbox 2162 3301 2267 3358; x_wconf 87' lang='lat' dir='ltr'><strong>nisi</strong></span> <span class='ocrx_word' id='word_1_677' title='bbox 2294 3317 2362 3358; x_wconf 82' lang='lat' dir='ltr'><strong>ex</strong></span> <span class='ocrx_word' id='word_1_678' title='bbox 2390 3300 2609 3358; x_wconf 81' lang='lat' dir='ltr'><strong>delectu</strong></span> <span class='ocrx_word' id='word_1_679' title='bbox 2638 3299 2925 3371; x_wconf 90' lang='lat' dir='ltr'><strong>potestatis</strong></span> <span class='ocrx_word' id='word_1_680' title='bbox 2948 3297 2999 3353; x_wconf 92' lang='lat' dir='ltr'><strong>in</strong></span> <span class='ocrx_word' id='word_1_681' title='bbox 3021 3293 3346 3370; x_wconf 86' lang='lat' dir='ltr'><strong>legislatore.</strong></span> <span class='ocrx_word' id='word_1_682' title='bbox 3372 3297 3448 3350; x_wconf 88' lang='lat' dir='ltr'><strong>De</strong></span> <span class='ocrx_word' id='word_1_683' title='bbox 3471 3293 3578 3350; x_wconf 87' lang='lat' dir='ltr'><strong>hoe</strong></span> 
     </span>
     <span class='ocr_line' id='line_1_89' title="bbox 1977 3381 3580 3465; baseline -0.007 -16"><span class='ocrx_word' id='word_1_684' title='bbox 1977 3407 2112 3465; x_wconf 92' lang='lat' dir='ltr'><strong>ergo</strong></span> <span class='ocrx_word' id='word_1_685' title='bbox 2142 3397 2292 3448; x_wconf 89' lang='lat' dir='ltr'><strong>statu</strong></span> <span class='ocrx_word' id='word_1_686' title='bbox 2322 3389 2457 3463; x_wconf 88' lang='lat' dir='ltr'><strong>legis</strong></span> <span class='ocrx_word' id='word_1_687' title='bbox 2486 3387 2616 3445; x_wconf 89' lang='lat' dir='ltr'><strong>nihil</strong></span> <span class='ocrx_word' id='word_1_688' title='bbox 2644 3387 2879 3459; x_wconf 87' lang='lat' dir='ltr'><strong>amplius</strong></span> <span class='ocrx_word' id='word_1_689' title='bbox 2906 3385 2959 3441; x_wconf 91' lang='lat' dir='ltr'><strong>in</strong></span> <span class='ocrx_word' id='word_1_690' title='bbox 2980 3384 3255 3441; x_wconf 85' lang='lat' dir='ltr'><strong>communi</strong></span> <span class='ocrx_word' id='word_1_691' title='bbox 3276 3381 3461 3439; x_wconf 87' lang='lat' dir='ltr'><strong>dicere</strong></span> <span class='ocrx_word' id='word_1_692' title='bbox 3484 3399 3580 3439; x_wconf 89' lang='lat' dir='ltr'><strong>ne-</strong></span> 
     </span>
     <span class='ocr_line' id='line_1_90' title="bbox 1976 3471 3577 3548; baseline -0.007 -10"><span class='ocrx_word' id='word_1_693' title='bbox 1976 3496 2132 3538; x_wconf 88' lang='lat' dir='ltr'><strong>cesse</strong></span> <span class='ocrx_word' id='word_1_694' title='bbox 2168 3487 2272 3537; x_wconf 89' lang='lat' dir='ltr'><strong>est.</strong></span> <span class='ocrx_word' id='word_1_695' title='bbox 2315 3478 2612 3536; x_wconf 89' lang='lat' dir='ltr'><strong>Peculiaris</strong></span> <span class='ocrx_word' id='word_1_696' title='bbox 2648 3473 3159 3548; x_wconf 83' lang='lat' dir='ltr'><strong>enimdifficultas,</strong></span> <span class='ocrx_word' id='word_1_697' title='bbox 3194 3487 3338 3546; x_wconf 87' lang='lat' dir='ltr'><strong>quae</strong></span> <span class='ocrx_word' id='word_1_698' title='bbox 3375 3471 3577 3530; x_wconf 79' lang='lat' dir='ltr'><strong>inhoc</strong></span> 
     </span>
     <span class='ocr_line' id='line_1_91' title="bbox 1978 3561 3575 3642; baseline -0.006 -15"><span class='ocrx_word' id='word_1_699' title='bbox 1978 3575 2151 3642; x_wconf 91' lang='lat' dir='ltr'><strong>potest</strong></span> <span class='ocrx_word' id='word_1_700' title='bbox 2183 3583 2481 3626; x_wconf 89' lang='lat' dir='ltr'><strong>occurrere</strong></span> <span class='ocrx_word' id='word_1_701' title='bbox 2509 3567 2662 3623; x_wconf 84' lang='lat' dir='ltr'><strong>eirca</strong></span> <span class='ocrx_word' id='word_1_702' title='bbox 2682 3565 2855 3638; x_wconf 85' lang='lat' dir='ltr'><strong>legem</strong></span> <span class='ocrx_word' id='word_1_703' title='bbox 2882 3562 3212 3634; x_wconf 83' lang='lat' dir='ltr'><strong>naturalem,</strong></span> <span class='ocrx_word' id='word_1_704' title='bbox 3243 3563 3293 3618; x_wconf 89' lang='lat' dir='ltr'><strong>in</strong></span> <span class='ocrx_word' id='word_1_705' title='bbox 3323 3561 3459 3618; x_wconf 90' lang='lat' dir='ltr'><strong>libro</strong></span> <span class='ocrx_word' id='word_1_706' title='bbox 3488 3576 3575 3618; x_wconf 88' lang='lat' dir='ltr'><strong>se-</strong></span> 
     </span>
     <span class='ocr_line' id='line_1_92' title="bbox 1977 3653 2771 3732; baseline -0.005 -18"><span class='ocrx_word' id='word_1_707' title='bbox 1977 3657 2169 3732; x_wconf 90' lang='lat' dir='ltr'><strong>quenti</strong></span> <span class='ocrx_word' id='word_1_708' title='bbox 2196 3657 2392 3714; x_wconf 87' lang='lat' dir='ltr'><strong>melius</strong></span> <span class='ocrx_word' id='word_1_709' title='bbox 2424 3653 2771 3713; x_wconf 88' lang='lat' dir='ltr'><strong>tractabitur.</strong></span> 
     </span>
    </p>

    <p class='ocr_par' dir='ltr' id='par_1_8' title="bbox 1974 3740 3587 4974">
     <span class='ocr_line' id='line_1_93' title="bbox 2055 3740 3575 3818; baseline -0.004 -14"><span class='ocrx_word' id='word_1_710' title='bbox 2055 3750 2110 3804; x_wconf 81' lang='lat'><strong>6.</strong></span> <span class='ocrx_word' id='word_1_711' title='bbox 2142 3747 2407 3818; x_wconf 88' lang='lat' dir='ltr'><strong>Superest</strong></span> <span class='ocrx_word' id='word_1_712' title='bbox 2430 3761 2563 3818; x_wconf 85' lang='lat' dir='ltr'><strong>ergo</strong></span> <span class='ocrx_word' id='word_1_713' title='bbox 2592 3743 2837 3818; x_wconf 88' lang='lat' dir='ltr'><strong>quaestio</strong></span> <span class='ocrx_word' id='word_1_714' title='bbox 2857 3740 2926 3799; x_wconf 91' lang='lat' dir='ltr'><strong>de</strong></span> <span class='ocrx_word' id='word_1_715' title='bbox 2950 3741 3091 3815; x_wconf 80' lang='lat' dir='ltr'><strong>lege,</strong></span> <span class='ocrx_word' id='word_1_716' title='bbox 3114 3747 3391 3814; x_wconf 83' lang='lat' dir='ltr'><strong>quatenus</strong></span> <span class='ocrx_word' id='word_1_717' title='bbox 3417 3741 3575 3798; x_wconf 88' lang='lat' dir='ltr'><strong>estin</strong></span> 
     </span>
     <span class='ocr_line' id='line_1_94' title="bbox 1976 3828 3585 3910; baseline -0.001 -21"><span class='ocrx_word' id='word_1_718' title='bbox 1976 3835 2095 3906; x_wconf 88' lang='lat' dir='ltr'><strong>ipso</strong></span> <span class='ocrx_word' id='word_1_719' title='bbox 2126 3834 2457 3910; x_wconf 88' lang='lat' dir='ltr'><strong>legislatore.</strong></span> <span class='ocrx_word' id='word_1_720' title='bbox 2488 3836 2548 3892; x_wconf 91' lang='lat' dir='ltr'><strong>ln</strong></span> <span class='ocrx_word' id='word_1_721' title='bbox 2576 3837 2688 3906; x_wconf 86' lang='lat' dir='ltr'><strong>quo</strong></span> <span class='ocrx_word' id='word_1_722' title='bbox 2715 3839 2931 3890; x_wconf 89' lang='lat' dir='ltr'><strong>eertum</strong></span> <span class='ocrx_word' id='word_1_723' title='bbox 2960 3831 3012 3887; x_wconf 90' lang='lat' dir='ltr'><strong>in</strong></span> <span class='ocrx_word' id='word_1_724' title='bbox 3041 3831 3225 3902; x_wconf 86' lang='lat' dir='ltr'><strong>primis</strong></span> <span class='ocrx_word' id='word_1_725' title='bbox 3250 3836 3369 3901; x_wconf 90' lang='lat' dir='ltr'><strong>est,</strong></span> <span class='ocrx_word' id='word_1_726' title='bbox 3401 3828 3469 3886; x_wconf 88' lang='lat' dir='ltr'><strong>ad</strong></span> <span class='ocrx_word' id='word_1_727' title='bbox 3503 3829 3585 3887; x_wconf 86' lang='lat' dir='ltr'><strong>t&#39;e-</strong></span> 
     </span>
     <span class='ocr_line' id='line_1_95' title="bbox 1977 3918 3581 3998; baseline -0.002 -18"><span class='ocrx_word' id='word_1_728' title='bbox 1977 3923 2205 3981; x_wconf 90' lang='lat' dir='ltr'><strong>rendam</strong></span> <span class='ocrx_word' id='word_1_729' title='bbox 2227 3924 2401 3998; x_wconf 85' lang='lat' dir='ltr'><strong>legem</strong></span> <span class='ocrx_word' id='word_1_730' title='bbox 2425 3923 2759 3981; x_wconf 88' lang='lat' dir='ltr'><strong>intellectum</strong></span> <span class='ocrx_word' id='word_1_731' title='bbox 2781 3928 2838 3979; x_wconf 92' lang='lat' dir='ltr'><strong>et</strong></span> <span class='ocrx_word' id='word_1_732' title='bbox 2859 3919 3197 3978; x_wconf 84' lang='lat' dir='ltr'><strong>voluntatem</strong></span> <span class='ocrx_word' id='word_1_733' title='bbox 3234 3918 3581 3978; x_wconf 86' lang='lat' dir='ltr'><strong>intervenire.</strong></span> 
     </span>
     <span class='ocr_line' id='line_1_96' title="bbox 1975 4007 3580 4086; baseline -0.004 -15"><span class='ocrx_word' id='word_1_734' title='bbox 1975 4013 2375 4086; x_wconf 82' lang='lat' dir='ltr'><strong>Explicandum</strong></span> <span class='ocrx_word' id='word_1_735' title='bbox 2399 4027 2532 4070; x_wconf 86' lang='lat' dir='ltr'><strong>vero</strong></span> <span class='ocrx_word' id='word_1_736' title='bbox 2554 4019 2661 4085; x_wconf 88' lang='lat' dir='ltr'><strong>est,</strong></span> <span class='ocrx_word' id='word_1_737' title='bbox 2680 4027 2820 4084; x_wconf 91' lang='lat' dir='ltr'><strong>quos</strong></span> <span class='ocrx_word' id='word_1_738' title='bbox 2841 4016 3000 4068; x_wconf 88' lang='lat' dir='ltr'><strong>actus</strong></span> <span class='ocrx_word' id='word_1_739' title='bbox 3023 4011 3174 4066; x_wconf 89' lang='lat' dir='ltr'><strong>circa</strong></span> <span class='ocrx_word' id='word_1_740' title='bbox 3193 4008 3343 4066; x_wconf 87' lang='lat' dir='ltr'><strong>illam</strong></span> <span class='ocrx_word' id='word_1_741' title='bbox 3370 4007 3580 4068; x_wconf 87' lang='lat' dir='ltr'><strong>habeat.</strong></span> 
     </span>
     <span class='ocr_line' id='line_1_97' title="bbox 1976 4097 3582 4178; baseline -0.006 -17"><span class='ocrx_word' id='word_1_742' title='bbox 1976 4105 2046 4161; x_wconf 90' lang='lat' dir='ltr'><strong>Et</strong></span> <span class='ocrx_word' id='word_1_743' title='bbox 2072 4105 2123 4160; x_wconf 91' lang='lat' dir='ltr'><strong>in</strong></span> <span class='ocrx_word' id='word_1_744' title='bbox 2149 4105 2337 4176; x_wconf 91' lang='lat' dir='ltr'><strong>primis</strong></span> <span class='ocrx_word' id='word_1_745' title='bbox 2368 4105 2498 4178; x_wconf 88' lang='lat' dir='ltr'><strong>quia</strong></span> <span class='ocrx_word' id='word_1_746' title='bbox 2536 4103 2621 4159; x_wconf 86' lang='lat' dir='ltr'><strong>lex</strong></span> <span class='ocrx_word' id='word_1_747' title='bbox 2642 4143 2657 4170; x_wconf 92' lang='lat'><strong>,</strong></span> <span class='ocrx_word' id='word_1_748' title='bbox 2686 4107 2958 4174; x_wconf 90' lang='lat' dir='ltr'><strong>quatenus</strong></span> <span class='ocrx_word' id='word_1_749' title='bbox 2994 4097 3239 4155; x_wconf 82' lang='lat' dir='ltr'><strong>exterius</strong></span> <span class='ocrx_word' id='word_1_750' title='bbox 3277 4099 3582 4169; x_wconf 90' lang='lat' dir='ltr'><strong>imponitur</strong></span> 
     </span>
     <span class='ocr_line' id='line_1_98' title="bbox 1975 4185 3585 4265; baseline -0.004 -17"><span class='ocrx_word' id='word_1_751' title='bbox 1975 4192 2231 4265; x_wconf 87' lang='lat' dir='ltr'><strong>subditis,</strong></span> <span class='ocrx_word' id='word_1_752' title='bbox 2262 4191 2505 4250; x_wconf 87' lang='lat' dir='ltr'><strong>medium</strong></span> <span class='ocrx_word' id='word_1_753' title='bbox 2535 4187 2809 4263; x_wconf 90' lang='lat' dir='ltr'><strong>quoddam</strong></span> <span class='ocrx_word' id='word_1_754' title='bbox 2839 4195 2927 4246; x_wconf 87' lang='lat' dir='ltr'><strong>est</strong></span> <span class='ocrx_word' id='word_1_755' title='bbox 2953 4185 3023 4244; x_wconf 89' lang='lat' dir='ltr'><strong>ad</strong></span> <span class='ocrx_word' id='word_1_756' title='bbox 3051 4187 3255 4243; x_wconf 90' lang='lat' dir='ltr'><strong>bonum</strong></span> <span class='ocrx_word' id='word_1_757' title='bbox 3275 4201 3492 4255; x_wconf 89' lang='lat' dir='ltr'><strong>eorum,</strong></span> <span class='ocrx_word' id='word_1_758' title='bbox 3528 4192 3585 4242; x_wconf 90' lang='lat' dir='ltr'><strong>et</strong></span> 
     </span>
     <span class='ocr_line' id='line_1_99' title="bbox 1975 4273 3583 4354; baseline -0.006 -15"><span class='ocrx_word' id='word_1_759' title='bbox 1975 4281 2043 4339; x_wconf 90' lang='lat' dir='ltr'><strong>ad</strong></span> <span class='ocrx_word' id='word_1_760' title='bbox 2065 4296 2259 4354; x_wconf 90' lang='lat' dir='ltr'><strong>pacem</strong></span> <span class='ocrx_word' id='word_1_761' title='bbox 2281 4297 2378 4338; x_wconf 90' lang='lat' dir='ltr'><strong>seu</strong></span> <span class='ocrx_word' id='word_1_762' title='bbox 2404 4279 2717 4337; x_wconf 80' lang='lat' dir='ltr'><strong>felicitatem</strong></span> <span class='ocrx_word' id='word_1_763' title='bbox 2738 4275 3183 4348; x_wconf 89' lang='lat' dir='ltr'><strong>comparandam,</strong></span> <span class='ocrx_word' id='word_1_764' title='bbox 3199 4274 3320 4333; x_wconf 90' lang='lat' dir='ltr'><strong>ideo</strong></span> <span class='ocrx_word' id='word_1_765' title='bbox 3348 4273 3583 4345; x_wconf 89' lang='lat' dir='ltr'><strong>primum</strong></span> 
     </span>
     <span class='ocr_line' id='line_1_100' title="bbox 1975 4361 3584 4442; baseline -0.007 -15"><span class='ocrx_word' id='word_1_766' title='bbox 1975 4372 2221 4427; x_wconf 90' lang='lat' dir='ltr'><strong>omnium</strong></span> <span class='ocrx_word' id='word_1_767' title='bbox 2246 4369 2467 4442; x_wconf 88' lang='lat' dir='ltr'><strong>intelligi</strong></span> <span class='ocrx_word' id='word_1_768' title='bbox 2490 4373 2670 4440; x_wconf 89' lang='lat' dir='ltr'><strong>potest</strong></span> <span class='ocrx_word' id='word_1_769' title='bbox 2688 4369 2741 4422; x_wconf 92' lang='lat' dir='ltr'><strong>in</strong></span> <span class='ocrx_word' id='word_1_770' title='bbox 2764 4365 3042 4422; x_wconf 85' lang='lat' dir='ltr'><strong>voluntate</strong></span> <span class='ocrx_word' id='word_1_771' title='bbox 3056 4361 3382 4436; x_wconf 83' lang='lat' dir='ltr'><strong>legislatoris</strong></span> <span class='ocrx_word' id='word_1_772' title='bbox 3406 4363 3584 4417; x_wconf 84' lang='lat' dir='ltr'><strong>inten-</strong></span> 
     </span>
     <span class='ocr_line' id='line_1_101' title="bbox 1974 4449 3580 4528; baseline -0.007 -12"><span class='ocrx_word' id='word_1_773' title='bbox 1974 4461 2050 4516; x_wconf 89' lang='lat' dir='ltr'><strong>tio</strong></span> <span class='ocrx_word' id='word_1_774' title='bbox 2078 4459 2202 4514; x_wconf 89' lang='lat' dir='ltr'><strong>boni</strong></span> <span class='ocrx_word' id='word_1_775' title='bbox 2224 4456 2555 4528; x_wconf 90' lang='lat' dir='ltr'><strong>communis,</strong></span> <span class='ocrx_word' id='word_1_776' title='bbox 2581 4471 2679 4513; x_wconf 91' lang='lat' dir='ltr'><strong>seu</strong></span> <span class='ocrx_word' id='word_1_777' title='bbox 2701 4454 2836 4511; x_wconf 91' lang='lat' dir='ltr'><strong>bene</strong></span> <span class='ocrx_word' id='word_1_778' title='bbox 2856 4450 3193 4526; x_wconf 82' lang='lat' dir='ltr'><strong>gubernandi</strong></span> <span class='ocrx_word' id='word_1_779' title='bbox 3216 4449 3487 4517; x_wconf 87' lang='lat' dir='ltr'><strong>subditos,</strong></span> <span class='ocrx_word' id='word_1_780' title='bbox 3514 4465 3580 4506; x_wconf 84' lang='lat' dir='ltr'><strong>ex</strong></span> 
     </span>
     <span class='ocr_line' id='line_1_102' title="bbox 1975 4537 3583 4620; baseline -0.006 -17"><span class='ocrx_word' id='word_1_781' title='bbox 1975 4561 2083 4620; x_wconf 86' lang='lat' dir='ltr'><strong>qua</strong></span> <span class='ocrx_word' id='word_1_782' title='bbox 2113 4547 2295 4604; x_wconf 83' lang='lat' dir='ltr'><strong>statim</strong></span> <span class='ocrx_word' id='word_1_783' title='bbox 2326 4545 2574 4618; x_wconf 90' lang='lat' dir='ltr'><strong>sequitur</strong></span> <span class='ocrx_word' id='word_1_784' title='bbox 2612 4543 2664 4599; x_wconf 91' lang='lat' dir='ltr'><strong>in</strong></span> <span class='ocrx_word' id='word_1_785' title='bbox 2696 4542 2983 4600; x_wconf 89' lang='lat' dir='ltr'><strong>intellectu</strong></span> <span class='ocrx_word' id='word_1_786' title='bbox 3012 4539 3342 4599; x_wconf 88' lang='lat' dir='ltr'><strong>consultatio</strong></span> <span class='ocrx_word' id='word_1_787' title='bbox 3370 4538 3437 4595; x_wconf 93' lang='lat' dir='ltr'><strong>de</strong></span> <span class='ocrx_word' id='word_1_788' title='bbox 3477 4537 3583 4594; x_wconf 89' lang='lat' dir='ltr'><strong>hac</strong></span> 
     </span>
     <span class='ocr_line' id='line_1_103' title="bbox 1975 4625 3583 4709; baseline -0.006 -17"><span class='ocrx_word' id='word_1_789' title='bbox 1975 4635 2058 4692; x_wconf 79' lang='lat' dir='ltr'><strong>vel</strong></span> <span class='ocrx_word' id='word_1_790' title='bbox 2082 4635 2170 4692; x_wconf 89' lang='lat' dir='ltr'><strong>illa</strong></span> <span class='ocrx_word' id='word_1_791' title='bbox 2194 4635 2332 4709; x_wconf 82' lang='lat' dir='ltr'><strong>lege,</strong></span> <span class='ocrx_word' id='word_1_792' title='bbox 2345 4649 2488 4706; x_wconf 87' lang='lat' dir='ltr'><strong>quae</strong></span> <span class='ocrx_word' id='word_1_793' title='bbox 2511 4634 2581 4690; x_wconf 91' lang='lat' dir='ltr'><strong>sit</strong></span> <span class='ocrx_word' id='word_1_794' title='bbox 2594 4633 2761 4702; x_wconf 88' lang='lat' dir='ltr'><strong>iusta,</strong></span> <span class='ocrx_word' id='word_1_795' title='bbox 2775 4631 2861 4688; x_wconf 87' lang='lat' dir='ltr'><strong>vel</strong></span> <span class='ocrx_word' id='word_1_796' title='bbox 2875 4629 3204 4688; x_wconf 87' lang='lat' dir='ltr'><strong>conveniens</strong></span> <span class='ocrx_word' id='word_1_797' title='bbox 3228 4625 3583 4699; x_wconf 77' lang='lat' dir='ltr'><strong>reipublicae3</strong></span> 
     </span>
     <span class='ocr_line' id='line_1_104' title="bbox 1975 4716 3584 4798; baseline -0.006 -17"><span class='ocrx_word' id='word_1_798' title='bbox 1975 4739 2116 4798; x_wconf 86' lang='lat' dir='ltr'><strong>quae</strong></span> <span class='ocrx_word' id='word_1_799' title='bbox 2143 4722 2256 4779; x_wconf 90' lang='lat' dir='ltr'><strong>duo</strong></span> <span class='ocrx_word' id='word_1_800' title='bbox 2284 4724 2338 4778; x_wconf 90' lang='lat' dir='ltr'><strong>in</strong></span> <span class='ocrx_word' id='word_1_801' title='bbox 2380 4721 2598 4778; x_wconf 89' lang='lat' dir='ltr'><strong>homine</strong></span> <span class='ocrx_word' id='word_1_802' title='bbox 2640 4718 3021 4793; x_wconf 82' lang='lat' dir='ltr'><strong>intelliguntur</strong></span> <span class='ocrx_word' id='word_1_803' title='bbox 3062 4733 3193 4774; x_wconf 87' lang='lat' dir='ltr'><strong>cum</strong></span> <span class='ocrx_word' id='word_1_804' title='bbox 3230 4716 3584 4772; x_wconf 86' lang='lat' dir='ltr'><strong>successione</strong></span> 
     </span>
     <span class='ocr_line' id='line_1_105' title="bbox 1976 4803 3580 4881; baseline -0.004 -11"><span class='ocrx_word' id='word_1_805' title='bbox 1976 4821 2034 4870; x_wconf 91' lang='lat' dir='ltr'><strong>et</strong></span> <span class='ocrx_word' id='word_1_806' title='bbox 2060 4811 2344 4881; x_wconf 88' lang='lat' dir='ltr'><strong>discursu,</strong></span> <span class='ocrx_word' id='word_1_807' title='bbox 2367 4811 2420 4866; x_wconf 89' lang='lat' dir='ltr'><strong>in</strong></span> <span class='ocrx_word' id='word_1_808' title='bbox 2450 4812 2559 4866; x_wconf 88' lang='lat' dir='ltr'><strong>Deo</strong></span> <span class='ocrx_word' id='word_1_809' title='bbox 2587 4824 2718 4866; x_wconf 79' lang='lat' dir='ltr'><strong>vero</strong></span> <span class='ocrx_word' id='word_1_810' title='bbox 2746 4810 2862 4864; x_wconf 88' lang='lat' dir='ltr'><strong>sine</strong></span> <span class='ocrx_word' id='word_1_811' title='bbox 2890 4805 3293 4879; x_wconf 77' lang='lat' dir='ltr'><strong>imperfectione</strong></span> <span class='ocrx_word' id='word_1_812' title='bbox 3322 4818 3418 4877; x_wconf 89' lang='lat' dir='ltr'><strong>per</strong></span> <span class='ocrx_word' id='word_1_813' title='bbox 3450 4803 3580 4863; x_wconf 91' lang='lat' dir='ltr'><strong>sim-</strong></span> 
     </span>
     <span class='ocr_line' id='line_1_106' title="bbox 1977 4897 3587 4974; baseline -0.005 -17"><span class='ocrx_word' id='word_1_814' title='bbox 1977 4899 2183 4974; x_wconf 91' lang='lat' dir='ltr'><strong>plicem</strong></span> <span class='ocrx_word' id='word_1_815' title='bbox 2209 4905 2399 4956; x_wconf 90' lang='lat' dir='ltr'><strong>actum</strong></span> <span class='ocrx_word' id='word_1_816' title='bbox 2428 4914 2561 4956; x_wconf 89' lang='lat' dir='ltr'><strong>cum</strong></span> <span class='ocrx_word' id='word_1_817' title='bbox 2590 4897 2777 4955; x_wconf 89' lang='lat' dir='ltr'><strong>ordine</strong></span> <span class='ocrx_word' id='word_1_818' title='bbox 2806 4897 3048 4955; x_wconf 87' lang='lat' dir='ltr'><strong>rationis.</strong></span> <span class='ocrx_word' id='word_1_819' title='bbox 3072 4897 3137 4952; x_wconf 84' lang='lat' dir='ltr'><strong>Hi</strong></span> <span class='ocrx_word' id='word_1_820' title='bbox 3161 4910 3292 4951; x_wconf 87' lang='lat' dir='ltr'><strong>vero</strong></span> <span class='ocrx_word' id='word_1_821' title='bbox 3312 4900 3473 4950; x_wconf 86' lang='lat' dir='ltr'><strong>actus</strong></span> <span class='ocrx_word' id='word_1_822' title='bbox 3502 4909 3587 4950; x_wconf 90' lang='lat' dir='ltr'><strong>re-</strong></span> 
     </span>
    </p>
   </div>
   <div class='ocr_carea' id='block_1_5' title="bbox 1965 4982 3585 5058">
    <p class='ocr_par' dir='ltr' id='par_1_9' title="bbox 1965 4982 3585 5058">
     <span class='ocr_line' id='line_1_107' title="bbox 1965 4982 3585 5058; baseline -0.006 -12"><span class='ocrx_word' id='word_1_823' title='bbox 1965 4995 2124 5046; x_wconf 90' lang='lat' dir='ltr'><strong>·mote</strong></span> <span class='ocrx_word' id='word_1_824' title='bbox 2152 4993 2499 5045; x_wconf 88' lang='lat' dir='ltr'><strong>concurrunt</strong></span> <span class='ocrx_word' id='word_1_825' title='bbox 2522 4985 2592 5044; x_wconf 88' lang='lat' dir='ltr'><strong>ad</strong></span> <span class='ocrx_word' id='word_1_826' title='bbox 2616 4985 2893 5043; x_wconf 80' lang='lat' dir='ltr'><strong>serendam</strong></span> <span class='ocrx_word' id='word_1_827' title='bbox 2920 4985 3117 5058; x_wconf 83' lang='lat' dir='ltr'><strong>legem,</strong></span> <span class='ocrx_word' id='word_1_828' title='bbox 3139 4991 3195 5040; x_wconf 94' lang='lat' dir='ltr'><strong>et</strong></span> <span class='ocrx_word' id='word_1_829' title='bbox 3216 4983 3335 5039; x_wconf 92' lang='lat' dir='ltr'><strong>ideo</strong></span> <span class='ocrx_word' id='word_1_830' title='bbox 3368 4982 3585 5038; x_wconf 88' lang='lat' dir='ltr'><strong>clarum</strong></span> 
     </span>
    </p>
   </div>
   <div class='ocr_carea' id='block_1_6' title="bbox 1977 5069 3590 5327">
    <p class='ocr_par' dir='ltr' id='par_1_10' title="bbox 1977 5069 3590 5327">
     <span class='ocr_line' id='line_1_108' title="bbox 1977 5069 3582 5153; baseline -0.008 -16"><span class='ocrx_word' id='word_1_831' title='bbox 1977 5078 2229 5153; x_wconf 84' lang='lat' dir='ltr'><strong>videtur,</strong></span> <span class='ocrx_word' id='word_1_832' title='bbox 2259 5094 2369 5135; x_wconf 90' lang='lat' dir='ltr'><strong>non</strong></span> <span class='ocrx_word' id='word_1_833' title='bbox 2394 5090 2518 5136; x_wconf 85' lang='lat' dir='ltr'><strong>esse</strong></span> <span class='ocrx_word' id='word_1_834' title='bbox 2558 5077 2610 5133; x_wconf 88' lang='lat' dir='ltr'><strong>in</strong></span> <span class='ocrx_word' id='word_1_835' title='bbox 2648 5075 2729 5132; x_wconf 91' lang='lat' dir='ltr'><strong>eis</strong></span> <span class='ocrx_word' id='word_1_836' title='bbox 2767 5075 3001 5147; x_wconf 88' lang='lat' dir='ltr'><strong>positam</strong></span> <span class='ocrx_word' id='word_1_837' title='bbox 3028 5073 3390 5130; x_wconf 86' lang='lat' dir='ltr'><strong>substantiam</strong></span> <span class='ocrx_word' id='word_1_838' title='bbox 3425 5069 3582 5141; x_wconf 84' lang='lat' dir='ltr'><strong>legis.</strong></span> 
     </span>
     <span class='ocr_line' id='line_1_109' title="bbox 1978 5158 3590 5242; baseline -0.009 -15"><span class='ocrx_word' id='word_1_839' title='bbox 1978 5171 2106 5227; x_wconf 88' lang='lat' dir='ltr'><strong>Post</strong></span> <span class='ocrx_word' id='word_1_840' title='bbox 2131 5166 2253 5224; x_wconf 88' lang='lat' dir='ltr'><strong>illos</strong></span> <span class='ocrx_word' id='word_1_841' title='bbox 2278 5181 2411 5242; x_wconf 82' lang='lat' dir='ltr'><strong>ergo</strong></span> <span class='ocrx_word' id='word_1_842' title='bbox 2441 5180 2510 5222; x_wconf 83' lang='lat' dir='ltr'><strong>ex</strong></span> <span class='ocrx_word' id='word_1_843' title='bbox 2546 5170 2699 5238; x_wconf 89' lang='lat' dir='ltr'><strong>parte</strong></span> <span class='ocrx_word' id='word_1_844' title='bbox 2735 5163 3045 5220; x_wconf 88' lang='lat' dir='ltr'><strong>intellectus</strong></span> <span class='ocrx_word' id='word_1_845' title='bbox 3082 5159 3299 5219; x_wconf 88' lang='lat' dir='ltr'><strong>videtur</strong></span> <span class='ocrx_word' id='word_1_846' title='bbox 3340 5158 3590 5231; x_wconf 84' lang='lat' dir='ltr'><strong>proxime</strong></span> 
     </span>
     <span class='ocr_line' id='line_1_110' title="bbox 1981 5248 3590 5327; baseline -0.01 -9"><span class='ocrx_word' id='word_1_847' title='bbox 1981 5271 2321 5318; x_wconf 84' lang='lat' dir='ltr'><strong>concurrere</strong></span> <span class='ocrx_word' id='word_1_848' title='bbox 2350 5255 2612 5315; x_wconf 86' lang='lat' dir='ltr'><strong>iudicium</strong></span> <span class='ocrx_word' id='word_1_849' title='bbox 2639 5252 2803 5327; x_wconf 89' lang='lat' dir='ltr'><strong>illud,</strong></span> <span class='ocrx_word' id='word_1_850' title='bbox 2832 5268 2942 5327; x_wconf 88' lang='lat' dir='ltr'><strong>quo</strong></span> <span class='ocrx_word' id='word_1_851' title='bbox 2972 5250 3250 5326; x_wconf 85' lang='lat' dir='ltr'><strong>legislator</strong></span> <span class='ocrx_word' id='word_1_852' title='bbox 3276 5248 3501 5318; x_wconf 88' lang='lat' dir='ltr'><strong>statuit,</strong></span> <span class='ocrx_word' id='word_1_853' title='bbox 3532 5253 3590 5303; x_wconf 92' lang='lat' dir='ltr'><strong>et</strong></span> 
     </span>
    </p>
   </div>
  </div>
 </body>
</html>
