4325 6267
1712 343 1926 408 carn’r
1949 345 2118 394 xxv.

293 474 504 549 totalis,
539 478 653 534 sive
680 474 940 550 partialis.
973 476 1044 534 Et
1067 475 1123 533 in
1158 475 1279 549 lege
1305 471 1538 532 naturali
1565 471 1708 529 idem
1733 485 1892 542 repe-

293 568 439 625 ritur
456 607 473 639 ‚
511 583 639 625 nam
670 568 754 625 lex
780 582 888 625 non
919 565 1212 624 mentiendi
1239 581 1336 640 per
1363 580 1420 622 se
1447 561 1652 635 obligat
1679 567 1892 617 tantum

297 657 404 714 sub
432 658 626 716 veniali
657 658 822 732 culpa
847 701 863 726 ,
907 665 964 716 et
1002 657 1194 716 eodem
1235 655 1398 715 modo
1438 655 1638 728 obligat
1671 653 1754 710 lex
1784 668 1891 708 non

295 746 514 805 furandi
553 749 605 805 in
634 748 860 806 materia
891 747 1026 821 levi,
1057 747 1188 805 licet
1225 747 1279 804 in
1317 746 1486 820 priori
1524 743 1640 818 lege
1667 743 1894 801 materia

299 837 432 895 levis
470 846 529 896 et
553 839 742 896 totalis
769 840 873 911 sit3
907 839 959 895 in
988 841 1278 912 posteriori
1304 843 1486 896 autem
1512 834 1772 909 partialis.
1795 834 1894 891 So·

294 925 525 1002 lumque
562 935 648 986 est
673 928 974 986 differentia
994 971 1010 1000 ,
1035 927 1186 1002 quod
1211 929 1264 985 in
1291 926 1459 1000 priori
1487 927 1606 1000 lege
1635 923 1892 997 obligatio

295 1025 386 1075 est
410 1033 512 1090 per
549 1034 639 1091 se,
669 1025 728 1075 et
753 1034 818 1076 ex
847 1033 1046 1092 genere
1075 1018 1206 1092 legis
1231 1058 1247 1089 ,
1284 1019 1339 1073 in
1381 1015 1667 1090 posteriori
1707 1019 1894 1070 autem

297 1107 482 1165 solnm
517 1125 590 1167 ex
617 1108 919 1182 accidenti,
949 1108 1081 1166 etin
1109 1108 1206 1166 tali
1245 1106 1541 1164 individuo.
1587 1105 1735 1162 Idem
1763 1117 1894 1176 ergo

297 1211 434 1254 cum
469 1198 818 1271 proportione
845 1197 897 1254 in
926 1197 1048 1273 lege
1074 1196 1315 1255 humana
1355 1193 1756 1254 observandum
1785 1199 1890 1266 est.

377 1289 583 1346 Contra
622 1288 762 1346 hanc
787 1303 918 1345 vero
945 1289 1267 1345 sententiam
1295 1285 1480 1345 referri
1513 1290 1745 1361 possunt
1763 1283 1896 1342 varii

297 1385 584 1452 auctores,
625 1380 717 1453 qui
745 1379 1062 1452 frequenter
1087 1377 1300 1452 dicunt,
1324 1394 1388 1435 ex
1411 1377 1702 1435 intentione
1735 1376 1897 1451 legis·

299 1468 490 1525 latoris
531 1467 803 1542 pendere,
844 1469 973 1542 quid
1012 1476 1366 1543 praeceptum
1392 1469 1590 1544 obliget
1620 1467 1724 1526 sub
1753 1483 1920 1530 mor-.

301 1557 443 1631 tali,
484 1561 586 1617 etsi
625 1559 714 1616 illa
752 1562 964 1617 sciatur
999 1559 1292 1633 sufficere,
1337 1561 1466 1633 quia
1493 1558 1675 1617 exilia
1700 1555 1899 1631 pendet

304 1648 442 1723 legis
477 1650 578 1707 vis.
612 1647 695 1707 lta
723 1651 970 1709 sentiunt
995 1650 1186 1724 Angel.
1218 1650 1386 1707 verbo
1414 1648 1538 1716 lex,
1575 1667 1629 1706 n.
1658 1654 1712 1722 3,
1746 1648 1896 1727 Sylv.

303 1739 481 1796 verbo
500 1745 918 1816 praeceptum,
948 1757 1007 1815 q.
1039 1746 1104 1814 3,
1134 1741 1324 1799 Armil.
1368 1740 1535 1798 verbo
1574 1739 1699 1809 lex,
1746 1756 1802 1796 n.
1837 1743 1894 1814 4,

301 1835 364 1886 et
388 1830 563 1888 Caiet.
605 1830 774 1888 verbo
799 1833 1106 1905 praecepti
1129 1834 1554 1905 transqressio,
1585 1830 1680 1902 qui
1721 1827 1893 1902 addit,

304 1921 531 1978 inveniri
564 1920 838 1995 quaedam
875 1927 1172 1995 praecepta
1197 1921 1439 1980 hnmana
1477 1921 1766 1995 obligantis
1793 1921 1896 1979 sub

303 2011 539 2070 mortali.
583 2012 731 2070 Idem
762 2014 932 2070 sentit
956 2012 1210 2071 Corduba
1235 2012 1292 2070 d.
1333 2030 1390 2088 q.
1443 2018 1580 2087 188,
1611 2029 1666 2086 p.
1709 2013 1780 2084 2‘,
1809 2029 1899 2072 ra·

305 2102 442 2158 tion.
484 2107 503 2161 1
537 2144 552 2174 ‚
587 2106 655 2178 2,
685 2110 741 2160 et
767 2108 834 2176 3,
864 2109 918 2160 et
944 2103 1262 2175 confirmat,
1297 2111 1416 2162 tum
1447 2104 1574 2177 quia
1601 2103 1657 2160 in
1685 2102 1904 2178 rel-igio-

307 2191 471 2249 nibus
503 2199 786 2264 ponuntur
830 2199 1120 2267 praecepta
1156 2191 1485 2264 obedientiae
1510 2234 1526 2266 ,
1567 2199 1624 2250 et
1661 2192 1765 2249 sub
1806 2209 1898 2251 ex-

307 2285 801 2342 communicatione
835 2285 901 2343 de
925 2284 1091 2342 rebus
1120 2283 1354 2342 minimis
1381 2325 1396 2355 ‚
1436 2299 1580 2357 quae
1609 2299 1732 2340 vere
1761 2285 1896 2341 obli-

305 2379 468 2446 gant,
531 2375 658 2450 quia
704 2379 942 2447 potestas
991 2375 1292 2448 superioris
1338 2372 1576 2432 timenda
1621 2380 1743 2447 est,
1780 2381 1900 2432 tum

309 2463 558 2536 exemplo
601 2467 726 2536 Dei,
769 2467 864 2538 qui
906 2466 1021 2522 leve
1061 2469 1414 2538 praeceptum
1454 2465 1602 2522 Adae
1639 2464 1902 2538 imposuit

313 2555 417 2612 sub
449 2555 772 2630 obligatione
802 2557 1006 2614 aeterni
1039 2563 1246 2614 reatus.
1290 2555 1450 2614 Citari
1490 2552 1726 2629 denique
1765 2553 1904 2612 solet

312 2646 552 2719 Angelus
588 2647 641 2703 in
667 2646 912 2704 Moralib.
945 2663 1069 2720 cap.
1103 2651 1136 2706 9
1158 2690 1172 2718 ,
1204 2653 1259 2704 et
1293 2651 1390 2718 10,
1421 2646 1473 2701 in
1503 2645 1804 2718 principio,
1833 2661 1903 2702 ex

313 2753 428 2811 quo
458 2738 641 2795 solum
665 2738 846 2814 video,
877 2753 1038 2812 posse
1065 2737 1274 2808 induci,
1303 2735 1456 2811 quod
1482 2736 1536 2792 in
1563 2735 1618 2793 d.
1653 2751 1776 2809 cap.
1809 2739 1899 2810 10,

311 2829 364 2885 in
395 2829 573 2902 princ.
609 2829 830 2886 conclu.
865 2835 918 2888 5.
959 2829 1119 2903 dicit,
1163 2828 1476 2902 superiores
1514 2842 1677 2901 posse
1721 2826 1904 2900 prohi-

312 2918 442 2976 bere
469 2918 790 2976 dilectiones
819 2919 1073 2976 remissas
1099 2919 1346 2977 eiusdem
1367 2918 1562 2976 obiecti
1589 2917 1694 2975 sub
1715 2917 1904 2977 maiori

313 3008 676 3083 obligatione,
718 3025 884 3083 quam
911 3011 1172 3066 intensas.
1418 3060 1424 3068 .

391 3104 448 3158 2.
482 3100 586 3156 Sed
627 3099 975 3157 nihilominus
1014 3101 1249 3158 assertio
1286 3101 1459 3173 posita
1485 3099 1767 3156 verissima
1791 3104 1900 3172 est,

312 3196 370 3247 et
397 3191 704 3248 communis
725 3234 740 3264 ,
771 3190 1218 3264 sufficienterque
1256 3188 1652 3248 demonstrata.
1683 3191 1754 3248 Et
1794 3190 1905 3247 tor-

313 3287 460 3337 tasse
488 3280 622 3338 dicti
651 3282 1286 3339 auctores·contrarinm
1306 3297 1415 3338 non
1437 3287 1748 3350 senserunt3
1775 3295 1903 3337 nam

313 3373 676 3440 summistae,
719 3387 850 3429 cum
887 3359 1081 3428 dicunt
1118 3371 1466 3428 intentionem
1507 3369 1794 3442 sufficere,
1823 3372 1904 3426 in-

311 3459 586 3535 telligendi
615 3468 747 3518 sunt
773 3461 840 3518 de
869 3462 1160 3519 intentione
1190 3460 1488 3519 rationabili
1511 3468 1567 3518 et
1585 3460 1750 3532 iusta3
1777 3477 1903 3517 nam

311 3550 402 3608 illa
427 3552 536 3608 erit
560 3559 1006 3610 commensurata
1035 3554 1312 3627 materiae,
1341 3559 1398 3610 et
1423 3552 1542 3611 ideo
1573 3553 1616 3609 si
1641 3553 1809 3610 suerit
1836 3552 1905 3610 de

315 3641 640 3716 obligatione
681 3642 788 3700 sub
824 3640 1073 3715 mortali,
1118 3650 1388 3716 supponet
1425 3644 1707 3700 materiam
1742 3657 1907 3714 capa-

314 3746 438 3788 cem
471 3731 596 3790 talis
625 3731 989 3806 obligationis.
1019 3733 1093 3789 Et
1120 3733 1194 3789 ita
1216 3731 1432 3790 videtur
1456 3731 1783 3790 intellexisse
1805 3733 1908 3791 Co-

314 3837 462 3880 varr.
495 3823 549 3879 in
573 3838 690 3896 reg.
712 3828 1056 3898 peccatum,
1090 3827 1145 3881 2.
1178 3839 1233 3896 p.
1266 3819 1292 3888 ἕ
1325 3826 1356 3880 5
1387 3865 1402 3894 ,
1433 3839 1490 3880 ιι.
1521 3827 1577 3882 2.
1611 3824 1664 3880 in
1689 3823 1824 3895 fine,
1854 3829 1911 3881 et

313 3913 370 3970 in
397 3929 522 3986 cap.
561 3917 848 3990 Quamvis
866 3919 1139 3990 pactum,
1169 3919 1225 3973 2.
1260 3931 1316 3986 p.
1341 3911 1367 3981 i
1393 3919 1449 3986 2,
1472 3930 1528 3970 n.
1561 3917 1615 3973 1.
1641 3915 1727 3971 Sic
1749 3913 1909 3972 etiam

317 4003 622 4078 intelligunt
654 4006 1022 4062 communiter
1052 4003 1310 4062 doctores
1345 4001 1556 4062 dictum
1593 4003 1731 4062 illud
1769 4004 1904 4077 legis

325 4097 378 4164 1,
415 4095 472 4150 ff.
505 4094 572 4150 de
599 4095 823 4152 constit.
851 4097 1028 4167 princ.
1069 4094 1245 4172 Quod
1261 4097 1522 4170 principi
1543 4093 1797 4171 placuit,
1828 4094 1910 4152 le-

317 4186 410 4256 qis
435 4183 612 4241 habet
635 4187 920 4259 nigrorem,
958 4186 1146 4258 utique
1187 4183 1254 4241 de
1289 4184 1491 4258 placito
1521 4185 1827 4242 rationabili
1857 4191 1912 4242 et

321 4273 494 4331 iusto.
529 4274 684 4332 Addo
709 4276 905 4347 etiam,
937 4275 1276 4333 voluntatem
1305 4275 1630 4349 legislatoris
1659 4275 1907 4336 declara-

319 4369 434 4421 tam
469 4368 710 4439 graviter
736 4365 1006 4439 obligandi
1047 4381 1236 4424 secum
1274 4366 1466 4424 afferre
1506 4367 1909 4439 praesumptio-

325 4471 450 4512 nem
478 4463 535 4514 et
560 4457 716 4530 quasi
745 4454 1193 4531 declarationem,
1217 4456 1366 4530 quod
1394 4458 1615 4515 materia
1643 4459 1710 4514 sit
1736 4474 1908 4531 capax

323 4545 445 4603 talis
475 4546 836 4621 obligationis,
870 4554 926 4604 et
954 4545 1075 4604 ideo
1099 4547 1376 4604 moraliter
1399 4563 1465 4604 ac
1494 4546 1822 4621 regulariter
1843 4549 1913 4606 ti-

327 4635 579 4694 mendam
609 4652 763 4711 esse,
795 4643 857 4693 ut
884 4635 1018 4694 dixit
1043 4635 1318 4694 Corduba.
1342 4637 1584 4710 Denique
1607 4635 1768 4710 addo,
1795 4653 1914 4694 sae·

323 4743 391 4799 pe
423 4727 722 4800 materiam,
737 4741 880 4801 quae
899 4727 1044 4785 nude
1067 4732 1315 4800 spectata
1337 4726 1466 4784 levis
1490 4732 1732 4801 apparet,
1751 4735 1918 4801 prout

325 4817 379 4872 in
415 4816 507 4874 tali
533 4817 828 4875 occasione
855 4819 982 4874 etin
1010 4817 1200 4875 ordine
1228 4816 1296 4875 ad
1325 4816 1488 4874 talem
1516 4818 1675 4874 finem
1702 4820 1914 4891 praeci·

324 4907 509 4981 pitur,
539 4923 660 4966 esse
686 4922 908 4981 gravem
933 4949 948 4980 ,
991 4913 1053 4964 ut
1075 4923 1204 4967 mox
1245 4907 1636 4982 explicabimus
1662 4949 1678 4982 ,
1721 4914 1776 4964 et
1800 4907 1914 4966 dixi

323 4997 432 5056 late
462 4999 520 5055 in
544 5004 682 5058 tom.
703 4995 845 5056 5.de
876 4996 1125 5056 Censur.
1147 4998 1285 5072 disp.
1314 5003 1347 5058 4
1371 5040 1386 5071 ,
1430 5003 1568 5055 sect.
1599 5002 1656 5071 6,
1683 5013 1837 5056 ιιιιιιι.
1863 5001 1912 5071 1,

323 5096 383 5147 et
405 5089 531 5164 quia
554 5104 713 5161 saepe
741 5094 923 5162 potest
957 5087 1124 5145 latere
1161 5089 1458 5161 superioris
1492 5089 1785 5160 motivum,
1813 5103 1913 5161 pro

327 5179 419 5238 illo
447 5179 834 5254 praesumitur.
866 5176 1222 5236 Nihilominus
1245 5185 1426 5237 tamen
1451 5179 1495 5236 si
1514 5181 1715 5237 veritas
1737 5179 1918 5237 obsta-

327 5280 418 5330 ret
443 5270 894 5346 praesumptioni,
922 5276 979 5326 et
1003 5270 1152 5326 clare
1178 5276 1477 5347 constaret,
1501 5271 1784 5331 materiam
1805 5285 1917 5328 non

486 5385 660 5432 Suaaaz
675 5419 686 5440 .
707 5387 767 5432 De
782 5385 964 5442 Leuibus
978 5403 1036 5420 -
1049 5383 1154 5429 Pars
1174 5383 1208 5428 l.

3335 323 3459 387 249

1959 485 2082 528 esse
2107 487 2334 545 gravem
2350 513 2367 543 ,
2398 487 2501 530 nec
2528 470 2747 546 dignam
2774 469 2869 528 tali
2890 467 3241 542 obligatione,
3269 471 3407 524 tunc
3428 481 3539 524 nnn

1960 559 2313 621 induceretur
2342 562 2615 636 obligatio.
2646 563 2831 636 Neque
2874 559 3103 631 amplius
3126 557 3319 631 probat
3360 571 3545 614 exem·

1961 651 2114 723 plum
2141 652 2496 726 religionum,
2528 666 2654 710 nam
2680 650 2933 710 doctrina
2957 650 3082 707 data
3108 648 3159 704 in
3181 649 3259 704 eis
3280 645 3545 704 etiamlo-

1961 757 2090 798 cum
2119 742 2282 800 habet
2310 742 2379 800 de
2406 744 2733 800 necessitate
2755 741 3005 800 materiae
3032 741 3213 814 gravis
3236 778 3254 812 ,
3293 738 3544 812 quamvis

1963 831 2013 888 in
2059 823 2475 907 illis,'propter
2518 832 2760 890 altiorem
2801 833 2959 889 finem
3006 829 3392 903 perfectionis,
3430 827 3539 885 sre-

1960 922 2216 994 quentius
2253 926 2431 997 possit
2471 923 2759 996 accidere,
2802 929 2865 980 ut
2904 936 2992 979 res
3018 924 3075 977 in
3116 922 3295 994 specie
3321 918 3454 975 levis
3482 920 3541 974 in

1962 1013 2057 1070 tali
2083 1019 2265 1089 statu,
2304 1021 2362 1072 et
2400 1014 2453 1072 in
2489 1013 2677 1071 ordine
2708 1014 2777 1073 ad
2818 1015 2973 1071 tinem
3000 1014 3051 1071 ei
3088 1016 3549 1082 consentaneum,
3654 1065 3661 1074 ,

1962 1105 2150 1177 gravis
2180 1105 2375 1163 merito
2401 1111 2716 1164 censeatur.

2041 1199 2095 1254 3.
2128 1194 2211 1252 Ad
2240 1195 2549 1268 exemplum
2576 1201 2765 1254 autem
2790 1193 2857 1252 de
2885 1201 3177 1267 praecepto
3206 1189 3351 1250 Adae
3382 1190 3550 1263 impo-

1963 1285 2070 1342 sito
2118 1285 2414 1358 respondet
2457 1286 2713 1344 Corduba
2765 1300 2932 1357 supra
2956 1325 2972 1358 ,
3010 1280 3143 1340 illud
3192 1287 3551 1355 praeceptum

1965 1375 2235 1449 obligasse
2264 1377 2369 1434 snb
2396 1375 2613 1434 mortali
2640 1377 2847 1434 ratione
2870 1382 3070 1448 status,
3095 1373 3302 1432 etiamsi
3330 1371 3554 1429 materia

1962 1475 2110 1525 esset
2129 1467 2578 1525 levis.Rationem
2602 1475 2785 1534 autem
2808 1472 2983 1523 status
3006 1466 3059 1521 in
3080 1463 3185 1520 boc
3208 1465 3379 1536 ponit,
3406 1462 3558 1536 quod

1964 1559 2017 1614 in
2033 1557 2130 1615 illo
2156 1574 2263 1615 non
2283 1558 2730 1632 poteratpeccari
2747 1556 3026 1615 venialiter
3049 1556 3200 1629 prius
3221 1570 3388 1627 quam
3408 1567 3557 1610 mor-

1968 1647 2169 1707 taliter.
2202 1649 2308 1707 Sed
2332 1648 2467 1707 haec
2492 1651 2631 1706 ratio
2651 1646 2940 1722 probabilis
2963 1662 3072 1704 non
3096 1651 3199 1704 est.
3228 1644 3374 1701 Alias
3395 1643 3559 1701 etiam

1963 1744 2258 1811 praecepta
2284 1739 2559 1797 naturalia
2583 1738 2652 1796 de
2678 1738 2848 1797 rebus
2872 1737 3081 1794 levibus
3110 1735 3418 1808 obligarent
3446 1732 3551 1790 sub

1966 1828 2183 1886 mortali
2210 1829 2264 1885 in
2292 1828 2384 1886 illo
2412 1836 2594 1901 statu,
2625 1831 2780 1887 etita
2810 1827 3301 1886 verbum-otiosum
3327 1830 3383 1882 et
3404 1839 3555 1881 men·

1968 1917 2191 1976 dacium
2226 1917 2545 1978 officiosum
2586 1925 2684 1977 aut
2720 1921 2971 1976 iocosum
3004 1922 3194 1974 essent
3228 1915 3297 1972 ibi
3326 1921 3561 1988 peccata

1967 2009 2241 2083 mortalia,
2266 2009 2416 2086 quod
2445 2009 2762 2068 incredibile
2787 2016 2891 2082 est,
2918 2008 3047 2082 quia
3068 2005 3161 2063 illa
3178 2012 3409 2078 peccata
3430 2011 3561 2062 sunt

1967 2099 2225 2173 venialia,
2256 2101 2463 2157 etiamsi
2500 2099 2661 2172 plena
2696 2100 2948 2158 libertate
2982 2102 3037 2154 et
3073 2097 3279 2171 absque
3308 2096 3556 2169 passione

1968 2189 2052 2246 vel
2081 2190 2383 2264 ignorantia
2403 2192 2551 2265 fian13
2577 2207 2681 2249 cur
2701 2207 2833 2264 ergo
2855 2192 2906 2248 in
2928 2189 3017 2246 illo
3037 2194 3185 2246 statu
3206 2195 3392 2246 essent
3412 2203 3560 2246 mor-

1974 2279 2140 2337 talia?
2166 2280 2252 2338 vel
2280 2297 2443 2356 qnam
2484 2283 2951 2341 circumstantiam
2979 2279 3115 2338 adeo
3144 2296 3367 2354 gravem
3395 2278 3566 2338 adde-

1966 2379 2053 2429 ret
2078 2370 2169 2430 ille
2200 2371 2414 2429 status?
2439 2373 2697 2440 Quamvis
2727 2375 2871 2432 enim
2900 2389 2969 2431 ex
3005 2378 3323 2445 contemptu
3353 2371 3568 2444 possint

1968 2462 2061 2519 illa
2089 2469 2323 2536 peccata
2350 2463 2464 2521 fieri
2495 2459 2772 2538 mortalia,
2805 2470 2987 2522 tamen
3016 2465 3177 2521 etiam
3204 2463 3257 2518 in
3287 2461 3381 2519 illo
3412 2467 3559 2520 statu

1969 2559 2197 2626 possent
2225 2554 2337 2611 fieri
2366 2555 2482 2612 sine
2512 2561 2869 2628 contemptu,
2902 2555 2947 2612 si
2976 2561 3156 2612 tamen
3178 2553 3289 2610 fieri
3309 2557 3551 2626 possent.

1971 2644 2111 2714 Quid
2139 2645 2282 2701 enim
2309 2645 2379 2702 ibi
2405 2652 2563 2718 erat,
2605 2644 2752 2720 quod
2797 2644 2865 2702 ad
2902 2651 3279 2718 contemptum
3308 2641 3560 2717 cogeret?

1969 2735 2086 2802 Quo
2103 2736 2255 2793 circa
2268 2736 2646 2811 supponendo,
2661 2737 3201 2809 primumpeccatum
3224 2737 3280 2792 in
3300 2735 3389 2792 illo
3410 2740 3562 2792 statu

1975 2841 2081 2882 non
2112 2826 2356 2898 potuisse
2384 2843 2507 2884 esse
2535 2827 2765 2900 veniale,
2789 2829 2927 2886 ratio
2954 2843 3065 2886 non
3091 2834 3175 2885 est
3200 2824 3475 2884 reddenda
3492 2839 3562 2883 ex

1970 2929 2059 2987 eo,
2077 2914 2225 2989 quod
2254 2932 2414 2974 omne
2440 2923 2733 2990 peceatum
2762 2917 2815 2974 in
2844 2905 2991 2976 omni
3010 2918 3238 2975 materia
3264 2923 3561 2990 quantum-

1970 3007 2050 3061 vis
2079 3005 2299 3063 minima
2324 3007 2399 3064 ibi
2425 3014 2571 3065 esset
2590 3007 2841 3080 morta103
2866 3007 2963 3066 sed
2981 3024 3049 3065 ex
3077 3008 3251 3065 divina
3272 3003 3559 3080 providen-

1971 3097 2078 3166 tia,
2110 3111 2253 3170 quae
2279 3097 2586 3155 custodiret
2625 3097 2897 3155 hominem
2926 3097 2978 3154 in
3007 3096 3219 3155 levibus
3244 3140 3258 3169 ,
3297 3094 3564 3170 quamdiu
3676 3152 3681 3159 ,

1971 3187 2211 3260 graviter
2250 3203 2359 3244 non
2404 3187 2664 3261 caderet,
2704 3204 2772 3246 ne
2808 3189 2893 3246 vel
2929 3187 3143 3246 felicem
3178 3185 3333 3244 illum
3360 3191 3563 3243 statum

1972 3285 2197 3351 propter
2223 3285 2521 3350 peccatum
2547 3279 2752 3337 veniale
2781 3281 3085 3352 amitteret,
3116 3277 3199 3334 vel
3226 3277 3279 3333 in
3307 3293 3372 3334 eo
3400 3276 3563 3334 deor-

1973 3365 2304 3424 dinationem
2344 3368 2613 3442 aliquam,
2648 3368 2734 3426 vel
2768 3384 3000 3441 poenam
3037 3368 3356 3425 sustineret.
3394 3365 3567 3424 Aliter

1974 3475 2102 3516 vero
2125 3459 2445 3532 responderi
2472 3466 2672 3534 potest,
2706 3459 2832 3518 licet
2857 3458 3134 3533 legislator
3162 3458 3434 3516 humanus
3454 3472 3565 3514 non

1973 3551 2149 3623 possit
2186 3549 2430 3624 obligare
2467 3549 2573 3606 snb
2611 3550 2825 3608 mortali
2863 3551 2919 3607 in
2956 3549 3181 3607 materia
3221 3547 3357 3622 levi,
3389 3549 3565 3605 Deum

1975 3641 2154 3714 ipsum
2176 3656 2357 3713 posse.
2382 3642 2772 3700 Verumtamen
2792 3656 2922 3699 cum
2942 3641 3185 3699 divinum
3206 3646 3564 3713 praeceptum

1973 3747 2083 3788 non
2109 3734 2288 3803 possit
2317 3747 2421 3788 non
2450 3747 2570 3789 esse
2612 3733 2852 3797 iustum,
2882 3733 2995 3790 lieri
3032 3748 3138 3788 non
3168 3733 3391 3804 potest,
3430 3731 3589 3808 quino

1977 3821 2046 3879 sit
2073 3821 2332 3880 materiae
2358 3822 2853 3895 proportionatum,
2882 3824 2958 3880 ita
2985 3823 3031 3879 si
3058 3821 3162 3878 sub
3190 3820 3404 3878 mortali
3432 3819 3568 3878 obli-

1977 3917 2103 3986 gat,
2133 3911 2298 3969 cadat
2334 3915 2391 3969 in
2428 3913 2710 3970 materiam
2752 3928 3012 3986 capacem
3043 3912 3171 3970 talis
3199 3910 3566 3985 obligationis,

1975 4017 2043 4059 ac
2071 4001 2296 4060 subinde
2322 4018 2544 4076 gravem
2574 4002 2767 4061 saltem
2796 4003 3099 4060 formaliter
3126 4044 3141 4075 ,
3180 4008 3235 4059 et
3260 4009 3324 4058 ut
3354 3999 3571 4058 ordina-

1978 4099 2071 4150 tur
2107 4092 2178 4149 ad
2213 4093 2372 4150 finem
2410 4109 2441 4150 a
2476 4094 2586 4151 Deo
2613 4093 2899 4156 intentum.
2932 4094 3076 4151 Alias
3099 4099 3392 4165 peccatum
3422 4107 3567 4148 mor·

1979 4182 2087 4242 tale
2115 4190 2172 4240 et
2199 4182 2403 4241 veniale
2428 4182 2711 4242 differrent
2738 4190 2954 4242 tantum
2975 4201 3039 4241 ex
3060 4183 3344 4242 voluntate
3365 4180 3567 4255 divina,

1976 4280 2035 4330 et
2058 4289 2171 4330 non
2206 4289 2273 4330 ex
2309 4281 2509 4332 natura
2547 4274 2667 4347 rei,
2704 4274 2855 4348 quod
2884 4274 3083 4331 falsum
3110 4279 3215 4331 est.
3249 4273 3381 4330 Dico
3410 4287 3567 4346 ergo,

1979 4370 2342 4437 praeceptum
2369 4363 2515 4420 Adae
2544 4359 2862 4436 impositum
2881 4365 3049 4421 fuisse
3069 4362 3136 4420 de
3158 4379 3215 4420 re
3236 4363 3411 4438 gravi,
3437 4363 3570 4436 quia

1981 4453 2071 4512 illa
2111 4453 2437 4511 abstinentia
2473 4469 2505 4509 a
2544 4454 2665 4510 cibo
2702 4455 2865 4513 vetito
2905 4455 3161 4527 imposita
3196 4453 3301 4511 suit
3327 4454 3378 4510 in
3408 4467 3567 4510 reco-

1981 4543 2273 4618 gnitionem
2313 4542 2644 4601 obedientiae
2681 4547 2791 4602 Deo
2831 4544 3070 4620 debitae,
3109 4552 3165 4603 et
3198 4546 3355 4619 quasi
3391 4543 3443 4600 in
3479 4545 3575 4601 tri·

1980 4634 2181 4692 butum
2213 4633 2482 4691 humanae
2514 4634 2865 4692 subiectionis
2893 4636 2959 4694 ad
2988 4641 3190 4704 Deum,
3220 4641 3275 4692 et
3303 4634 3371 4693 ad
3399 4635 3571 4707 repri-

1983 4724 2238 4783 mendam
2268 4723 2501 4781 hominis
2524 4725 2835 4798 elationem,
2851 4725 3257 4800 quodammodo
3280 4725 3571 4783 subiicien-

1981 4814 2052 4872 do
2079 4799 2230 4872 il'lum
2261 4815 2499 4873 inferiori
2527 4821 2814 4873 creaturae
2853 4817 2905 4872 in
2941 4816 3266 4890 obsequium
3300 4814 3421 4889 Dei,
3466 4814 3570 4872 snb

1983 4907 2185 4980 quibus
2242 4905 2543 4964 rationibus
2597 4913 2953 4980 praeceptum
3000 4906 3133 4964 illud
3182 4905 3571 4981 gravissimum

1984 5002 2124 5053 erat.

2061 5091 2116 5145 4.
2149 5085 2256 5144 Sed
2294 5100 2557 5160 quaeres,
2590 5101 2658 5143 an
2692 5077 3052 5160 praeceptum
3095 5087 3197 5145 sub
3235 5087 3449 5159 mortali
3475 5089 3577 5147 im·

1985 5177 2229 5250 positum
2262 5177 2319 5232 in
2347 5192 2407 5233 re
2436 5176 2556 5248 levi,
2588 5175 2788 5252 obliget
2816 5177 3007 5238 saltem
3034 5178 3137 5235 sub
3165 5177 3381 5235 veniali.
3413 5179 3577 5236 Vide·

1983 5275 2077 5327 tur
2113 5269 2257 5326 enim
2297 5266 2426 5326 nihil
2463 5266 2683 5326 omnino
2721 5269 2991 5344 obligare,
3024 5267 3151 5343 quia
3176 5275 3261 5328 est
3290 5268 3571 5329 iniustum.

3045 5374 3099 5419 as
