4325 6267
1785 358 1997 407 cspur
2025 360 2129 429 ¹¹.1·

314 497 571 555 Ecclesia
592 497 847 555 duraret:
874 497 995 553 aliis
1024 513 1154 554 vero
1189 495 1447 567 apostolis
1476 494 1654 552 solum
1687 497 1815 553 data
1841 503 1925 552 est

315 604 417 661 per
444 587 673 645 modum
698 588 987 646 cuiusdam
1015 587 1304 661 legationis
1324 594 1381 643 et
1408 586 1713 659 personalis
1734 600 1925 643 mune·

314 679 389 733 ris
416 677 637 734 finiendi
670 693 799 734 cum
832 678 941 734 vita
971 693 1185 733 eorum.
1211 678 1289 732 lta
1318 676 1560 733 sumitur
1581 691 1644 732 ex
1677 673 1924 747 patribus

312 768 537 837 citatis,
566 774 624 823 et
659 766 1071 823 confirmabitur
1098 765 1348 837 pluribus
1379 765 1705 829 testimoniis
1745 778 1926 821 asser-

312 856 461 913 tione
486 858 767 929 sequenti,
788 862 845 911 et
866 872 932 912 ex
956 856 1075 927 ipso
1100 871 1203 911 usu
1231 862 1467 927 utraque
1492 870 1615 925 pars
1640 854 1771 910 satis
1793 869 1925 910 con·

312 951 446 1001 stat.
482 946 621 1003 Nam
650 946 885 1017 apostoli
912 961 1020 1002 non
1052 944 1313 1001 creabant
1338 944 1620 1016 apostolos
1644 987 1657 1014 ,
1689 941 1785 999 sed
1812 943 1925 1013 epi-

316 1052 527 1108 scopos
551 1078 565 1105 ,
591 1051 771 1108 neque
789 1036 867 1092 eis
890 1035 1161 1092 successit
1182 1034 1377 1109 aliquis
1399 1050 1532 1092 cum
1550 1032 1925 1091 iurisdictione

315 1126 369 1181 in
408 1127 735 1183 universum
766 1124 983 1181 orbem:
1018 1130 1074 1181 at
1111 1140 1241 1182 vero
1270 1128 1433 1183 Petro
1474 1124 1750 1180 successit
1784 1138 1925 1179 sem·

316 1231 415 1287 per
444 1223 641 1287 pastor
681 1216 1041 1282 universalis,
1069 1216 1231 1271 cuius
1268 1214 1425 1271 sedes
1454 1220 1745 1286 propterea
1783 1227 1927 1268 sem·

316 1320 417 1377 per
442 1304 676 1361 retinuit
697 1320 895 1361 nomen
918 1304 1271 1376 apostolicae.
1294 1305 1451 1361 Ratio
1474 1304 1637 1359 etiam
1662 1302 1767 1359 boc
1791 1318 1923 1357 con-

316 1394 515 1465 vincit,
542 1396 672 1465 quia
693 1409 823 1450 cum
843 1392 1093 1450 Ecclesia
1112 1393 1305 1449 futura
1325 1399 1471 1448 esset
1493 1398 1777 1463 perpetua,
1802 1392 1921 1447 eius

316 1483 567 1556 regimen
598 1490 655 1539 et
694 1483 1037 1555 principatus
1064 1484 1137 1539 ita
1164 1483 1425 1539 constitui
1453 1481 1679 1551 debuit,
1712 1486 1774 1537 ut
1800 1495 1924 1552 per·

316 1578 491 1645 petuo
514 1571 759 1629 duraret.
786 1573 885 1628 Hic
918 1578 1105 1628 autem
1126 1572 1466 1643 principatus
1490 1572 1650 1627 Petro
1674 1570 1775 1626 fuit
1803 1584 1927 1640 pro-

318 1664 529 1717 missus
560 1661 663 1717 illis
692 1662 907 1718 verbis:
932 1664 1118 1735 Super
1146 1662 1305 1717 hanc
1323 1665 1567 1735 petram
1595 1658 1925 1731 aedificabo

318 1750 661 1809 Ecclesiam
693 1766 889 1808 meam
908 1770 929 1818 ‚·
957 1749 1054 1806 sed
1084 1750 1391 1807 aedilicium
1422 1750 1704 1806 Ecclesiae
1734 1764 1930 1821 perpe·

319 1846 419 1896 tuo
464 1848 585 1897 erat
622 1839 991 1909 duraturumz,
1034 1855 1165 1911 ergo
1200 1846 1259 1895 et
1296 1839 1739 1907 fundamentum,
1780 1837 1925 1910 quod

316 1937 447 1987 erat.
484 1932 683 1987 Petrus
720 1945 819 1985 seu
866 1927 1022 1984 sedes
1063 1930 1231 1986 Petri.
1264 1927 1423 1996 Quod
1464 1928 1595 1984 satis
1633 1927 1931 1984 declaravit

318 2020 579 2076 Christus
606 2019 970 2090 subiungens:
998 2022 1077 2074 Et
1096 2022 1310 2091 portae
1329 2017 1507 2089 inseri
1526 2034 1647 2073 non
1668 2032 1923 2091 praeva-

320 2109 525 2167 lebunt
550 2107 837 2166 adversas
857 2124 1011 2166 eam.
1040 2108 1197 2165 Unde
1218 2107 1351 2164 dixit
1370 2106 1645 2181 eleganter
1666 2110 1930 2164 innocen-

322 2202 436 2256 tius
480 2201 572 2256 lv.
604 2202 657 2256 in
697 2201 878 2271 capite
918 2203 964 2258 1.
998 2197 1070 2253 de
1109 2196 1389 2263 homicid.
1441 2197 1492 2252 in
1545 2200 1607 2268 6,
1650 2198 1930 2254 Christum

322 2304 695 2346 ascensurum
724 2288 791 2345 ad
832 2290 1049 2345 Patrem
1070 2327 1085 2356 ,
1114 2302 1187 2343 uc
1222 2285 1555 2344 Ecclesiam
1583 2302 1761 2343 suam
1801 2289 1928 2343 sine

316 2385 567 2455 pastore
588 2380 896 2444 desereret,
918 2394 1039 2434 eam
1055 2380 1213 2434 Petro
1235 2377 1776 2447 commisisse,cuius
1799 2392 1929 2433 suc-

323 2485 585 2525 cessores
624 2476 754 2525 sunt
790 2468 1099 2525 Pontifices.
1130 2466 1266 2534 Quia
1304 2466 1595 2535 nimirum,
1639 2481 1734 2537 pro
1778 2465 1928 2523 nullo

328 2566 580 2631 tempore
604 2556 847 2615 deseruit
868 2572 1027 2612 suam
1046 2554 1351 2612 Ecclesiam
1372 2554 1653 2627 Christus3
1679 2562 1733 2610 et
1755 2570 1933 2627 quan-

328 2656 451 2705 tum
477 2664 615 2722 grex
653 2648 856 2718 durat,
890 2649 1105 2702 tantum
1132 2660 1358 2701 necesse
1386 2649 1471 2700 est
1508 2642 1713 2701 durare
1744 2654 1929 2716 pasto·

325 2755 468 2795 rem.
508 2736 756 2809 implevit
791 2742 978 2792 autem
1014 2735 1263 2791 Christus
1304 2733 1451 2790 illam
1486 2734 1923 2815 promissionem,

324 2826 519 2884 dicens
552 2829 743 2884 Petro:
767 2827 959 2882 Pasce
986 2840 1115 2881 oves
1143 2840 1310 2881 meas
1326 2843 1346 2891 ,·
1370 2822 1442 2880 illi
1468 2837 1602 2893 ergo
1633 2829 1764 2880 tunc
1788 2842 1923 2883 con·

326 2917 457 2975 tulit
506 2922 827 2989 potestatem
868 2916 919 2971 in
964 2914 1077 2971 suis
1117 2913 1539 2997 successoribus
1579 2911 1924 2975 duraturam.

324 3007 457 3064 Aliis
483 3023 611 3065 vero
640 3005 897 3077 apostolis
920 3020 1203 3079 nunquam
1227 3005 1301 3062 ita
1321 3007 1721 3081 contulit,quia
1747 3009 1926 3065 solum

323 3099 553 3156 fuerunt
578 3100 631 3153 in
670 3097 759 3153 illo
790 3096 942 3152 initio
979 3094 1258 3152 Ecclesiae
1294 3099 1621 3167 necessarii,
1654 3096 1832 3155 donec
1874 3098 1925 3155 in

325 3205 547 3253 omnem
576 3194 777 3245 terram
796 3186 959 3243 exivit
984 3203 1153 3242 sonus
1176 3202 1391 3258 eorum3
1416 3194 1473 3243 et
1500 3186 1619 3243 ideo
1648 3186 1929 3244 sufficien-

326 3287 411 3338 ter
441 3278 674 3336 fundata
700 3278 971 3345 Ecclesia,
998 3278 1235 3332 cessavit
1264 3276 1353 3333 illa
1380 3276 1639 3351 dignitas,
1676 3293 1927 3350 persere-

324 3371 469 3427 ravit
498 3374 683 3425 autem
706 3368 849 3424 Petri
880 3368 1170 3438 primatus.
1198 3366 1375 3437 Atque
1404 3367 1482 3423 ita
1510 3366 1649 3423 banc
1679 3366 1929 3424 differen-

326 3462 461 3516 tiam
503 3460 635 3516 satis
674 3464 861 3529 aperte
898 3455 1163 3512 indicavit
1196 3455 1445 3512 Christus
1481 3456 1743 3514 Dominus
1769 3459 1821 3513 in
1862 3472 1926 3514 eo

322 3546 590 3621 singulari
620 3545 810 3616 modo,
843 3561 957 3618 quo
986 3547 1213 3603 Petrum
1242 3546 1729 3627 aliisvpraeposujt.

404 3644 461 3697 8.
496 3636 752 3695 Secunda
778 3634 1081 3692 differentia
1108 3634 1345 3691 notanda
1373 3642 1479 3705 est,
1510 3638 1639 3709 quia
1667 3636 1800 3694 baec
1829 3634 1927 3708 'po-

326 3734 499 3784 testas
526 3724 707 3801 quoad
736 3733 925 3780 actum
956 3722 1165 3780 ferendi
1195 3722 1343 3796 leges
1370 3725 1427 3779 in
1453 3727 1619 3781 Petro
1648 3731 1768 3783 erat
1794 3728 1923 3782 sim-

326 3818 544 3889 pliciter
584 3815 835 3887 superior
863 3821 919 3869 et
954 3812 1353 3885 independens;
1386 3815 1438 3870 in
1476 3815 1594 3871 aliis
1624 3832 1753 3873 vero
1790 3816 1925 3873 infe·

322 3906 461 3963 riori
499 3900 697 3971 modd,
728 3912 784 3960 et
822 3918 952 3959 cum
992 3902 1255 3959 nonnulla
1291 3903 1591 3961 differentia
1613 3947 1628 3976 ,
1658 3912 1924 3979 quantum

324 3996 390 4053 ad
432 3996 675 4052 valorem
716 3992 799 4049 vel
838 3992 1146 4048 firmitatem
1188 3998 1367 4049 actus.
1407 3994 1757 4065 Declaratur,
1798 3996 1927 4067 quia

325 4087 523 4142 Petrus
549 4090 766 4157 poterat
788 4082 902 4138 suis
925 4080 1135 4153 legibus
1174 4083 1256 4138 vel
1284 4088 1583 4155 praeceptis
1604 4085 1742 4141 alios
1762 4086 1925 4141 etiam

326 4175 607 4247 apostolos
636 4174 897 4246 obligare,
916 4179 971 4229 et
998 4168 1183 4227 nullus
1212 4180 1427 4243 poterat
1444 4174 1563 4230 eius
1594 4174 1739 4247 leges
1770 4190 1927 4231 revo-

324 4281 491 4323 care:
534 4265 618 4321 alii
657 4280 786 4324 vero
827 4262 1056 4337 apostoli
1096 4276 1197 4318 nec
1236 4264 1461 4319 Petrum
1498 4262 1737 4335 obligare
1776 4271 1929 4334 pote-

329 4364 484 4425 rant,
508 4370 687 4428 neque
714 4355 947 4411 fortasse
975 4354 1043 4411 ad
1072 4354 1332 4424 invicem,
1357 4360 1414 4409 et
1439 4355 1632 4411 Petrus
1662 4355 1716 4409 in
1743 4354 1926 4427 rigore

326 4451 543 4516 poterat
577 4460 769 4501 eorum
812 4445 958 4519 leges
999 4461 1103 4501 non
1148 4443 1465 4514 admittere,
1496 4458 1593 4499 seu
1638 4458 1924 4500 revocare.

327 4535 484 4603 Quod
511 4541 685 4592 totum
708 4537 842 4591 satis
871 4534 1138 4606 probatur
1160 4548 1225 4590 ex
1256 4548 1482 4589 munere
1509 4534 1763 4605 pastoris,
1786 4541 1841 4589 et
1860 4548 1926 4589 ex

328 4625 773 4682 subordinatione
814 4626 1125 4681 necessaria
1152 4623 1218 4679 ad
1261 4622 1543 4679 unitatem.
1577 4624 1731 4681 Unde
1766 4623 1925 4680 etiam

330 4716 459 4771 mibi
482 4714 772 4771 verisimile
802 4721 907 4794 est,
933 4716 1059 4771 licet
1079 4713 1275 4786 singuli
1297 4712 1525 4784 apostoli
1550 4712 1811 4770 baberent
1832 4730 1928 4785 po-

329 4812 580 4863 testatem
623 4803 692 4862 ad
732 4803 981 4860 ferendas
1024 4804 1173 4876 leges
1214 4804 1511 4876 obligantes
1560 4803 1923 4859 universalem

330 4888 671 4961 Ecclesiam,
704 4903 881 4951 tamen
911 4893 1180 4950 ordinarie
1210 4894 1327 4949 illas
1355 4910 1458 4948 non
1490 4891 1701 4962 tulisse,
1734 4893 1831 4948 nisi
1862 4909 1923 4949 ex

330 5001 606 5043 consensu
632 4992 689 5043 et
716 4985 1090 5055 acceptatione
1112 4984 1287 5053 Petri3
1315 4983 1397 5038 vel
1418 4990 1566 5039 certe
1592 4982 1709 5039 illas
1737 4984 1927 5040 tulisse

329 5078 382 5131 in
414 5079 495 5133 eis
534 5075 861 5147 provinciis,
890 5076 943 5129 in
972 5073 1176 5144 quibus
1207 5072 1627 5145 praedicabant,
1658 5079 1715 5129 et
1744 5080 1927 5144 postea

330 5182 442 5223 non
472 5166 571 5222 nisi
600 5168 806 5222 sciente
835 5170 893 5220 et
920 5165 1289 5219 consentiente
1320 5166 1507 5233 Petro,
1532 5162 1597 5219 ad
1628 5168 1795 5219 totam
1824 5164 1929 5219 Ec-

333 5256 560 5314 clesiam
587 5256 927 5313 dimanasse:
960 5251 1111 5325 quod
1137 5271 1201 5311 ex
1239 5252 1429 5310 eodem
1460 5252 1813 5311 fundamento
1852 5253 1930 5310 fa-

3385 342 3504 405 307

1992 484 2094 539 cile
2116 484 2512 542 coniectamuS.
2529 484 2822 557 Quocirca,
2847 483 3068 557 quando
3093 483 3288 555 legitur
3313 482 3457 555 apud
3478 483 3580 557 cy-

1993 574 2266 645 prianum,
2299 575 2378 631 vel
2409 575 2646 649 aliquem
2675 575 2842 631 alium
2875 580 3118 646 patrem,
3151 579 3246 630 ant
3275 574 3584 629 Pontificem

1992 680 2058 719 ex
2087 665 2295 733 relatis,
2327 666 2410 722 vel
2437 663 2757 734 referendis,
2782 680 2970 721 omnes
3001 664 3277 735 apostolos
3301 664 3468 719 fuisse
3495 678 3588 734 pa-

1994 769 2112 823 res,
2146 754 2554 828 intelligendum
2583 754 2687 811 hoc
2725 762 2809 812 est
2840 754 3160 826 formaliter,
3192 760 3253 811 ut
3279 754 3355 810 sic
3382 752 3585 819 dicam,

1994 859 2093 900 seu
2121 852 2387 916 quantum
2415 845 2483 901 ad
2520 843 2833 919 dignitatem
2862 842 3244 917 apostolicam,
3273 852 3330 900 et
3354 859 3476 900 eam
3509 844 3591 899 iu-

1994 934 2366 991 risdictionem
2395 935 2448 989 in
2480 936 2801 990 universum
2830 935 3049 1005 orbem,
3081 950 3221 1008 quae
3251 934 3494 1005 praecise
3521 950 3586 989 ex

1996 1025 2047 1079 vi
2094 1023 2240 1081 illius
2287 1024 2565 1097 dignitatis
2595 1024 2721 1080 data
2759 1031 2861 1080 est.
2893 1024 3252 1081 Nihilominus
3279 1032 3458 1080 tamen
3497 1025 3594 1079 Pe-

1998 1122 2115 1173 trus
2137 1116 2399 1173 excelluit
2419 1116 2471 1172 in
2503 1114 2770 1188 pontificia
2790 1113 3142 1185 dignitateEt
3169 1115 3322 1169 iuxta
3344 1113 3475 1169 baec
3507 1113 3592 1169 vel

1992 1205 2327 1263 declaranda
2353 1212 2468 1277 est,
2511 1205 2593 1263 vel
2623 1222 2730 1262 non
2767 1204 3101 1263 admittenda
3134 1205 3323 1262 Clossa
3360 1205 3410 1261 in
3449 1202 3583 1261 dict.

1995 1311 2117 1368 cap.
2152 1298 2228 1352 In
2254 1311 2426 1361 nove,
2459 1294 2707 1353 distinct.
2737 1299 2833 1369 21,
2858 1296 2986 1353 licet
3012 1312 3132 1353 eam
3158 1297 3472 1369 simpliciter
3499 1313 3594 1368 ap-

1996 1384 2193 1457 probat
2217 1386 2448 1441 Turrec.
2481 1384 2530 1439 in
2561 1400 2778 1441 summa
2804 1384 2870 1442 de
2899 1385 3117 1443 Eccles.
3142 1385 3230 1442 lib.
3263 1391 3456 1457 2,cap.
3495 1389 3586 1451 74,

1994 1475 2123 1532 dum
2162 1474 2451 1548 significat,
2479 1474 2618 1531 alios
2646 1474 2923 1546 apostolos
2953 1476 3119 1533 fuisse
3149 1491 3308 1548 pares
3336 1477 3495 1533 Petro
3522 1490 3587 1531 eo

1994 1572 2206 1623 tantum
2234 1566 2420 1635 modo,
2442 1580 2554 1637 quo
2582 1566 2823 1637 episcopi
2855 1572 2985 1622 sunt
3022 1581 3180 1638 pares
3207 1566 3466 1635 Pontifici,
3483 1567 3592 1622 sci-

1996 1653 2125 1711 licet
2165 1656 2218 1710 in
2260 1654 2452 1711 ordine
2500 1660 2557 1711 et
2598 1658 3032 1715 consecratione.
3081 1658 3196 1713 Non
3233 1661 3318 1713 est
3355 1656 3497 1712 enim
3539 1657 3590 1711 in

1997 1744 2252 1801 omnibus
2275 1744 2579 1817 adaequata
2605 1746 3020 1817 aequiparati03
3053 1762 3176 1802 nam
3219 1746 3284 1802 de
3325 1746 3589 1817 apostolis
3651 1781 3654 1785 -

1996 1841 2214 1892 constat
2254 1852 2320 1891 ex
2347 1834 2531 1906 dictis,
2565 1834 2728 1891 fuisse
2771 1836 2934 1892 etiam
2969 1852 3126 1909 pares
3155 1839 3312 1893 Petro
3341 1836 3392 1892 in
3423 1836 3589 1909 digni-

1999 1932 2113 1981 tate
2155 1925 2458 1997 apostolica
2487 1933 2543 1982 et
2566 1934 2966 1998 consequenter
2995 1928 3044 1982 in
3077 1926 3484 1983 universalitate
3513 1926 3593 1982 iu·

2000 2014 2338 2073 risdictionis
2380 2015 2432 2070 in
2473 2017 2790 2071 universum
2833 2015 3042 2073 orbem.
3069 2018 3236 2089 Magis
3278 2032 3409 2073 vero
3448 2033 3598 2074 erra-

1999 2112 2131 2161 runt
2156 2147 2172 2175 ,
2215 2106 2310 2178 qui
2353 2121 2420 2161 ex
2461 2104 2552 2159 illo
2575 2110 2724 2161 textu
2755 2105 3088 2177 intulerunt,
3129 2109 3350 2163 Petrum
3381 2107 3446 2163 ab
3473 2108 3592 2164 aliis

2000 2194 2258 2268 apostolis
2287 2194 2452 2250 fuisse
2491 2194 2733 2251 electum
2760 2198 2815 2252 in
2843 2205 3034 2270 caput,
3059 2198 3186 2270 quia
3214 2199 3268 2253 in
3297 2199 3414 2269 ipso
3443 2205 3594 2255 textu

1999 2283 2230 2355 dicitur,
2267 2282 2566 2357 apostolos
2581 2326 2594 2343 .
2629 2283 2860 2359 alioqui
2877 2300 3059 2361 pares
3087 2290 3153 2343 in
3177 2288 3394 2345 honore
3416 2294 3472 2345 et
3489 2306 3596 2363 po-

1999 2378 2235 2434 testate,
2276 2375 2523 2430 Petrum
2565 2377 2899 2450 principem
2941 2392 3113 2435 suam
3159 2394 3281 2434 esse
3317 2377 3588 2435 voluisse.

1998 2463 2138 2521 illud
2178 2464 2320 2520 enim
2364 2463 2590 2520 verbum
2631 2480 2737 2521 non
2781 2466 2846 2522 de
2885 2464 3166 2524 voluntate
3203 2469 3590 2538 antecedente,

2000 2571 2097 2612 seu
2134 2553 2400 2628 eligente,
2433 2555 2530 2612 sed
2565 2556 2632 2611 de
2665 2556 2938 2613 voluntate
2962 2564 3329 2630 consequente
3351 2601 3364 2628 ,
3402 2565 3456 2615 et
3499 2574 3593 2615 ac-

2000 2650 2252 2715 ceptante
2279 2643 2688 2716 intelligendum
2708 2652 2813 2702 est.
2843 2646 3000 2713 Quod
3031 2648 3098 2703 de
3121 2656 3302 2705 mente
3325 2649 3593 2705 Pontificis

2000 2737 2055 2791 in
2091 2735 2283 2792 eodem
2315 2742 2466 2791 textu
2484 2737 2616 2791 satis
2652 2742 2891 2793 constat.

2076 2831 2130 2883 9.
2165 2825 2300 2881 Dico
2331 2824 2519 2885 tertio:
2552 2827 2810 2881 Summus
2840 2828 3080 2884 Pontifex
3110 2829 3415 2886 immediate
3445 2834 3590 2889 acci-

1999 2916 2075 2988 pit
2101 2915 2169 2971 ab
2207 2916 2324 2987 ipso
2353 2914 2596 2985 Christo,
2627 2922 2680 2972 et
2719 2932 2786 2972 ex
2813 2916 2866 2975 vi
2899 2918 3250 2974 institutionis
3284 2922 3402 2976 eius
3443 2928 3592 2994 pote-

1998 3012 2198 3063 statem
2226 3004 2577 3076 legislativam
2601 3005 2652 3061 in
2677 3006 2984 3063 universam
3004 3006 3331 3065 Ecclesiam.
3354 3011 3590 3069 Conclu-

1996 3096 2075 3152 sio
2114 3102 2201 3153 est
2239 3097 2462 3151 omnino
2501 3104 2686 3167 certa3
2720 3114 2846 3153 nam
2887 3098 3034 3171 quod
3079 3099 3215 3157 hanc
3259 3105 3584 3172 potestatem

1998 3186 2216 3258 habeat,
2251 3192 2338 3241 est
2363 3184 2428 3241 de
2456 3185 2579 3258 tide,
2615 3192 2676 3243 ut
2703 3193 2919 3244 constat
2943 3203 3008 3244 ex
3038 3188 3326 3247 traditione
3353 3198 3408 3248 et
3436 3206 3588 3249 com-

1996 3277 2150 3333 muni
2179 3291 2344 3331 sensu
2371 3274 2671 3347 Ecclesiae,
2702 3284 2757 3334 et
2785 3293 2848 3333 ex
2879 3277 2961 3333 his
2982 3322 2996 3349 ,
3023 3295 3164 3351 quae
3192 3282 3372 3338 statim
3401 3282 3586 3339 affere-

1995 3383 2139 3423 mus.
2181 3363 2336 3433 Quod
2373 3372 2554 3421 autem
2595 3364 2790 3423 habeat
2826 3366 2914 3423 illo
2955 3367 3144 3442 modo,
3186 3377 3270 3427 est
3303 3373 3588 3430 conclusio

1994 3456 2129 3514 adeo
2156 3462 2332 3521 certa,
2363 3461 2428 3511 ut
2463 3456 2578 3511 sine
2613 3472 2799 3513 errore
2838 3459 3023 3530 negari
3063 3475 3172 3515 non
3209 3464 3402 3531 possit.
3433 3464 3592 3520 Colli-

1993 3549 2145 3620 gitur
2175 3557 2358 3602 autem
2385 3561 2449 3601 ex
2493 3545 2775 3616 Scriptura
2803 3547 2908 3604 boc
2946 3549 3141 3606 modo:
3183 3567 3307 3607 nam
3337 3553 3586 3610 Christus

1992 3637 2145 3713 dedit
2192 3635 2332 3691 banc
2381 3641 2702 3707 potestatem
2745 3637 3049 3697 immediate
3089 3642 3245 3698 Petro
3275 3684 3290 3709 ,
3343 3660 3449 3699 non
3492 3660 3591 3717 pro

1994 3744 2096 3784 sua
2122 3733 2332 3783 tantum
2373 3740 2634 3798 persona,
2667 3724 2762 3783 sed
2794 3734 2857 3783 ut
2892 3744 2988 3799 per
3016 3734 3326 3792 continuam
3365 3750 3594 3789 succes·

1994 3820 2202 3875 sionem
2225 3826 2486 3889 perpetuo
2516 3814 2742 3874 duraret
2761 3820 2814 3873 in
2836 3820 3102 3891 Ecclesia3
3127 3837 3256 3894 ergo
3276 3820 3421 3878 idem
3440 3823 3593 3881 Chri-

1995 3915 2153 3977 stus,
2195 3908 2288 3980 qui
2329 3906 2468 3962 banc
2508 3907 2743 3964 contulit
2778 3917 3100 3978 potestatem
3141 3915 3334 3978 Petro,
3373 3915 3590 3972 confert

1996 3998 2315 4055 successori
2345 4013 2445 4053 suo
2474 4013 2541 4053 ex
2569 3998 2618 4053 vi
2647 3999 2956 4070 praedictae
2983 4002 3340 4059 institutionis
3378 4012 3436 4061 et
3469 4005 3590 4063 illo·-

1996 4104 2119 4145 rum
2177 4078 2514 4143 verborum:
2558 4090 2753 4163 Super
2787 4088 2946 4146 hanc
2975 4095 3217 4165 petram
3257 4092 3586 4167 aedificabo

1996 4176 2330 4235 Ecclesiam
2370 4192 2596 4244 meam,
2645 4186 2720 4245 et,
2756 4181 2943 4237 Pasce
2979 4198 3109 4239 oves
3149 4200 3334 4242 meas.
3365 4188 3589 4245 Constat

1994 4274 2177 4324 autem
2201 4282 2265 4321 ex
2289 4273 2551 4337 perpetua
2573 4270 2946 4341 successione,
2973 4287 3250 4328 summum
3275 4276 3586 4332 Pontificem

1994 4371 2115 4413 esse
2144 4371 2529 4413 successorem
2559 4359 2732 4428 Petri3
2763 4374 2891 4432 ergo
2919 4360 2986 4416 ab
3025 4362 3218 4419 eodem
3246 4364 3462 4422 Christo
3494 4366 3594 4423 im-

1995 4446 2224 4502 mediate
2263 4444 2426 4503 babet
2468 4453 2814 4517 potestatem.
2845 4449 2994 4506 Unde
3031 4452 3326 4509 Anacletus
3356 4470 3490 4527 papa
3533 4458 3585 4510 in

1994 4550 2117 4605 cap.
2159 4539 2226 4602 2,
2265 4532 2393 4591 dist.
2425 4540 2528 4595 22:
2561 4540 2838 4595 Romana
2871 4538 3147 4598 Ecclesia
3182 4558 3300 4598 non
3337 4544 3412 4600 ab
3449 4561 3590 4618 apo-

1995 4624 2176 4693 stolis,
2207 4624 2312 4681 sed
2336 4624 2412 4683 ab
2439 4628 2566 4699 ipso
2595 4628 2846 4682 Domino
2869 4631 3203 4700 primatum
3230 4632 3493 4691 obtinuit.
3519 4636 3588 4690 Et

1995 4712 2188 4784 probat
2213 4730 2282 4771 ex
2319 4714 2496 4770 verbis
2525 4714 2660 4770 illis:
2701 4717 2788 4771 Ta
2813 4732 2874 4773 es
2909 4720 3135 4774 Petrus.
3169 4718 3316 4777 ldem
3344 4723 3588 4780 Gelasius

1995 4818 2131 4874 papa
2160 4803 2213 4857 in
2257 4818 2381 4875 cap.
2421 4806 2714 4877 Quamvis
2744 4809 2837 4862 21.
2869 4806 2998 4862 dist.
3031 4808 3182 4866 Unde
3222 4811 3506 4868 innocent.
3541 4815 3582 4868 l.

1996 4894 2047 4947 in
2076 4908 2200 4963 cap.
2235 4894 2495 4967 Quoties,
2527 4897 2621 4963 24,
2647 4908 2703 4965 q.
2741 4899 2786 4965 l,
2811 4896 3048 4967 seipsum
3078 4900 3300 4957 Petrum
3329 4901 3589 4972 appellat,

1999 4982 2221 5039 dicens:
2259 4986 2392 5038 Non
2419 4986 2534 5038 nisi
2560 4981 2645 5039 ad
2669 4986 2931 5054 Petrum,
2971 4986 3036 5044 id
3060 4994 3146 5044 est
3173 4988 3256 5045 ad
3283 4996 3378 5047 sai
3401 4996 3590 5047 nonii·

1996 5076 2092 5129 nis
2118 5078 2175 5129 et
2201 5075 2440 5130 lionoris
2468 5080 2793 5133 auctorem.

2082 5170 2170 5223 10.
2204 5166 2338 5221 ilinc
2369 5164 2532 5220 etiam
2563 5165 2610 5220 in
2651 5181 2774 5236 cap.
2808 5168 3194 5241 Siqniticasti,
3228 5168 3295 5226 de
3321 5170 3480 5228 elect.
3514 5172 3590 5228 di-

2000 5257 2181 5325 citur,
2215 5253 2357 5327 leges
2388 5258 2596 5313 romani
2628 5257 2904 5313 pontificis
2934 5274 3040 5314 non
3071 5259 3305 5330 pendere
3338 5278 3368 5318 a
3410 5266 3590 5319 conci-
