4325 6267
1796 289 2008 341 CAPUT
2035 291 2181 340 XIV.

340 429 412 475 ex
439 429 541 474 suo
568 429 766 492 genere
795 414 978 490 habet,
1007 432 1072 474 ex
1103 433 1213 492 quo
1244 418 1420 477 solum
1449 418 1730 494 sequitur,
1759 417 1938 492 legem

338 523 453 564 non
495 509 810 580 praecipere
849 523 1064 582 semper
1105 524 1265 566 omne
1304 510 1534 582 bonum,
1566 508 1834 584 loquendo
1863 509 1932 566 de

343 614 458 655 una
487 599 608 671 lege
633 599 686 656 in
717 589 1058 673 particulari,
1085 615 1266 675 neque
1289 601 1362 658 ita
1383 600 1684 658 efficaciter
1705 598 1934 657 reddere

339 689 620 746 hominem
659 689 897 761 bonum,
939 696 1005 746 ut
1045 706 1152 747 non
1192 692 1365 764 possit
1403 691 1516 763 ipse
1557 693 1813 748 malitiam
1843 691 1937 746 ali·

340 795 512 852 quam
543 778 844 837 admiscere
878 780 1105 837 bonitati
1131 769 1438 838 intentae'a
1465 782 1604 855 lege.
1635 781 1786 838 Unde
1814 782 1942 853 quia

341 869 554 926 bonum
582 885 650 926 ex
677 869 888 943 integra
916 885 1107 941 causa,
1139 870 1340 928 malum
1371 877 1552 927 autem
1579 886 1646 926 ex
1673 886 1939 944 quocum·

341 975 457 1032 que
484 957 704 1016 delectu
721 1000 737 1032 ,
765 960 844 1030 fit,
875 968 940 1017 ut
964 966 1123 1016 actus
1145 961 1366 1035 quidem
1391 962 1460 1017 sit
1485 960 1805 1031 simpliciter
1825 975 1939 1017 ma-

339 1048 436 1105 lus
471 1054 693 1120 propter
737 1050 1211 1107 circumstantiam
1251 1052 1317 1107 ab
1345 1050 1564 1107 bomine
1593 1049 1938 1120 adiunctam,

340 1146 408 1196 et
445 1139 790 1197 nibilominus
829 1146 1052 1212 propter
1093 1141 1293 1200 bonam
1333 1142 1727 1213 substantiam,
1771 1159 1938 1215 quam

341 1229 535 1303 habe-t,
567 1230 809 1288 sufficiat
834 1232 902 1289 ad
927 1230 1252 1302 implendam
1274 1232 1467 1306 legem.
1493 1232 1694 1288 Deinde
1715 1231 1936 1300 dicitur,

347 1320 444 1376 hic
473 1321 706 1376 maxime
735 1321 940 1378 habere
970 1321 1148 1378 locum
1180 1323 1462 1396 vulgatum
1493 1321 1840 1395 principium,
1857 1321 1942 1396 fi-

344 1427 484 1467 nem
511 1410 654 1485 lcqis
681 1428 795 1468 non
821 1412 1034 1469 cadere
1059 1412 1164 1468 sub
1185 1399 1389 1486 legent.
1414 1415 1548 1469 Nam
1579 1415 1828 1486 quamvis
1858 1413 1943 1470 lex

347 1500 735 1572 praecipiendo
755 1507 941 1558 actum
963 1501 1168 1558 bonum
1189 1517 1255 1559 ex
1267 1518 1486 1576 genere,
1504 1502 1746 1559 intendat
1758 1503 1940 1575 etiam,

347 1596 421 1647 ut
445 1591 580 1648 bene
608 1591 720 1664 fiat,
755 1598 815 1647 ut
841 1591 946 1648 boc
974 1591 1135 1648 modo
1155 1593 1328 1673 possit
1345 1593 1619 1650 hominem
1641 1595 1842 1651 bonum
1866 1594 1945 1650 sa-

346 1696 512 1752 cere,
559 1698 668 1738 non
705 1687 885 1738 tamen
921 1681 1025 1738 boc
1065 1689 1242 1740 totum
1282 1683 1542 1757 praecipit
1567 1700 1814 1758 semper,
1848 1686 1946 1743 sed

348 1771 532 1831 solum
577 1777 740 1829 actus
775 1772 1156 1846 substantiam,
1188 1776 1420 1847 ideoque
1447 1790 1544 1847 per
1572 1775 1717 1832 illam
1745 1775 1944 1848 poterit

347 1862 582 1934 impleri.

903 2053 1182 2124 CAPUT
1226 2055 1406 2126 XIV.

538 2271 750 2329 Utrum
779 2265 1041 2342 obliqare
1067 2265 1329 2324 subditos
1357 2271 1436 2325 sit
1455 2273 1774 2342 promimus

693 2363 748 2415 et
776 2357 1150 2432 adaequatus
1178 2356 1419 2430 effectus
1448 2357 1609 2432 leyis.

913 2540 1394 2604 summarium

355 2733 405 2782 1.
435 2731 568 2793 Quid
595 2732 663 2782 sit
698 2730 954 2796 proximus
979 2731 1190 2781 effectus
1215 2730 1362 2796 legiS.
1393 2757 1462 2766 —
1485 2731 1614 2794 Quid
1639 2731 1950 2797 adaequatus

420 2802 640 2852 effectus
665 2802 814 2864 legis,
843 2829 914 2839 -
938 2801 988 2851 2.
1018 2801 1188 2852 Omnis
1213 2802 1294 2851 lex
1318 2802 1574 2866 propriam
1599 2803 1796 2854 inducit
1823 2805 1951 2856 obli-

419 2873 699 2934 gationem.
727 2899 796 2908 -—
820 2872 872 2923 3.
899 2873 1150 2934 Quaenam
1184 2872 1322 2934 leges
1347 2874 1706 2934 permittentes
1730 2873 1950 2924 habeant

423 2955 600 2993 veram
625 2943 878 2992 rationem
903 2944 1050 3006 legiS.
1078 2969 1150 2979 —-
1172 2942 1224 2991 4.
1252 2941 1444 3003 Duplex
1468 2943 1714 3007 obligatio
1735 2949 1813 2994 est
1831 2958 1952 2994 eon-

425 3013 699 3064 sideranda
724 3014 778 3063 in
805 3014 938 3076 lege.
966 3041 1035 3050 —-
1061 3013 1112 3062 5.
1142 3012 1322 3076 Opinio
1345 3022 1550 3074 eorum,
1577 3015 1665 3076 qui
1691 3021 1948 3078 asserunt,

423 3083 754 3148 privilegium
785 3097 886 3133 non
919 3096 1030 3133 esse
1067 3095 1237 3132 veram
1272 3083 1456 3145 legem.
1483 3109 1552 3118 —-
1574 3083 1834 3135 Sententia
1859 3098 1949 3134 au-

421 3155 614 3212 ctoriS,
653 3153 979 3216 privilegium
1015 3166 1126 3203 esse
1163 3165 1336 3202 veram
1371 3153 1532 3216 legem
1557 3155 1852 3205 asserentiS.
1880 3181 1950 3192 —

421 3221 476 3273 6.
503 3225 576 3272 De
598 3221 790 3286 duplici
812 3224 1101 3286 privilegio,
1124 3229 1293 3286 etqua
1315 3223 1512 3273 ratione
1533 3231 1806 3288 utrumque
1828 3239 1947 3276 con-

421 3295 585 3343 tineat
607 3305 777 3342 veram
797 3294 1045 3344 rationem
1065 3294 1211 3355 legis.
1229 3321 1298 3330 —-
1319 3295 1366 3343 7.
1383 3293 1532 3344 Ratio
1551 3307 1578 3342 a
1599 3295 1758 3358 priori
1779 3302 1950 3345 osten-

420 3363 500 3413 dit
537 3363 806 3413 consilium
841 3377 938 3414 non
961 3364 1151 3414 habere
1175 3365 1424 3414 rationem
1450 3365 1597 3427 legis.
1625 3391 1692 3402 —
1719 3365 1770 3415 8.
1800 3365 1949 3416 Obie-

421 3435 528 3484 ctio
552 3447 614 3482 ex
637 3433 756 3484 divo
778 3433 983 3484 Thoma.
1007 3461 1076 3470 —-
1095 3435 1310 3485 Soluti0.
1338 3463 1407 3471 —
1432 3433 1485 3484 9.
1513 3435 1688 3484 Altera
1715 3437 1949 3496 assertio,

417 3503 781 3566 obligationem
803 3517 916 3554 esse
944 3503 1280 3568 adaequatum
1305 3505 1542 3555 effectum
1569 3506 1716 3568 legis.

437 3681 485 3734 i.
519 3676 816 3748 Praecipua
850 3675 1096 3733 efficacia
1138 3675 1266 3748 legis
1311 3676 1376 3733 ad
1407 3676 1680 3734 faciendos
1709 3678 1949 3735 homines

347 3767 526 3824 bonos
567 3774 652 3824 est
677 3767 792 3824 eius
831 3766 1113 3840 obligati0,
1144 3782 1284 3839 quae
1315 3766 1527 3823 videtur
1556 3784 1678 3825 esse
1720 3770 1949 3826 maxime

345 3853 690 3914 intrinsecus
727 3858 954 3914 effectus
981 3859 1122 3924 eius,
1153 3864 1211 3914 et
1237 3857 1356 3914 ideo
1390 3857 1456 3914 de
1489 3857 1576 3915 illa
1603 3874 1946 3933 consequen-

353 3955 442 4004 ter
481 3955 801 4004 tractamus.
847 3949 918 4005 Ut
953 3955 1132 4004 autem
1172 3947 1508 4020 intelligatur
1535 3949 1781 4021 quaestio
1821 3965 1946 4021 pro-

351 4039 564 4110 posita,
604 4037 712 4093 duo
749 4037 963 4094 termini
993 4037 1045 4092 in
1075 4037 1235 4093 titulo
1265 4037 1418 4108 positi
1447 4047 1575 4093 sunt
1601 4036 1936 4095 declarandi.

351 4129 509 4186 Prior
536 4136 621 4184 est
636 4130 970 4202 proximus,
1007 4127 1100 4199 qui
1132 4129 1375 4199 ponitur,
1409 4127 1536 4199 quia
1559 4127 1740 4183 solum
1772 4126 1946 4201 loqui-

349 4234 484 4274 mur
513 4217 578 4274 de
606 4217 802 4275 effectu
825 4259 840 4289 ,
869 4231 1032 4290 quem
1061 4217 1146 4272 lex
1177 4232 1274 4287 per
1301 4233 1358 4273 se
1387 4218 1506 4289 ipsa
1530 4216 1711 4272 facere
1741 4224 1942 4289 potest,

347 4316 407 4366 et
445 4309 594 4364 hunc
634 4322 896 4365 vocamus
931 4309 1270 4380 proximum,
1314 4316 1374 4363 ut
1400 4323 1549 4363 nunc
1579 4307 1940 4365 excludamus

346 4401 608 4457 eflectum
629 4443 643 4470 ,
675 4414 838 4472 quem
869 4398 953 4455 lex
982 4413 1078 4469 per
1105 4412 1162 4452 se
1191 4413 1297 4452 non
1325 4397 1490 4470 sacit3
1523 4399 1713 4454 statuit
1735 4405 1941 4470 autem,

349 4499 417 4548 ut
443 4507 541 4563 per
570 4490 840 4546 hominem
872 4489 981 4560 liat,
1012 4494 1074 4545 ut
1099 4494 1204 4560 est,
1237 4503 1290 4543 v·
1315 4505 1370 4560 g.
1394 4489 1627 4560 punitio,
1653 4494 1709 4544 et
1731 4488 1814 4544 hic
1839 4488 1944 4545 dici

344 4587 535 4654 potest
553 4581 780 4638 effectus
803 4585 1046 4636 remotus
1071 4578 1222 4650 legis.
1243 4577 1396 4634 Alius
1421 4593 1549 4634 vero
1572 4577 1800 4635 effectus
1821 4593 1944 4635 esse

345 4678 534 4745 potest
559 4671 730 4744 magis
759 4677 1024 4740 remotus,
1049 4669 1179 4742 quia
1209 4668 1338 4724 licet
1364 4669 1433 4724 sit
1459 4669 1698 4724 intentus
1724 4685 1755 4724 a
1783 4668 1942 4741 legis·

343 4765 553 4832 lator03
591 4762 675 4818 lex
715 4768 896 4818 tamen
923 4776 1024 4817 nec
1052 4759 1202 4816 illum
1233 4771 1328 4830 per
1369 4773 1426 4814 se
1467 4757 1628 4826 l'acit,
1660 4773 1760 4814 nec
1789 4757 1854 4814 ad
1885 4757 1944 4813 il·

343 4855 466 4910 lum
503 4852 707 4925 obligat
745 4851 1089 4922 simpliciter,
1133 4848 1226 4906 sed
1265 4849 1332 4905 ad
1361 4848 1561 4923 aliquid
1590 4849 1736 4922 eius,
1769 4855 1833 4906 ut
1857 4856 1944 4905 est

341 4944 576 5001 moralis
610 4942 822 5001 bonitas
861 4940 1089 5011 subditi,
1128 4939 1194 4996 de
1235 4955 1345 5014 quo
1385 4955 1611 5014 agemus
1631 4940 1694 5004 ,in
1725 4940 1942 4996 casibus

347 5032 738 5108 sequentibus,
783 5047 928 5088 nunc
973 5031 1038 5087 de
1081 5032 1254 5101 primo
1284 5035 1491 5086 tantum
1521 5029 1756 5102 agimus.
1787 5028 1940 5086 Alius

345 5125 614 5184 terminus
652 5129 738 5180 est
771 5119 1164 5194 adaequatus.
1197 5120 1385 5180 Potest
1409 5118 1549 5174 enim
1577 5117 1685 5174 dici
1714 5117 1832 5174 talis
1861 5119 1939 5175 es-

345 5224 480 5284 ctus
515 5213 884 5286 adaequatus,
927 5210 1010 5268 vel
1048 5209 1172 5284 quia
1217 5208 1364 5265 nulla
1393 5214 1478 5265 est
1507 5207 1588 5264 lex
1609 5249 1624 5280 ,
1656 5223 1798 5282 quae
1829 5223 1934 5264 non

3352 301 3361 312 ·
3438 275 3521 340 53

2003 417 2165 475 babet
2202 415 2365 474 talem
2394 417 2683 493 effectum3
2716 417 2798 476 vel
2828 419 2958 493 quia
2988 417 3075 477 ille
3102 419 3333 478 effectus
3364 435 3470 477 non
3501 433 3597 493 po-

2003 513 2114 564 test
2146 521 2301 578 esse,
2344 507 2442 564 nisi
2485 523 2517 565 a
2553 508 2703 582 lege;
2735 509 2821 566 vel
2850 509 3085 584 denique
3112 512 3241 585 quia
3270 510 3357 567 lex
3382 509 3598 568 nullum

2005 597 2173 656 alium
2200 597 2363 656 babet
2388 599 2667 686 effectum.
2696 601 2769 658 De
2790 601 2951 658 tertio
2972 602 3218 658 membro
3241 600 3486 658 dicemus
3506 618 3599 658 ca-

2005 688 2115 761 pite
2157 689 2441 762 sequenti3
2485 705 2635 746 nunc
2675 689 2786 746 duo
2823 693 3005 763 priora
3032 691 3136 747 sub
3161 691 3252 748 illa
3280 707 3418 748 voce
3446 707 3599 748 com-

2006 779 2414 852 prehendimuS‚
2439 786 2497 837 et
2522 781 2882 853 supponimus
2908 797 3028 838 esse
3049 797 3351 839 sermonem
3380 781 3447 840 de
3467 795 3597 854 pro·
3698 836 3708 844 .

2009 872 2130 942 pria
2168 869 2287 942 lege
2322 875 2376 925 et
2403 869 2469 926 de
2498 871 2713 942 propria
2740 870 3059 944 obligatione
3086 873 3294 945 morali,
3325 881 3388 929 ut
3412 873 3600 930 exclu-

2011 959 2209 1017 damus
2241 960 2416 1033 legem
2443 959 2891 1034 metaphoricam,
2924 979 3062 1035 quae
3089 965 3241 1020 circa
3268 964 3599 1020 irrationalia

2007 1057 2066 1108 et
2093 1051 2421 1107 insensibilia
2450 1060 2723 1122 versatur,
2754 1068 2895 1126 quae
2922 1068 3032 1109 non
3067 1053 3471 1128 obligationem,
3504 1054 3599 1111 sed
3668 1058 3676 1066 '

2011 1143 2395 1198 necessitatem
2444 1140 2655 1198 inducit
2702 1158 2798 1214 per
2848 1143 3245 1200 inclinationem
3293 1144 3379 1202 vel
3412 1147 3601 1201 instin-

2012 1237 2163 1288 ctum
2204 1228 2541 1298 naturalem,
2575 1247 2715 1304 quae
2752 1231 2820 1289 ad
2861 1249 3118 1305 praesens
3148 1233 3277 1290 nibil
3308 1235 3493 1291 refert.
3525 1237 3601 1292 De

2011 1322 2126 1394 lege
2153 1327 2336 1377 autem
2360 1321 2598 1394 propria,
2623 1328 2678 1378 et
2697 1330 2954 1394 respectu
2979 1324 3254 1380 rationalis
3286 1330 3595 1396 creaturae,

2012 1427 2142 1468 cum
2184 1417 2431 1480 constet,
2462 1427 2569 1468 non
2598 1412 2861 1469 inducere
2892 1413 3035 1470 illam
3066 1415 3443 1470 necessitatem
3472 1414 3603 1471 sim·

2011 1501 2241 1574 pliciter,
2274 1501 2500 1559 dubium
2522 1509 2626 1573 est,
2651 1519 2716 1558 an
2742 1503 2967 1561 inducat
2990 1505 3272 1578 moralem,
3297 1520 3437 1579 quae
3468 1504 3605 1563 obli-

2012 1592 2158 1664 gatio
2188 1592 2410 1656 dicitur.

2091 1683 2317 1740 Videtur
2342 1675 2471 1756 er'go
2502 1684 2554 1740 in
2581 1685 2789 1758 primis,
2819 1701 2925 1742 non
2957 1702 3117 1758 posse
3147 1686 3249 1743 hoc
3273 1686 3438 1743 tribui
3460 1687 3607 1744 omni

2014 1772 2142 1848 legi,
2174 1791 2237 1830 ex
2268 1773 2305 1830 l.
2338 1772 2480 1848 leqis
2507 1777 2717 1842 virtus,
2756 1775 2810 1831 ff.
2840 1773 2907 1833 de
2935 1776 3103 1849 legib.
3128 1783 3184 1832 et
3210 1792 3333 1849 cap.
3368 1779 3598 1838 Omnis,

2015 1865 2140 1921 dist.
2170 1869 2201 1921 3
2221 1906 2236 1937 ,
2266 1879 2395 1921 cum
2427 1863 2535 1938 his,
2568 1881 2708 1937 quae
2735 1866 2901 1923 tradit
2926 1865 2979 1923 d.
3012 1868 3245 1925 Thomas
3276 1885 3332 1940 q.
3368 1872 3460 1934 62,
3491 1877 3599 1925 art.

2019 1961 2073 2014 2.
2106 1956 2244 2012 Nam
2281 1956 2419 2013 inter
2458 1955 2603 2030 leges
2633 1962 2993 2014 numerantur
3022 1959 3396 2030 permittentes
3424 1966 3480 2015 et
3506 1974 3609 2030 pu-

2015 2046 2255 2118 nientes;
2312 2053 2367 2102 at
2418 2063 2548 2104 vero
2599 2047 2879 2118 permissio
2931 2052 3223 2121 opponitur
3270 2049 3604 2122 obligationi,

2016 2136 2165 2195 iuxta
2193 2135 2325 2192 illud
2354 2137 2505 2193 Pauli
2541 2139 2585 2193 l.
2616 2136 2686 2193 ad
2715 2136 2960 2194 Corinth.
2998 2142 3021 2198 7
3047 2155 3061 2192 t
3094 2143 3219 2196 Hoc
3244 2137 3375 2196 dico
3402 2155 3608 2197 secun-

2016 2225 2160 2282 ditm
2182 2225 2637 2300 indulqentiam,
2661 2244 2779 2284 non
2802 2227 3123 2286 secundum
3137 2231 3480 2306 imperium·
3497 2231 3607 2286 imo

2019 2315 2232 2386 proprie
2254 2315 2525 2388 loquendo
2546 2333 2609 2372 ea
2630 2317 2893 2374 dicuntur
2914 2319 3173 2393 permitti,
3196 2335 3338 2393 quae
3362 2319 3607 2385 facienda

2019 2421 2126 2461 non
2168 2411 2324 2477 sunt3
2371 2407 2761 2478 permittuntur
2802 2409 2945 2466 enim
2988 2409 3157 2482 mala,
3202 2425 3335 2484 ergo
3372 2409 3457 2467 lex
3485 2425 3609 2482 per-

2016 2497 2237 2553 mittens
2277 2513 2381 2553 non
2422 2497 2652 2571 obligat,
2686 2516 2792 2555 non
2820 2507 2905 2556 est
2932 2516 3065 2574 ergo
3096 2498 3348 2574 obligatio
3375 2501 3607 2558 effectus

2019 2587 2154 2662 legis
2195 2589 2251 2643 in
2289 2587 2627 2644 universum.
2668 2587 2814 2645 Idem
2851 2588 3082 2647 dubium
3118 2591 3361 2647 nascitur
3396 2605 3463 2646 ex
3492 2589 3609 2664 lege

2019 2677 2250 2751 poenali,
2268 2677 2396 2750 quia
2416 2677 2485 2734 ad
2508 2694 2735 2750 poenam
2756 2694 2915 2735 nemo
2937 2678 3209 2753 obligatur
3231 2681 3451 2753 propria
3473 2679 3608 2737 obli-

2019 2771 2267 2843 gatione3
2297 2768 2402 2824 imo
2432 2775 2583 2840 sunt,
2618 2772 2711 2842 qui
2738 2780 3015 2837 censeant,
3045 2773 3258 2845 quoties
3289 2772 3372 2828 lex
3402 2771 3611 2844 specia-

2019 2859 2125 2916 lem
2147 2858 2373 2930 imponit
2392 2873 2641 2930 poenam,
2668 2875 2776 2915 non
2796 2860 3057 2918 inducere
3082 2849 3483 2935 obligationem.
3509 2863 3610 2918 Hic

2020 2951 2184 3006 etiam
2228 2948 2352 3005 addi
2393 2955 2577 3021 potest
2602 2948 2685 3005 lex
2712 2950 3047 3021 favorabilis,
3080 2951 3257 3024 qualis
3283 2959 3369 3007 est
3396 2951 3609 3024 privile·

2017 3044 2194 3116 gium,
2226 3041 2375 3114 quod
2405 3041 2492 3097 lex
2520 3039 2823 3112 appellatur
2850 3042 2917 3098 ab
2943 3040 3151 3099 Isidoro
3181 3042 3233 3096 in
3262 3058 3385 3113 cap.
3418 3043 3610 3100 Privi-

2020 3131 2261 3205 leqium,
2297 3131 2352 3186 d.
2396 3139 2413 3188 1
2442 3171 2457 3204 ,
2486 3138 2540 3188 et
2568 3139 2749 3188 tamen
2781 3147 2887 3188 non
2915 3131 3136 3204 obligat,
3160 3134 3610 3205 nam‘unusquis·

2018 3240 2126 3297 que
2159 3223 2328 3279 favori
2352 3238 2453 3278 suo
2482 3223 2805 3279 renunciare
2829 3228 3029 3295 potest,
3053 3238 3175 3293 cap.
3206 3224 3361 3279 Cum
3388 3219 3471 3278 ad
3490 3239 3611 3278 mo·

2017 3316 2363 3379 nastes-ium,
2400 3312 2465 3368 de
2494 3311 2734 3384 regular.
2763 3313 2999 3385 Denique
3028 3310 3312 3381 consilium
3340 3314 3499 3368 etiam
3528 3313 3608 3368 in-

2019 3411 2102 3460 ter
2131 3404 2277 3476 leges
2308 3410 2661 3476 numeratum
2692 3419 2814 3459 nam
2842 3404 2926 3460 lex
2954 3403 3161 3476 privata
3183 3410 3413 3460 vocatur
3434 3405 3487 3460 in
3515 3419 3608 3459 ca-

2020 3495 2130 3567 pite
2159 3497 2293 3550 Nisi
2320 3509 2455 3550 cum
2475 3493 2729 3567 pridem,
2764 3495 2831 3551 de
2862 3495 3154 3552 renuntiat.
3188 3499 3241 3551 et
3278 3509 3402 3566 cap.
3434 3496 3607 3551 Com-

2019 3586 2288 3650 missum,
2322 3581 2389 3640 de
2422 3582 2661 3655 sponsal.
2692 3590 2749 3639 et
2774 3589 2952 3640 tamen
2982 3599 3089 3639 non
3118 3582 3335 3657 obligat.

2094 3673 2293 3731 Deinde
2332 3690 2512 3748 neque
2547 3675 2601 3729 in
2641 3673 2885 3730 secundo
2923 3689 3089 3731 sensu
3119 3674 3333 3732 videtur
3362 3673 3614 3748 obligatio

2018 3763 2363 3838 adaequatus
2401 3765 2626 3820 effectus
2664 3763 2819 3836 legis,
2863 3765 3074 3835 Primo,
3104 3764 3233 3838 quia
3260 3767 3425 3821 etiam
3456 3781 3613 3838 prae·

2019 3861 2177 3927 cepta
2218 3855 2427 3926 privata
2456 3851 2716 3926 obligant,
2745 3856 2998 3927 quamvis
3024 3854 3173 3926 leges
3202 3847 3308 3911 no'n
3336 3858 3463 3912 sint.
3495 3858 3610 3912 Imo

2017 3960 2124 4000 non
2168 3950 2382 4000 tantum
2410 3951 2724 4016 praecepta,
2756 3959 2897 4016 quae
2922 3961 2987 4000 ex
3016 3944 3390 4002 iurisdictione
3418 3961 3611 4018 proce-

2018 4034 2175 4105 dunt,
2208 4035 2302 4091 sed
2330 4037 2493 4091 etiam
2522 4037 2635 4091 sine
2662 4033 3029 4091 iurisdictione
3054 4036 3289 4108 obligare
3311 4035 3510 4107 solent,
3544 4044 3607 4095 ut

2015 4131 2375 4197 praeceptum
2406 4128 2644 4197 parentis
2673 4124 2739 4181 ad
2768 4125 2957 4193 lilium,
2990 4124 3187 4181 domini
3214 4124 3281 4181 ad
3310 4141 3521 4199 servos,
3556 4135 3611 4184 et

2017 4215 2244 4286 praelati
2287 4215 2559 4287 religionis
2598 4215 2665 4272 ad
2703 4213 2986 4288 subditos,
3028 4217 3236 4272 etiamsi
3277 4215 3609 4273 iurisdictio-

2017 4319 2141 4362 nem
2170 4321 2279 4362 non
2308 4305 2521 4370 babeat,
2553 4315 2615 4361 ut
2642 4304 2769 4361 olim
2798 4306 2997 4362 eratin
3027 4321 3132 4362 usu
3152 4307 3318 4363 etiam
3342 4307 3392 4362 in
3418 4323 3609 4365 mona-

2015 4396 2199 4452 steriis
2242 4395 2517 4463 virorum,
2558 4405 2613 4452 et
2652 4411 2799 4451 nunc
2841 4395 2892 4450 in
2942 4395 3265 4452 monialibus
3313 4399 3609 4468 reperitur.

2013 4486 2147 4542 Item
2186 4485 2442 4558 obligatio
2471 4500 2629 4557 saepe
2658 4486 2835 4543 oritur
2865 4501 2933 4541 ex
2956 4488 3179 4558 propria
3204 4487 3517 4561 voluntate,
3550 4497 3613 4548 ut

2010 4577 2066 4631 in
2097 4582 2252 4646 voto,
2296 4575 2649 4647 promissione
2677 4583 2735 4632 et
2761 4591 3117 4649 quocumque
3146 4584 3467 4653 contractu3
3501 4595 3611 4636 non

2010 4673 2095 4722 est
2138 4681 2271 4736 ergo
2310 4663 2560 4738 obligatio
2600 4666 2940 4739 adaequatus
2982 4667 3213 4724 effectus
3260 4667 3393 4742 legis
3433 4669 3484 4726 in
3523 4669 3613 4727 illo

2013 4772 2205 4812 sensu.

2086 4852 2141 4905 2.
2174 4846 2527 4904 Nihilominus
2569 4845 2855 4903 dicendum
2890 4853 2977 4904 est
3003 4849 3209 4920 primo,
3242 4850 3446 4907 nullam
3488 4867 3611 4910 esse

2010 4937 2285 5009 propriam
2315 4935 2511 5009 legem,
2542 4951 2685 5009 quae
2714 4936 3096 5011 obligationem
3127 4954 3234 4995 non
3262 4938 3525 5014 inducat,
3557 4942 3609 4998 id

2008 5033 2095 5083 est
2121 5027 2503 5083 necessitatem
2530 5024 2823 5100 quamdam
2852 5027 3107 5099 operandi
3137 5027 3221 5084 vel
3244 5045 3353 5084 non
3376 5046 3607 5102 operan-

2007 5117 2082 5174 di.
2113 5119 2213 5174 Est
2238 5117 2547 5172 communis
2568 5119 2792 5173 assertio
2816 5117 3202 5192 theologorum
3226 5135 3358 5174 cum
3380 5120 3435 5176 d.
3460 5121 3599 5177 Tbo-
3632 5165 3641 5176 .

2007 5221 2118 5278 ma,
2147 5222 2203 5280 q.
2238 5209 2331 5276 92,
2362 5211 2462 5262 art.
2496 5211 2551 5263 2.
2584 5205 2648 5262 ad
2687 5211 2734 5278 1,
2767 5212 2821 5263 et
2847 5223 2901 5281 q.
2941 5211 3034 5279 93,
3068 5213 3173 5264 art.
3207 5213 3264 5281 2,
3298 5211 3427 5266 Soto
3454 5227 3509 5284 q.
3551 5216 3598 5284 1,
