4325 6267
817 326 941 395 370

1296 466 1573 537 CAPUT
1614 466 1795 533 XIX.

821 664 988 737 Quas
1008 675 1296 737 personas
1324 658 1579 734 obuqent
1604 659 2045 720 ecclesiasticae
2071 656 2246 733 leges.

1310 854 1765 919 summarium

739 1040 789 1091 1.
818 1038 983 1104 Leges
1009 1040 1394 1092 ecclesiasticae
1420 1053 1595 1092 omnes
1619 1042 1849 1104 ohligant
1875 1046 1929 1091 et
1954 1040 2089 1091 solos
2112 1038 2340 1103 baptiza-

806 1116 887 1161 tos
910 1110 1067 1159 etiam
1086 1110 1397 1173 haereticos,
1418 1116 1599 1175 utpote
1622 1113 1713 1175 qui
1737 1110 1928 1162 habent
1954 1108 2339 1160 fundamentum

805 1180 1141 1231 subiectionis
1164 1180 1515 1231 characterem
1540 1182 1799 1245 baptismi.
1814 1207 1884 1217 —
1902 1179 1954 1230 2.
1982 1179 2147 1244 Leges
2171 1179 2339 1242 ponti-

804 1246 951 1299 ficiae
975 1262 1149 1301 omnes
1174 1250 1369 1313 ubique
1392 1249 1701 1301 christianos
1724 1249 1955 1312 obligant
1971 1285 1986 1311 ,
2014 1249 2150 1299 sicut
2175 1254 2229 1298 et
2255 1260 2338 1297 ca-

804 1331 964 1369 nones
990 1318 1345 1374 conciliorum,
1373 1319 1419 1369 si
1442 1321 1507 1371 ab
1531 1332 1594 1370 eo
1618 1326 1737 1370 sunt
1762 1320 2049 1383 approbati.
2070 1344 2141 1356 —-
2160 1316 2215 1368 3.
2241 1316 2339 1366 Le-

805 1399 897 1450 ges
932 1388 1289 1452 episcoporum
1314 1390 1423 1441 sive
1458 1389 1725 1452 synodales
1748 1390 1983 1451 obligant
2006 1400 2180 1440 omnes
2204 1388 2340 1437 intra

806 1458 1152 1520 territorium,
1176 1470 1277 1509 non
1301 1464 1470 1509 tamen
1496 1464 1641 1508 extra
1665 1458 2161 1522 territorium,sicut
2185 1463 2240 1507 et
2267 1457 2340 1507 le·

804 1538 897 1589 ges
919 1528 1254 1580 conciliorum
1279 1528 1687 1592 provincialium.

816 1714 868 1769 1.
900 1712 1050 1768 Hanc
1081 1712 1367 1785 materiam
1393 1712 1502 1770 late
1545 1712 1903 1771 tractavimus
1933 1712 2001 1770 de
2040 1712 2163 1785 lege
2193 1708 2340 1767 civili

730 1800 789 1855 in
815 1798 1167 1870 praecedenti
1196 1800 1334 1858 libro
1363 1816 1396 1857 a
1434 1816 1559 1875 cap.
1591 1802 1765 1876 XXV,
1794 1808 1849 1859 et
1874 1802 2060 1859 omnia
2087 1800 2158 1859 ibi
2195 1799 2342 1856 dicta

732 1889 1003 1959 generalia
1029 1888 1140 1947 sere
1178 1896 1308 1947 sunt
1334 1890 1441 1965 legi
1468 1891 1771 1965 humanae,
1802 1898 1857 1950 et
1882 1894 1961 1948 ita
1987 1892 2042 1949 in
2079 1889 2340 1948 ecclesia-

734 1978 930 2035 sticam
952 1980 1116 2035 eliam
1138 1980 1496 2039 conveniunt.
1521 1982 1711 2048 Qualia
1734 1988 1865 2039 sunt
1884 1981 2127 2054 obligare
2150 1995 2341 2037 omnes

730 2074 791 2127 et
818 2066 965 2125 solos
988 2068 1281 2145 subditos,
1313 2068 1381 2126 ad
1408 2085 1548 2143 quos
1579 2070 1919 2144 loquuntur,
1949 2077 2006 2129 et
2032 2070 2174 2128 hanc
2201 2068 2340 2127 obli-

730 2160 1002 2233 gationem
1036 2158 1253 2215 extendi
1281 2158 1349 2216 ad
1377 2174 1495 2233 eos,
1520 2160 1690 2233 quiin
1717 2162 1997 2218 territorio
2019 2167 2337 2227 versantur,

730 2248 946 2305 etiamsi
979 2253 1383 2320 permanenter,
1407 2256 1465 2305 et
1490 2250 1648 2323 quasi
1672 2250 1725 2305 in
1753 2249 1965 2320 habitu,
1992 2247 2202 2307 subditi
2230 2265 2340 2306 non

732 2336 867 2394 sint:
912 2352 943 2393 e
994 2352 1267 2394 converso
1309 2345 1495 2395 autem
1535 2353 1641 2394 non
1684 2339 1897 2396 extendi
1936 2338 2003 2395 ad
2042 2341 2343 2397 existentes

732 2432 891 2499 extra
914 2426 1275 2499 territorium,
1300 2426 1513 2483 etiamsi
1537 2427 1670 2483 alias
1694 2429 1745 2483 in
1768 2428 1959 2487 habitu
1984 2429 2186 2486 subditi
2210 2428 2340 2500 sint;

732 2530 874 2587 quas
901 2517 1253 2587 quaestiones
1276 2515 1329 2571 in
1360 2516 1583 2587 speciali
1603 2516 1669 2573 de
1699 2517 1912 2591 legibus
1939 2518 2339 2576 ecclesiasticis

729 2604 965 2661 tractavi
992 2605 1155 2661 etiam
1185 2604 1239 2661 in
1279 2609 1326 2662 l.
1359 2612 1495 2661 tom.
1516 2604 1588 2661 de
1612 2604 1784 2681 reliq.
1812 2607 2105 2666 tractando
2134 2607 2203 2665 de
2231 2607 2342 2667 die.

730 2691 837 2749 bus
869 2691 1043 2766 testis,
1076 2699 1133 2749 et
1169 2692 1221 2749 in
1256 2698 1308 2750 5.
1334 2698 1469 2751 tom.
1495 2692 1567 2751 de
1593 2710 1826 2754 censur.
1860 2696 2001 2769 disp.
2032 2703 2088 2766 5,
2112 2705 2254 2756 sect.
2284 2701 2340 2769 4,

694 2800 699 2805 ·
734 2787 793 2837 et
826 2786 878 2838 5.
910 2781 1172 2849 Quaestio
1199 2784 1366 2839 etiam
1396 2782 1513 2854 illa,
1557 2799 1627 2840 an
1662 2786 1919 2859 princeps
1959 2786 2236 2860 obligetur
2270 2785 2349 2842 le-

732 2871 895 2943 gibus
915 2911 931 2940 ,
962 2874 1279 2929 communis
1306 2878 1393 2929 est
1429 2872 1686 2945 praelatis
1713 2889 1779 2931 ac
1822 2874 2224 2948 legislatoribus
2251 2891 2343 2931 ec-

731 2959 1089 3033 clesiasticis,
1118 2962 1281 3020 etiam
1324 2977 1541 3020 summo
1568 2963 1835 3019 Pontifici.
1868 2963 2059 3022 Solum
2086 2979 2222 3037 ergo
2251 2981 2346 3022 su·

732 3057 968 3125 pereunt
998 3049 1305 3109 adnotanda
1338 3066 1518 3123 pauca
1547 3051 1699 3109 circa
1736 3068 2002 3125 personas
2032 3054 2342 3125 inferiores,

734 3156 879 3216 quae
901 3140 1109 3214 legibus
1144 3139 1371 3214 obligari
1387 3140 1590 3213 solent,
1608 3157 1747 3215 quae
1770 3144 1991 3216 propria
2012 3150 2143 3200 sunt
2166 3143 2345 3201 eccle-

736 3232 1087 3288 siasticarum
1128 3228 1339 3302 legum.

815 3321 999 3376 Primo
1026 3332 1161 3391 ergo
1190 3316 1430 3375 dicimus
1448 3360 1463 3389 ,
1493 3319 1777 3390 proprium
1803 3333 1925 3377 esse
1953 3319 2141 3395 legum
2170 3320 2350 3378 eccle·

738 3410 1119 3479 siasticarum,
1150 3411 1214 3464 ut
1241 3412 1457 3465 tantum
1488 3406 1736 3465 homines
1765 3407 2105 3483 baptizatos,
2132 3408 2350 3466 etiamsi

736 3502 883 3559 inter
909 3497 1239 3555 christianos
1268 3496 1550 3567 habitent,
1580 3503 1637 3555 et
1661 3498 2001 3570 principibus
2031 3498 2350 3555 christianis

738 3587 941 3655 subditi
970 3588 1101 3643 sint.
1127 3587 1285 3644 Ratio
1316 3592 1425 3658 est,
1450 3586 1579 3659 quia
1604 3585 1844 3643 infideles
1865 3602 1973 3644 non
1997 3592 2129 3645 sunt
2156 3588 2354 3645 Eccle-

739 3680 851 3738 siae
879 3677 1125 3736 membra
1145 3715 1162 3749 ,
1195 3690 1373 3748 neque
1400 3679 1532 3732 sunt
1559 3675 1627 3732 de
1662 3677 2063 3734 communitate
2088 3676 2352 3734 ecclesia·

740 3772 901 3837 stica3
934 3773 990 3823 et
1016 3765 1136 3822 ideo
1163 3764 1295 3821 licet
1322 3766 1535 3837 possint
1577 3763 1803 3839 obligari
1834 3763 2043 3839 legibus
2070 3766 2349 3839 civilibus,

741 3859 829 3917 vel
846 3848 1091 3915 ,suorum
1120 3854 1433 3928 principum
1460 3852 1760 3911 infidelium
1790 3855 1843 3911 in
1874 3854 1991 3911 suis
2019 3855 2230 3930 regnis,
2261 3850 2350 3912 vel

738 3947 1054 4023 principum
1099 3943 1524 4001 christianorum
1552 3986 1568 4014 ,
1623 3948 1897 4016 quatenus
1943 3950 2184 4016 possunt
2230 3958 2353 4000 esse

741 4036 993 4095 membra
1028 4033 1259 4091 civitatis
1296 4032 1584 4104 politicae,
1622 4039 1680 4088 et
1707 4031 2082 4104 temporaliter
2108 4031 2354 4089 subiecti

740 4124 1087 4201 principibus
1114 4120 1446 4193 christianis3
1478 4120 1689 4192 legibus
1720 4128 1900 4179 tamen
1931 4121 2216 4179 Ecclesiae
2243 4137 2354 4176 non

745 4215 1081 4289 obligantur,
1112 4211 1241 4285 quia
1270 4224 1371 4267 nec
1404 4213 1536 4264 sunt
1560 4208 1805 4266 membra
1832 4208 2134 4283 Ecclesiae,
2161 4216 2224 4268 ut
2247 4210 2354 4267 Ec·

741 4304 913 4361 clesia
936 4309 1048 4374 est,
1085 4314 1187 4357 nec
1216 4297 1419 4355 habent
1447 4296 1867 4355 fundamentum
1896 4298 2256 4357 subiectionis
2283 4299 2352 4357 ad

743 4391 1175 4451 ecclesiasticam
1222 4387 1677 4445 iurisdictionem.
1735 4389 1893 4446 Dices
1919 4429 1936 4461 ,
1985 4404 2121 4464 ergo
2173 4404 2353 4463 neque

743 4480 1000 4545 haeretici
1039 4479 1346 4553 obligantur
1383 4477 1470 4534 his
1510 4477 1753 4551 legibus,
1793 4480 1924 4552 quia
1950 4476 2026 4536 illi
2052 4478 2216 4535 etiam
2242 4493 2352 4535 non

746 4580 880 4629 sunt
905 4569 1152 4628 membra
1178 4567 1477 4639 Ecclesiae3
1495 4582 1675 4639 neque
1703 4566 1904 4625 habent
1932 4565 2350 4625 fundamentum

745 4663 900 4734 fidei,
935 4664 1051 4717 sine
1094 4674 1206 4731 quo
1236 4664 1531 4729 praecepta
1556 4656 1969 4729 ecclesiastica,
1999 4674 2141 4732 quae
2170 4656 2236 4713 ad
2267 4673 2356 4713 sa-

746 4752 920 4809 lutem
942 4750 1155 4805 animae
1175 4753 1232 4803 et
1254 4733 1477 4803 cultum*
1494 4748 1589 4803 Dei
1615 4745 1958 4819 ordinantur,
1974 4763 2075 4805 nec
2100 4746 2352 4804 fructuo-

748 4855 839 4912 se,
870 4853 971 4896 nec
1001 4852 1131 4893 vere
1158 4835 1437 4895 observari
1463 4842 1714 4907 possunt.
1749 4836 2072 4908 Respondeo
2100 4834 2350 4910 negando

748 4924 1595 5001 consequentiam3supponimus
1624 4924 1767 4982 enim
1798 4940 2109 4982 sermonem
2135 4940 2258 4982 esse
2285 4924 2352 4982 de

748 5016 1043 5075 haereticis
1090 5014 1373 5087 baptizatis
1394 5054 1409 5081 ,
1454 5016 1551 5087 qui
1582 5014 1893 5087 generalius
1930 5020 2212 5088 apostatae
2247 5014 2355 5071 dici

750 5096 1012 5178 possunt;
1053 5105 1164 5161 sive
1206 5102 1275 5161 ad
1316 5102 1669 5174 iudaismum,
1701 5105 1817 5162 sive
1843 5102 1913 5161 ad
1940 5105 2348 5180 paganismum,

746 5195 866 5255 sive
896 5194 961 5253 ad
989 5193 1259 5271 propriam
1287 5191 1555 5252 haeresim
1584 5195 1831 5255 translati
1861 5196 2079 5254 sint.De
2103 5194 2186 5253 his
2214 5210 2349 5269 ergo

2208 342 2408 391 mmm
2441 342 2536 390 lv.

2407 464 2658 523 omnibus
2697 468 2927 537 negatur
2951 462 3376 535 consequentia,
3406 462 3534 534 quia
3561 468 3694 519 sunt
3721 477 3847 519 vere
3875 460 4024 517 sub-

2407 558 2534 613 iecti
2575 550 3400 623 ecclesiasticaeiurisdiction13
3450 568 3574 609 nam
3616 552 3853 609 retinent
3878 550 4023 607 cha-

2408 652 2684 703 racterem
2709 640 3084 715 baptismalem
3104 683 3118 711 ,
3159 638 3310 714 quod
3336 646 3424 699 est
3459 638 3877 699 fundamentum
3907 638 4026 696 hu-

2404 736 2493 793 ius
2523 734 2898 791 subiectionis.
2927 729 2999 789 Et
3025 730 3491 811 licet-secundum
3519 736 3864 803 praesentem
3901 734 4026 785 sta-

2406 828 2526 882 tum
2548 839 2658 881 non
2685 823 2795 879 sint
2819 820 3069 878 absolute
3093 820 3359 892 membra,
3375 827 3558 878 tamen
3577 816 3874 892 aliquando
3894 817 4026 875 i'ue-

2403 918 2542 971 runt
2581 912 2856 983 membra,
2894 915 2954 967 et
2987 914 3182 966 contra
3215 910 3302 966 ius
3338 907 3618 965 Ecclesiae
3654 907 4022 981 acquisitum,

2406 1000 2795 1077 deliquerunt,
2837 1016 2896 1058 se
2923 999 2990 1057 ab
3018 998 3110 1055 illa
3139 998 3463 1072 separando,
3497 1013 3824 1071 semperque
3851 996 3921 1053 ad
3950 994 4024 1053 il-

2407 1093 2516 1150 lam
2545 1092 2721 1150 redire
2752 1092 2878 1166 cogi
2906 1094 3172 1163 possunt,
3202 1089 3330 1161 quia
3356 1090 3572 1160 signum
3603 1085 4024 1145 ecclesiasticae

2408 1179 2800 1239 iurisdictionis
2828 1193 3044 1250 semper
3074 1178 3126 1233 in
3155 1192 3214 1241 se
3241 1176 3506 1247 retinent,
3545 1182 3603 1231 et
3629 1174 3835 1231 ratione
3862 1173 4023 1231 illius

2408 1269 2576 1326 veluti
2615 1268 3014 1326 inchoationem
3057 1265 3352 1341 quamdam
3387 1264 3597 1322 habent
3631 1264 4022 1322 membrorum

2407 1358 2708 1417 Ecclesiae.
2751 1355 2905 1417 Unde
2947 1357 3037 1426 tit,
3081 1362 3146 1412 ut
3183 1356 3302 1412 eius
3332 1354 3641 1427 praeceptis
3672 1352 4020 1425 obligentur,

2407 1454 2467 1506 et
2503 1454 2696 1505 contra
2734 1445 2824 1504 illa
2861 1451 3095 1519 peccent
3128 1444 3218 1501 illa
3251 1460 3361 1500 non
3391 1442 3680 1501 servando.
3707 1443 3898 1515 Neque
3927 1456 4024 1496 re-

2406 1535 2542 1607 fert,
2584 1536 2738 1610 quod
2775 1551 2886 1593 non
2913 1533 3151 1593 babeant
3175 1533 3360 1604 fidem,
3389 1535 3504 1591 sine
3532 1549 3642 1607 qua
3671 1531 3761 1589 illa
3787 1546 4023 1605 praece-

2407 1630 2501 1698 pta
2530 1626 2738 1682 servari
2766 1640 2873 1681 non
2902 1629 3157 1696 possunt,
3183 1624 3312 1696 quia
3338 1621 3502 1679 fidem
3527 1621 3725 1679 habere
3753 1625 4018 1694 possunt,

2408 1721 2465 1771 et
2497 1730 2594 1787 per
2634 1714 2758 1771 illos
2789 1718 2920 1785 stat,
2950 1713 3246 1785 quominus
3277 1727 3386 1769 non
3415 1712 3676 1783 babeant,
3713 1716 3769 1766 et
3801 1708 3922 1767 ideo
3949 1723 4025 1765 ex

2408 1819 2473 1862 eo
2501 1805 2682 1877 capite
2705 1818 2814 1861 non
2834 1810 3198 1863 excusantur.
3214 1803 3373 1859 Sicut
3390 1808 3654 1875 peccator
3675 1814 3872 1857 carens
3891 1812 4024 1871 gra-

2410 1895 2486 1951 tia
2530 1909 2639 1950 non
2686 1900 2989 1951 excusatur
3027 1891 3358 1966 obligatione
3396 1891 3672 1964 praecepti
3709 1888 4026 1946 communi-

2408 1981 2572 2039 candi
2593 2025 2608 2053 ,
2650 1982 2780 2056 quia
2819 1988 3000 2054 potest
3031 1998 3090 2039 se
3122 1981 3185 2039 ad
3217 1982 3450 2055 gratiam
3479 1994 3826 2054 praeparare.
3856 1979 4029 2035 Prae-

2410 2078 2662 2145 terquam
2693 2069 2842 2143 quod
2867 2070 3040 2128 multa
3062 2077 3359 2143 praecepta
3389 2068 3765 2127 ecclesiastica
3785 2074 4025 2141 possunt

2408 2161 2594 2237 quoad
2637 2162 2998 2218 substantiam
3041 2162 3249 2217 servari
3285 2159 3352 2218 ab
3382 2160 3659 2217 haeretico
3689 2160 3745 2215 in
3771 2173 3838 2215 eo
3866 2163 4024 2215 statu

2405 2258 2788 2325 permanente3
2820 2256 3006 2324 potest
3031 2250 3175 2309 enim
3212 2249 3475 2322 ieiunare,
3507 2248 3720 2307 solvere
3746 2246 4020 2317 decimas,

2409 2350 2466 2401 et
2503 2340 2722 2399 similia.
3386 2384 3394 2391 .

2486 2436 2542 2491 2.
2573 2429 2829 2488 Secundo
2869 2428 3168 2487 dicendum
3207 2434 3324 2501 est,
3356 2426 3502 2499 leges
3532 2426 3834 2499 pontificias
3861 2423 3928 2481 de
3957 2440 4022 2481 se

2411 2520 2654 2594 obligare
2681 2519 3012 2577 christianos
3041 2533 3230 2574 omnes
3252 2515 3496 2587 adultos,
3513 2515 3721 2588 ubique
3743 2520 4020 2571 terrarum

2410 2607 2769 2682 degentes,et
2793 2610 3199 2680 cuiuscumque
3223 2612 3402 2664 status
3424 2620 3524 2661 seu
3549 2602 3882 2661 conditionis
3903 2602 4022 2659 exi·

2411 2704 2578 2755 stant.
2610 2699 2670 2754 ln
2700 2695 2807 2753 hoc
2844 2684 3005 2753 etiam
3031 2702 3118 2753 est
3145 2710 3342 2767 magna
3370 2693 3674 2751 differentia
3697 2694 3842 2749 inter
3868 2692 4020 2763 leges

2411 2786 2823 2845 ecclesiasticas
2871 2791 2928 2841 et
2971 2785 3193 2857 civiles;
3243 2800 3370 2841 nam
3414 2783 3602 2841 civiles
3651 2782 3834 2840 nullae
3863 2788 4020 2853 sunt,

2413 2892 2558 2950 quae
2600 2875 2917 2932 universum
2965 2873 3232 2948 obligent,
3266 2879 3331 2930 ut
3357 2873 3624 2945 superiori
3651 2872 3789 2931 libro
3819 2871 4022 2943 proba-

2413 2973 2534 3023 tum
2560 2972 2786 3037 est,nec
2815 2964 2982 3021 etiam
3011 2962 3252 3037 obligant
3277 2978 3468 3019 omnes
3497 2967 3678 3020 status
3709 2961 4020 3033 hominum,

2412 3055 2541 3128 quia
2589 3053 2825 3111 clericos
2874 3052 3114 3125 obligare
3159 3066 3270 3109 non
3319 3057 3578 3122 possunt,
3609 3050 3715 3107 nisi
3741 3059 4020 3123 quatenus

2415 3158 2515 3215 per
2541 3156 2780 3200 canones
2811 3142 3238 3216 permittuntur,
3269 3146 3326 3197 et
3351 3139 3543 3197 saltem
3573 3155 3852 3198 summum
3880 3142 4023 3211 Pon-

2417 3232 2616 3289 tificem
2657 3231 2809 3289 nullo
2857 3230 3306 3304 modo'obligare
3353 3237 3618 3303 possunt;
3660 3229 3806 3302 leges
3832 3237 4022 3288 autem

2415 3325 2717 3381 canonicae
2745 3336 2813 3379 ex
2839 3336 2942 3379 suo
2970 3335 3171 3393 genere
3195 3321 3490 3393 utriusque
3515 3320 3745 3378 effectus
3767 3327 3901 3378 sunt
3923 3336 4020 3377 ca-

2419 3426 2605 3486 paces.
2637 3412 2912 3469 Probatur
2937 3426 3072 3483 ergo
3101 3410 3253 3482 prior
3280 3426 3428 3483 pars,
3452 3411 3584 3484 quia
3610 3416 3853 3483 potestas
3878 3412 4020 3467 Pon-

2421 3502 2578 3560 tificis
2621 3498 3084 3557 universalissima
3129 3504 3217 3555 est
3265 3513 3434 3571 supra
3483 3504 3654 3555 totam
3682 3498 4016 3570 Ecclesiam,

2419 3591 2517 3647 sed
2557 3590 2814 3647 Ecclesia
2853 3602 2964 3661 per,
2995 3588 3312 3644 universum
3355 3586 3543 3645 orbem
3571 3585 3641 3643 de
3677 3602 3736 3645 se
3767 3585 4020 3644 dimlndi·

2418 3686 2532 3751 tur3
2577 3692 2708 3751 ergo
2750 3684 2806 3733 et
2845 3681 3086 3749 potestas
3112 3676 3408 3748 Pontificis3
3436 3689 3572 3751 ergo
3599 3680 3657 3733 et
3683 3674 3831 3748 leges
3859 3674 3926 3732 ab
3954 3690 4018 3731 ea

2421 3766 2801 3841 procedentes.
2820 3763 2973 3823 Unde
2991 3764 3355 3838 constat,hoc
3378 3779 3501 3821 esse
3526 3764 3811 3837 proprium
3838 3763 4019 3836 legum

2419 3856 2742 3915 Pontificum
2759 3896 2775 3927 ,
2822 3854 2954 3927 quia
2981 3853 3300 3911 universalis
3327 3859 3570 3927 potestas
3597 3852 3820 3925 propria
3845 3860 3930 3910 est
3956 3852 4016 3907 il-

2422 3946 2551 4005 lius.
2583 3944 2698 4003 Sub
2737 3944 2822 4000 his
2862 3949 3044 4001 tamen
3071 3942 3586 4017 comprehendimus
3617 3957 3855 3999 canones
3883 3956 4016 3999 eon-

2421 4036 2674 4093 ciliorum
2714 4033 3086 4107 generalium,
3129 4034 3258 4106 quis
3297 4030 3372 4089 illi
3411 4031 3574 4089 etiam
3609 4046 3642 4087 a
3666 4031 4015 4088 Pontificibus

2420 4122 2792 4196 approbantur
2813 4161 2829 4194 ,
2865 4128 2922 4177 et
2967 4136 3033 4177 ea
3067 4122 3415 4194 potissimum
3445 4120 3652 4177 ratione
3680 4120 3788 4176 vim
3820 4118 4017 4177 habent

2419 4200 2717 4284 obligandi3
2766 4216 2824 4267 et
2865 4209 3059 4267 eadem
3108 4210 3320 4265 ratione
3356 4207 3746 4281 comprehendi
3782 4218 4016 4282 possunt

2421 4316 2660 4360 canones
2701 4299 3069 4357 conciliorum
3109 4297 3564 4372 provincialium,
3597 4300 3642 4355 si
3677 4314 3712 4355 a
3749 4300 4018 4357 Pontifici·

2420 4389 2526 4448 bus
2563 4390 2638 4446 ita
2677 4395 2808 4447 sunt
2847 4387 3156 4461 approbati,
3185 4393 3250 4444 ut
3286 4387 3344 4443 in
3383 4402 3618 4461 corpore
3649 4389 4014 4447 Decretalium

2421 4467 2530 4537 sint'
2561 4479 2779 4551 inserti,
2822 4477 2909 4536 vel
2957 4474 3144 4551 aliquo
3173 4475 3334 4558 modo
3361 4493 3464 4551 pro
3493 4477 3748 4535 universa
3773 4476 4016 4535 Ecclesia

2419 4569 2723 4641 acceptati,
2755 4569 2919 4640 eique
2947 4566 3292 4624 sufficienter
3319 4566 3606 4638 propositi.
3639 4568 3710 4623 Et
3733 4565 3858 4625 ideo
3883 4566 4010 4637 dixi,

2421 4657 2520 4716 has
2547 4656 2694 4731 leges
2721 4656 3026 4729 pontificias
3052 4654 3121 4712 de
3149 4671 3210 4713 se
3235 4655 3476 4728 obligare
3508 4654 3874 4731 ubique,quia
3895 4672 4018 4729 pos-

2419 4753 2555 4805 sunt
2591 4748 2753 4803 etiam
2794 4745 3084 4803 Pontifices
3128 4744 3277 4819 leges
3305 4744 3448 4802 serre
3474 4761 3579 4818 pro
3605 4746 3772 4803 certis
3801 4748 4014 4819 provin-

2419 4838 2543 4909 ciis,
2586 4835 2673 4893 vel
2711 4836 2930 4910 regnis,
2961 4841 3016 4891 et
3057 4841 3188 4892 tunc
3216 4850 3283 4891 ex
3312 4836 3611 4893 intentione
3639 4835 3858 4894 illorum
3887 4834 4015 4895 limi·

2418 4925 2626 4985 tabitur
2653 4924 2914 4999 obligatio
2943 4924 3099 4981 iuxta
3126 4930 3374 4981 tenorem
3401 4923 3559 4997 legis.

2495 5018 2568 5074 Et
2604 5013 2801 5073 eodem
2839 5013 3005 5073 modo
3051 5013 3318 5087 probatur
3363 5011 3519 5072 facile
3567 5028 3698 5087 pars
3747 5014 4012 5087 secunda,

2419 5105 2549 5180 quia
2587 5104 2736 5179 leges
2774 5104 3186 5162 ecclesiasticae
3237 5102 3479 5177 obligare
3513 5110 3749 5175 possunt
3785 5103 4013 5162 clericos

2418 5200 2476 5254 et
2521 5195 2736 5269 laicos,
2787 5200 2844 5252 et
2892 5208 3000 5251 non
3043 5192 3223 5252 solum
3261 5192 3542 5253 inferiores
3582 5192 3826 5253 homines
3853 5236 3868 5267 ,
3927 5192 4014 5253 sed
