4325 6267
1664 298 1876 353 CAPUT
1911 300 2130 351 XXXV·

348 429 399 479 in
424 429 521 492 εἰε,
548 430 601 480 in
624 430 812 495 quibus
830 440 931 481 non
948 434 1030 480 est
1047 428 1224 480 eadem
1242 429 1397 484 ratio,
1411 434 1465 479 et
1482 428 1535 479 in
1554 428 1671 492 lege
1687 428 1752 479 de
1770 441 1871 479 non

348 499 573 550 ferendis
594 502 749 551 armis
772 506 945 551 noctu.
960 498 1092 550 -3.
1120 500 1368 561 Dubium,
1396 506 1451 549 et
1476 500 1610 551 ratio
1632 499 1873 551 dubitan-

346 570 419 621 di.
433 572 569 621 -4.
582 570 941 622 Resolutio.—
954 571 1005 621 5.
1020 570 1276 623 Probatur
1294 582 1355 619 ex
1374 568 1637 633 Scriptura
1656 577 1711 620 et
1729 577 1874 620 utro-

350 654 449 705 que
474 642 605 692 iure.
620 642 753 692 —6.
782 640 923 691 Unde
946 642 1186 705 princeps
1210 652 1331 691 suae
1366 640 1469 705 legi
1502 640 1781 703 obligetur.
1802 665 1872 677 —

352 712 399 761 7.
436 711 680 787 Ιζῑίῐιεερε
713 712 974 774 obligatur
1006 711 1070 761 ad
1106 710 1405 761 servandam
1438 722 1581 761 suam
1616 710 1778 774 legem
1812 722 1875 760 ex

352 783 549 831 virtute
573 788 626 832 et
651 781 872 833 efficacia
896 782 1058 845 ipsius
1076 781 1359 845 legis.—8.
1382 780 1875 832 Difficultas—Eva-

347 852 423 902 sio
446 866 459 901 :
500 852 551 901 ei
588 852 847 902 obviatur.
869 878 937 887 —
958 851 1011 902 9.
1039 852 1151 902 Alia
1186 852 1449 915 responsio
1470 851 1877 915 probabilior.—

349 921 685 987 oppugnatur
727 921 1207 986 dupliciter.—10.
1253 920 1516 973 Resolutio
1551 922 1879 972 auctoris.—

352 993 435 1043 11.
474 992 549 1042 De
569 992 857 1042 rationibus
890 992 1190 1042 extrinsecis
1214 990 1439 1041 scandali
1462 998 1515 1042 et
1540 990 1878 1043 deformitatis

348 1075 549 1113 morum
570 1098 587 1123 ,
613 1074 745 1126 quae
770 1062 833 1112 ad
858 1061 1219 1113 ostendendam
1244 1062 1489 1126 principis
1511 1062 1879 1113 subiectionem

351 1132 453 1195 legi
480 1131 949 1183 afferuntur.—-12.
974 1132 1239 1185 Praedicta
1258 1131 1511 1195 obligatio
1525 1139 1605 1181 est
1628 1132 1879 1182 naturalis

349 1204 401 1251 in
440 1202 637 1263 radice,
677 1208 857 1266 utpote
879 1216 1011 1267 quae
1035 1204 1270 1267 sequitur
1291 1214 1353 1251 ex
1378 1203 1577 1251 ratione
1600 1204 1707 1265 ipsa
1730 1210 1879 1254 natu-

350 1272 467 1333 rali;
482 1272 767 1322 formaliter
791 1278 870 1323 est
892 1274 1129 1337 positiva;
1143 1272 1358 1322 humana
1378 1273 1611 1322 absolute
1630 1272 1800 1322 divina
1818 1285 1880 1321 ex

350 1341 721 1406 hypothesi.--
736 1342 820 1393 13.
848 1342 1065 1393 Dubium
1088 1342 1151 1393 de
1173 1342 1373 1406 legibus
1395 1343 1879 1406 municipalibus—-

350 1413 433 1462 14.
459 1411 567 1463 Lex
594 1425 695 1463 non
718 1413 914 1475 obligat
938 1414 1218 1477 principem
1242 1411 1409 1476 quoad
1446 1414 1549 1463 vim
1576 1414 1877 1474 coactivam,

348 1482 600 1545 siquidem
630 1496 731 1532 non
768 1482 953 1532 habeat
992 1483 1405 1547 superiorem.—
1430 1482 1515 1532 15.
1548 1481 1881 1533 obiectio.—

354 1552 435 1603 16.
460 1552 837 1615 Responsio.—
858 1552 941 1602 17.
967 1552 1266 1617 Replicatur
1297 1552 1361 1601 ad
1394 1552 1789 1616 responsionem.
1810 1579 1883 1589 -

351 1622 433 1672 18.
458 1621 631 1673 Omnis
650 1634 807 1686 poena
827 1623 1050 1686 pertinet
1070 1623 1133 1672 ad
1150 1624 1255 1673 vim
1272 1624 1733 1674 coactivam—19.
1756 1624 1881 1673 Ter-

349 1694 421 1743 tia
444 1692 853 1743 obiectio.——20.
884 1692 1340 1757 Responsio.-21.
1362 1694 1551 1755 Quarta
1566 1694 1881 1744 obiectio.—

347 1763 425 1812 An
450 1763 693 1827 princeps
729 1763 990 1825 obligetur
1022 1764 1247 1814 civiliter
1280 1764 1478 1814 ratione
1502 1776 1625 1813 suae
1648 1764 1879 1828 legis.—

350 1832 436 1883 22.
484 1832 717 1883 Tertium
757 1839 1004 1897 punctum
1036 1833 1101 1883 de
1135 1835 1425 1891 irritatione
1458 1840 1755 1885 contractus
1787 1846 1880 1885 seu

347 1903 585 1965 actionis,
614 1909 667 1953 et
692 1904 825 1954 ratio
849 1903 1320 1955 dubitandi.—23.
1350 1904 1576 1954 lrritatio
1610 1903 1881 1968 aliquando

350 1982 427 2025 est
456 1986 587 2037 pure
610 1974 837 2037 poenalis
861 1980 915 2025 et
938 1976 1173 2039 proprie;
1201 1976 1401 2039 saepius
1424 1980 1504 2024 est
1538 1972 1752 2025 effectus
1787 1987 1880 2039 per

347 2056 403 2095 se
450 2045 682 2095 intentus
728 2044 795 2095 ob
840 2042 1157 2096 honestatem
1206 2058 1403 2095 morum
1448 2045 1781 2108 reipublicae.
1810 2071 1879 2081 —

350 2112 436 2167 24.
472 2114 827 2178 Respondetur
860 2115 1051 2165 rationi
1086 2114 1375 2167 dubitandi.
1395 2142 1466 2151 —
1489 2113 1576 2165 25.
1603 2114 1881 2181 Responsio

349 2184 411 2233 ad
440 2184 610 2247 legem
634 2180 915 2248 Princeps.

376 2334 423 2388 1.
457 2330 668 2402 Duplex
695 2336 876 2402 potest
902 2346 1023 2387 esse
1050 2329 1357 2405 legislator,
1390 2330 1606 2389 scilicet
1634 2345 1883 2388 commu·-

288 2420 425 2475 nitas
454 2418 669 2493 aliqua,
698 2419 785 2476 vel
820 2419 1113 2493 singularis
1140 2436 1373 2493 persona
1399 2423 1567 2477 unius
1596 2422 1877 2494 principis,

290 2517 389 2568 aut
412 2511 661 2581 praelati.
693 2510 765 2569 Et
792 2512 1041 2585 quamvis
1080 2518 1337 2585 respectu
1372 2513 1669 2585 utriusque
1707 2512 1883 2585 possit

290 2602 535 2672 quaestio
566 2600 753 2658 locum
780 2600 985 2663 habere.
1000 2617 1131 2659 cum
1166 2604 1551 2675 proportione,
1576 2608 1757 2661 tamen
1784 2620 1882 2676 po-

288 2690 557 2749 tissimum
584 2700 837 2749 versatur
856 2695 911 2748 in
936 2694 1223 2765 posteriori
1255 2708 1442 2749 sensu.
1472 2694 1607 2749 Nam
1635 2694 1689 2749 in
1710 2694 1881 2765 priori

290 2788 499 2841 certum
538 2790 655 2853 est,
700 2780 875 2855 legem
932 2782 1097 2839 latam
1137 2798 1171 2839 a
1208 2782 1601 2840 communitate
1640 2781 1880 2856 obligare

288 2878 475 2942 postea
500 2888 691 2929 omnes
714 2888 975 2946 personas
997 2872 1142 2930 illius
1165 2874 1605 2946 communitatis,
1629 2879 1695 2930 ut
1712 2875 1882 2929 sumi-

291 2966 380 3018 tur
404 2976 468 3019 ex
500 2964 679 3035 capite
713 2964 869 3020 Cum
896 2978 1093 3020 omnes
1110 3007 1125 3031 ‚
1164 2962 1231 3020 de
1259 2963 1479 3020 constit.
1511 2965 1582 3020 Et
1604 2962 1745 3020 ratio
1771 2970 1878 3037 est,

291 3051 415 3123 quia
460 3052 825 3109 communitas
864 3059 951 3109 est
989 3068 1159 3126 supra
1198 3069 1583 3127 quascumque
1622 3070 1879 3127 personas

290 3142 427 3199 eius.
458 3144 532 3201 Et
566 3143 669 3199 hac
707 3145 915 3201 ratione
952 3142 1039 3200 lex
1069 3143 1176 3201 lata
1202 3146 1255 3199 in
1286 3144 1531 3215 capitulo
1558 3144 1793 3217 generali
1820 3160 1875 3202 v.

290 3246 343 3303 g.
377 3231 585 3306 obligat
612 3234 792 3305 ipsum
821 3233 1160 3301 Generalem,
1185 3239 1243 3289 et
1262 3235 1344 3290 sic
1366 3232 1434 3290 de
1456 3234 1594 3290 aliis.
1619 3235 1673 3292 si
1698 3242 1879 3292 autem

289 3321 407 3377 talis
436 3322 523 3379 lex
552 3328 901 3395 comparetur
930 3322 995 3379 ad
1022 3324 1203 3395 ipsum
1232 3330 1483 3380 senatum
1501 3366 1515 3394 ,
1542 3339 1643 3380 seu
1670 3324 1883 3395 capitu-

288 3410 434 3485 lum,
466 3414 550 3470 sic
592 3414 777 3473 eadem
813 3421 901 3471 est
924 3414 1064 3471 ratio
1094 3414 1159 3471 de
1187 3412 1312 3486 illo,
1340 3420 1399 3471 et
1425 3412 1492 3470 de
1520 3428 1879 3487 quocumque

290 3506 533 3576 principe
553 3503 727 3577 legem
755 3504 977 3562 serente.

365 3598 421 3650 2.
453 3593 713 3652 Secundo
740 3591 1157 3665 supponendum
1185 3600 1273 3650 est
1292 3636 1306 3663 ,
1332 3608 1641 3651 sermonem
1662 3608 1784 3650 esse
1814 3592 1879 3651 de

295 3680 537 3756 legibus,
579 3700 722 3757 quae
759 3683 963 3741 habent
999 3684 1261 3740 rationem
1305 3690 1360 3739 et
1399 3684 1677 3741 materiam
1717 3683 1785 3741 de
1820 3698 1880 3742 se

288 3774 677 3849 universalem,
708 3781 765 3832 et
789 3790 1140 3832 communem
1167 3774 1269 3846 ipsi
1300 3774 1561 3848 principi,
1596 3781 1658 3832 ut
1682 3782 1771 3832 est
1795 3773 1882 3833 lex

288 3880 341 3919 v.
372 3882 425 3939 g.
457 3872 650 3923 taxans
688 3866 865 3938 pretia
900 3880 1117 3936 rerum,
1144 3871 1199 3921 et
1225 3863 1451 3938 similes;
1484 3866 1535 3921 in
1564 3866 1763 3938 quibus
1794 3881 1883 3921 ra-

289 3954 364 4011 tio
390 3956 652 4029 iustitiae,
682 3955 767 4013 vel
808 3953 1033 4013 alterius
1070 3955 1289 4012 virtutis
1324 3954 1515 4013 eadem
1544 3959 1707 4013 estin
1736 3957 1881 4029 prin-

290 4045 435 4118 cipe,
459 4054 517 4104 et
541 4046 771 4121 reliquis
797 4044 1125 4119 reipublicae
1152 4045 1439 4125 membris3
1470 4060 1595 4103 nam
1633 4047 1679 4102 si
1709 4052 1883 4103 mate-

290 4136 369 4193 ria
388 4138 473 4195 vel
503 4140 643 4195 ratio
669 4137 803 4211 legis
833 4152 941 4193 non
962 4136 1031 4193 sit
1057 4136 1389 4209 communis,
1415 4134 1625 4193 clarum
1645 4142 1749 4209 est,
1772 4152 1881 4193 non

292 4226 752 4299 comprehendere
779 4226 1097 4300 principem.
1123 4226 1421 4283 Commune
1440 4224 1749 4297 exemplum
1770 4231 1878 4297 est,

294 4317 341 4372 si
368 4317 573 4375 seratur
600 4317 686 4375 lex
703 4359 719 4391 ,
750 4323 815 4374 ut
840 4332 999 4375 nemo
1025 4322 1197 4373 noctu
1224 4330 1375 4373 arma
1394 4314 1625 4381 deserat,
1656 4315 1745 4373 illa
1772 4332 1881 4374 non

294 4406 499 4482 obligat
522 4408 846 4481 principem,
868 4407 996 4481 quia
1016 4422 1119 4464 nec
1140 4404 1320 4477 decet,
1342 4420 1444 4463 nec
1464 4411 1549 4463 est
1568 4394 1881 4465 accommo-

295 4495 419 4555 data
446 4500 613 4558 statui
638 4501 790 4572 eius,
820 4504 878 4557 et
902 4496 1022 4555 ideo
1050 4512 1115 4556 ex
1156 4498 1444 4555 intentione
1483 4497 1743 4569 principis
1769 4538 1785 4571 ,
1826 4502 1885 4555 et

295 4590 447 4661 quasi
474 4606 545 4653 ex
567 4589 805 4649 naturali
832 4589 951 4663 lege
972 4588 1266 4661 imponitur
1291 4588 1687 4658 communitati,
1719 4593 1783 4645 ut
1804 4587 1883 4644 di·

300 4680 527 4738 stinctae
554 4696 586 4737 a
610 4680 851 4753 principe
872 4721 887 4751 ,
916 4684 972 4735 et
1009 4676 1127 4735 ideo
1154 4676 1305 4734 illum
1342 4693 1451 4734 non
1478 4676 1695 4751 obligat.
1729 4677 1887 4734 Sicut

298 4771 455 4830 etiam
494 4778 677 4845 potest
714 4770 829 4827 fleri
856 4770 941 4827 lex
969 4785 1069 4843 pro
1097 4768 1371 4839 commupi
1403 4766 1584 4839 plebe,
1622 4782 1762 4841 quae
1790 4782 1886 4824 no-

298 4860 432 4919 biles
469 4878 577 4920 non
618 4862 850 4935 obliget,
891 4860 1021 4934 quia
1060 4876 1169 4916 non
1208 4865 1294 4916 est
1319 4858 1421 4915 illis
1449 4856 1883 4928 accommodata,

296 4957 359 5008 ut
385 4968 483 5026 per
520 4970 579 5011 se
615 4956 864 5023 constat,
905 4956 965 5007 et
998 4948 1165 5007 tradit
1200 4946 1513 5005 Aristoteles
1556 4952 1608 5004 3.
1650 4947 1886 5005 Ethico·

298 5056 437 5099 rum
465 5060 589 5117 cap.
634 5046 701 5117 93
742 5056 873 5115 ergo
911 5039 1089 5098 multo
1129 5036 1303 5113 ma'gis
1341 5038 1396 5095 id
1434 5036 1550 5094 (ieri
1574 5037 1776 5109 poterit
1800 5052 1887 5094 re·

298 5142 493 5206 spectu
543 5134 823 5208 principis.
866 5132 1047 5189 Tertio
1088 5127 1469 5201 distinguenda
1509 5134 1642 5185 sunt
1678 5127 1727 5183 in
1770 5127 1887 5200 lege

303 5223 390 5285 illa
408 5227 515 5286 tria
532 5266 547 5297 ,
578 5224 791 5282 scilicet
815 5223 899 5281 vis
923 5221 1213 5295 directiva,
1243 5218 1527 5293 coactiva,
1556 5224 1614 5277 et
1639 5218 1884 5291 irritans,

456 5336 628 5383 Susum
638 5366 651 5387 .
669 5334 729 5382 Dc
746 5332 933 5391 unitus
946 5352 999 5365 -
1011 5330 1118 5377 Pars
1135 5329 1173 5375 1.

3327 279 3452 345 289

1942 442 2041 484 seu
2068 426 2206 483 dans
2237 426 2465 485 sormam
2495 423 2871 483 contractibus
2891 428 2948 482 et
2971 422 3213 496 iudiciis,
3243 428 3300 482 et
3326 422 3394 481 de
3421 423 3530 479 sin-

1940 516 2087 591 gulis
2116 516 2386 590 agendum
2412 523 2518 587 est,
2548 516 2680 573 licet
2700 515 2876 589 prima
2896 514 2966 572 sit
2987 514 3277 587 praecipue
3299 514 3523 571 intenta.

2023 611 2075 663 3.
2106 606 2295 675 Quoad
2319 609 2430 665 vim
2457 622 2589 681 ergo
2615 605 2930 663 directivam
2971 604 3266 663 difficultas
3295 612 3411 678 est,
3455 622 3524 662 an

1942 702 2200 755 teneatur
2226 699 2478 771 princeps
2504 699 2558 755 in
2586 697 2922 755 conscientia
2950 712 3169 754 servare
3205 696 3379 769 legem
3407 711 3439 751 a
3467 712 3526 753 se

1942 788 2128 845 latam.
2157 790 2229 845 Et
2255 790 2393 847 ratio
2416 787 2694 846 dubitandi
2721 796 2836 860 est,
2873 787 3002 861 quia
3041 788 3298 861 princeps
3325 786 3530 844 dicitur

1944 894 2067 935 esse
2094 877 2312 936 solutus
2339 878 2550 952 legibus
2581 878 2634 935 in
2661 878 2698 934 l.
2730 880 3044 951 Princeps,
3079 877 3135 934 ff.
3176 876 3242 934 de
3272 876 3428 951 legib.
3461 876 3532 934 Et

1946 969 2166 1043 adiungi
2204 974 2384 1043 potest
2410 971 2582 1039 ratio,
2612 968 2738 1042 quia
2764 967 2848 1025 vel
2877 970 3132 1041 princeps
3160 968 3366 1043 obligat
3391 969 3530 1040 seip-

1946 1074 2071 1117 sum
2107 1074 2210 1116 sua
2247 1059 2399 1134 lege,
2426 1059 2513 1117 vel
2551 1059 2824 1133 obligatur
2863 1058 2931 1114 ab
2966 1058 3090 1117 alio.
3121 1062 3240 1117 Non
3267 1061 3525 1131 primum,

1946 1152 2073 1223 quia
2100 1149 2286 1207 nullus
2314 1156 2508 1234 potest
2545 1150 2646 1207 sibi
2681 1151 2782 1223 ipsi
2819 1151 3134 1223 praecipere
3161 1194 3176 1221 ,
3219 1148 3531 1207 inducendo

1946 1238 2348 1313 obligationem
2381 1254 2478 1311 per
2504 1240 2919 1313 promissionem
2946 1239 3089 1296 enim
3115 1238 3198 1295 vel
3219 1244 3411 1295 votum
3432 1253 3532 1311 po-

1946 1334 2055 1387 test
2080 1330 2204 1404 quis
2245 1330 2487 1403 seipsum
2526 1329 2769 1402 obligare
2787 1372 2802 1401 ,
2833 1345 2939 1386 non
2969 1335 3151 1386 autem
3179 1344 3278 1400 pet
3305 1345 3530 1401 praece-

1946 1426 2132 1493 ptum,
2162 1420 2310 1495 quod
2339 1421 2440 1478 sibi
2476 1420 2750 1493 imponat,
2783 1420 2819 1476 1.
2865 1419 3075 1493 penult.
3109 1419 3165 1476 ff.
3209 1417 3276 1475 de
3315 1427 3527 1491 recept.

1948 1511 2139 1567 arbitr.
2171 1512 2242 1568 Et
2267 1512 2404 1569 ratio
2431 1517 2517 1568 εει
2543 1510 2726 1582 clara,
2756 1510 2882 1583 quia
2904 1516 3261 1583 praeceptum
3288 1508 3534 1580 postulat

1948 1599 2408 1674 iurisdictionem,
2438 1600 2526 1657 vel
2553 1600 2880 1675 dominium3
2911 1598 3098 1657 nullus
3135 1606 3322 1656 autem
3350 1604 3531 1672 potest

1947 1690 2378 1747 iurisdictionem
2415 1691 2466 1747 in
2507 1706 2566 1747 se
2607 1690 2836 1762 habere,
2868 1706 2972 1747 nec
3001 1690 3100 1746 sibi
3127 1691 3236 1762 ipsi
3259 1705 3381 1746 esse
3404 1690 3532 1746 sub-

1948 1780 2144 1837 iectus.
2171 1779 2490 1837 Secundum
2515 1782 2678 1837 etiam
2707 1779 2815 1836 dici
2843 1794 2952 1837 non
2979 1784 3192 1853 potest,
3216 1780 3346 1853 quia
3372 1780 3535 1852 legis-

1947 1869 2119 1944 lator,
2165 1877 2230 1928 ut
2267 1871 2378 1944 sic,
2409 1886 2515 1927 non
2544 1876 2632 1928 est
2656 1869 2939 1944 subditus,
2967 1870 3094 1944 quia
3131 1870 3219 1927 vel
3258 1876 3346 1927 est
3384 1872 3534 1942 prin-

1948 1975 2079 2032 ceps
2104 1976 2216 2016 non
2243 1959 2448 2019 habens
2479 1962 2842 2034 superiorem,
2871 1960 2958 2018 vel
2980 1961 3024 2017 si
3045 1962 3116 2017 sit
3133 1960 3269 2019 alias
3291 1960 3532 2031 inferior,

1948 2052 2292 2110 nibilominus
2321 2060 2388 2110 ut
2413 2052 2690 2126 legislator
2719 2070 2827 2109 non
2855 2054 3155 2124 imperatur
3183 2052 3251 2109 ab
3279 2051 3404 2123 alio,
3433 2050 3530 2108 sed

1944 2145 2062 2217 ipse
2088 2144 2204 2200 aliis
2225 2146 2489 2217 imperat3
2513 2160 2646 2217 ergo
2673 2151 2738 2201 ut
2765 2145 2846 2200 sic
2873 2159 2984 2200 non
3005 2149 3188 2215 potest
3213 2142 3282 2198 ab
3308 2140 3413 2198 alio
3437 2141 3536 2197 ho-

1948 2235 2088 2291 mine
2117 2233 2361 2307 obligari.
2389 2236 2500 2293 Nec
2527 2250 2658 2293 vero
2686 2234 2797 2291 dici
2820 2240 3022 2307 potest,
3054 2232 3277 2305 obligari
3307 2238 3438 2289 tunc
3468 2232 3535 2287 ab
3641 2298 3647 2304 ,

1948 2324 2054 2381 alio
2072 2367 2087 2397 ,
2112 2324 2326 2382 scilicet
2353 2327 2484 2397 De03
2515 2342 2640 2383 nam
2669 2330 2994 2399 sequeretur
3021 2339 3130 2380 non
3159 2322 3383 2396 obligari
3411 2322 3533 2396 lege

1946 2414 2221 2488 bumana,
2253 2413 2348 2471 sed
2377 2413 2589 2489 divina3
2621 2416 2772 2489 quod
2797 2413 3014 2471 videtur
3042 2410 3383 2487 absurdum,
3415 2418 3534 2469 tum

1948 2508 2077 2581 quia
2103 2522 2214 2562 non
2239 2512 2424 2579 potest
2458 2504 2543 2563 lex
2580 2504 2672 2563 illa
2711 2506 2953 2579 ostendi3
2998 2511 3116 2562 tum
3157 2504 3362 2577 etiam,
3405 2504 3540 2576 quia

1948 2597 2079 2655 alias
2106 2612 2218 2655 non
2244 2603 2430 2669 posset
2454 2612 2552 2670 per
2579 2596 2853 2653 hominem
2878 2596 3185 2670 dispensari
3227 2595 3280 2650 in
3307 2610 3372 2653 ea
3402 2592 3538 2651 obli-

1947 2690 2204 2762 gatione,
2249 2694 2506 2761 essetque
2555 2688 2755 2761 peioris
2801 2686 3124 2745 conditionis
3169 2686 3288 2760 ipse
3311 2724 3328 2757 ,
3368 2699 3534 2761 quam

1949 2792 2137 2835 omnes
2171 2776 2396 2835 subditi.

2026 2872 2083 2926 4.
2121 2866 2480 2925 Nihilominus
2523 2868 2830 2925 communis
2870 2874 2930 2925 ει
2967 2874 3228 2926 constans
3268 2867 3536 2925 sententia·

1948 2966 2067 3030 est,
2100 2958 2273 3015 teneri
2301 2958 2624 3030 principem,
2655 2974 2756 3015 seu
2781 2958 3144 3031 legislatorem
3166 2964 3274 3015 tam
3296 2957 3534 3029 civilem,

1948 3064 2115 3125 quam
2142 3048 2586 3106 ecclesiasticum
2611 3046 2680 3105 ad
2704 3048 3002 3106 servandas
3023 3064 3153 3105 suas
3173 3047 3344 3121 leges,
3363 3062 3538 3121 quan·

1922 3124 2019 3196 ‘do
2046 3137 2274 3194 materia
2293 3138 2600 3195 communis
2618 3144 2676 3194 et
2695 3137 2941 3196 eiusdem
2963 3138 3190 3196 rationis
3209 3139 3368 3195 estin
3391 3137 3533 3211 ipso,

1946 3236 2003 3287 et
2029 3231 2084 3285 in
2112 3228 2251 3286 aliis.
2283 3230 2456 3286 Docet
2480 3226 2536 3283 d.
2567 3226 2758 3285 Thom.
2795 3232 2844 3286 1.
2877 3233 2944 3300 2,
2975 3244 3032 3303 q.
3065 3232 3160 3299 96,
3192 3230 3351 3285 artic.
3387 3233 3439 3285 5.
3466 3226 3536 3285 ad

1950 3326 1982 3379 3
2010 3361 2025 3392 ,
2054 3326 2111 3377 et
2136 3318 2232 3377 lib.
2271 3323 2324 3377 3.
2348 3316 2527 3377 Poltt.
2560 3318 2784 3376 lection.
2817 3322 2873 3376 9.
2905 3318 2956 3375 in
2979 3319 3068 3374 fin.
3093 3318 3328 3375 conrad.
3359 3317 3533 3375 Caiet.

1948 3416 2005 3467 et
2030 3411 2201 3467 ceteri
2229 3411 2570 3482 expositores
2597 3407 2744 3466 dicto
2769 3408 2929 3467 artic·
2965 3415 3019 3482 5,
3043 3409 3175 3466 Soto
3210 3412 3259 3467 1.
3295 3406 3368 3465 de
3392 3412 3533 3466 inst.

1947 3505 2167 3573 quaest.
2202 3503 2266 3574 6,
2295 3500 2458 3557 artic.
2493 3502 2520 3557 7
2543 3541 2558 3569 ,
2585 3500 2796 3556 Victor.
2825 3498 3018 3556 relect.
3048 3496 3121 3555 de
3140 3501 3430 3575 potestate
3456 3500 3540 3555 ci·

1943 3590 2045 3648 vil.
2076 3607 2230 3648 num.
2266 3595 2332 3649 21
2355 3633 2370 3663 ,
2401 3597 2458 3648 ει
2486 3588 2558 3647 de
2573 3593 2865 3664 potestate
2891 3592 3130 3664 Papae,
3166 3592 3222 3646 et
3255 3588 3534 3647 Com-ilii.

1948 3698 2103 3740 num.
2144 3685 2208 3753 7,
2239 3684 2440 3738 Anton.
2473 3685 2528 3739 2.
2561 3686 2705 3753 part.
2735 3681 2821 3737 tit.
2859 3682 2957 3750 17,
2989 3694 3143 3736 num.
3177 3684 3210 3737 5
3233 3720 3252 3753 ,
3295 3679 3533 3757 sylvest.

1948 3772 2118 3829 verbo
2146 3770 2274 3838 leoe,
2311 3788 2366 3845 q.
2405 3773 2503 3842 14,
2533 3770 2758 3827 Covarr.
2793 3771 2846 3826 in
2873 3784 2998 3843 cap.
3027 3768 3211 3827 Alma
3228 3776 3440 3840 mater,
3485 3773 3534 3829 1.

1947 3879 2005 3936 p.
2036 3869 2069 3929 §
2106 3866 2166 3929 1,
2197 3877 2350 3918 num.
2388 3865 2451 3932 5,
2480 3862 2708 3917 Navarr.
2740 3862 2794 3917 in
2821 3876 2946 3933 cap.
2977 3858 3331 3935 Siquando,
3365 3861 3432 3918 de
3451 3876 3540 3919 re-

1948 3952 2119 4026 scrip.
2150 3952 2460 4024 exception.
2502 3955 2560 4023 1,
2589 3951 2722 4007 etin
2759 3950 2992 4024 Apolog.
3035 3949 3103 4007 de
3147 3949 3402 4009 redditib.
3445 3965 3538 4007 ec·

1946 4041 2292 4116 clesiasticis,
2322 4058 2379 4115 q.
2417 4045 2468 4113 1,
2499 4056 2653 4097 num.
2689 4044 2783 4111 32,
2806 4046 2862 4097 ει
2889 4040 3084 4097 consil.
3118 4046 3206 4099 18.
3235 4038 3302 4098 de
3330 4040 3532 4113 poenit.

1948 4138 2006 4191 ει
2030 4132 2243 4190 remiss.
2275 4130 2539 4189 Abulens.
2568 4130 2756 4187 Matth.
2787 4134 2882 4203 23,
2906 4146 2962 4203 q.
2989 4135 3084 4203 24,
3109 4132 3375 4189 Dominio.
3399 4132 3536 4189 Tur·

1948 4236 2186 4280 recrem.
2222 4228 2278 4279 et
2303 4220 2392 4278 alii
2415 4222 2474 4277 in
2499 4236 2624 4293 cap.
2657 4223 2892 4278 Iustum
2925 4224 3036 4288 est,
3084 4219 3212 4279 dist.
3247 4226 3311 4295 9,
3354 4228 3410 4278 et
3449 4221 3536 4279 alii

1949 4314 2266 4372 canonistas
2293 4312 2346 4368 in
2372 4326 2496 4384 cap.
2533 4313 2687 4369 Cum
2711 4326 2943 4380 omnes,
2982 4310 3052 4369 de
3089 4314 3316 4370 constit.
3345 4312 3540 4370 Glossa

1948 4402 2112 4461 etiam
2132 4409 2190 4460 et
2218 4400 2473 4459 doctores
2501 4400 2554 4457 in
2579 4399 2727 4458 dicta
2753 4403 2794 4459 1.
2824 4404 3140 4479 Princeps,
3189 4409 3246 4461 et
3283 4402 3539 4462 Cuiacius

1951 4492 2045 4551 lib.
2086 4499 2186 4568 15,
2214 4492 2492 4550 observat.
2522 4506 2646 4564 cap.
2683 4496 2737 4550 3.

2031 4588 2083 4641 5.
2118 4582 2318 4640 Probat
2343 4581 2447 4639 hoc
2475 4582 2652 4654 primo
2683 4580 2738 4638 d.
2777 4580 2970 4641 Thom.
3007 4598 3073 4641 ex
3101 4582 3190 4641 illo
3215 4584 3405 4643 matth.
3439 4588 3536 4645 23:

1950 4672 2224 4747 Alliqant
2239 4688 2440 4740 onera,
2459 4676 2514 4729 et
2529 4670 2715 4745 diqito
2731 4688 2838 4730 sao
2853 4672 3062 4732 nolunt
3087 4688 3164 4732 ea
3181 4691 3426 4733 nzovere.
3441 4677 3543 4735 Ubi

1952 4765 2206 4821 Christus
2234 4762 2580 4836 reprehendit
2608 4762 2901 4836 praelatos,
2931 4765 3026 4838 qui
3053 4764 3228 4822 multa
3253 4764 3462 4833 iubent,
3487 4772 3544 4823 et

1952 4869 2063 4913 non
2089 4852 2319 4911 faciunt.
2350 4853 2422 4911 Et
2461 4852 2712 4925 quamvis
2738 4853 2984 4911 cbristus
3023 4856 3326 4927 specialiter
3353 4856 3542 4931 loque-

1952 4953 2110 5003 retur
2150 4951 2342 5002 contra
2379 4942 2731 5016 pharisaeos,
2771 4946 2864 5019 qui
2903 4960 3000 5018 per
3025 4945 3191 5003 falsas
3218 4946 3538 5020 interpreta-

1952 5037 2129 5092 tiones
2155 5050 2220 5092 ea
2248 5048 2417 5090 onera
2456 5032 2662 5107 populo
2687 5033 3058 5109 imponebant3
3089 5042 3269 5093 tamen
3308 5049 3419 5093 non
3448 5052 3540 5093 so-

1954 5125 2071 5183 lum
2115 5122 2463 5199 reprehendit
2500 5140 2593 5181 eos
2631 5139 2698 5181 ex
2738 5123 3098 5201 deceptione,
3139 5126 3234 5183 sed
3273 5128 3435 5185 etiam
3473 5144 3540 5186 ex

1955 5215 2360 5289 inaequalitate.
2402 5213 2554 5275 Unde
2603 5221 2755 5274 recte
2795 5215 2926 5275 facit
2965 5214 3100 5274 illud
3139 5218 3416 5308 Proverb3
3445 5224 3540 5281 20:

3031 5322 3084 5370 3¹1
