4325 6267
1777 299 1989 348 CAPUT
2019 301 2191 348 xvlt.

3424 283 3541 346 147

355 428 420 478 ut
457 424 538 477 sic
583 437 690 477 non
733 420 986 478 seruntur
1029 435 1127 492 per
1155 419 1372 494 aliquod
1398 422 1653 495 generale
1682 423 1943 492 verbum,
2017 423 2256 480 naturali
2285 422 2623 493 affinitatem,
2650 423 2720 478 ita
2748 429 2811 478 ut
2837 439 2866 477 a
2896 421 3085 478 multis
3114 436 3243 477 cum
3272 421 3361 478 illo
3384 421 3617 478 confun-

354 510 458 566 nisi
497 512 552 566 in
595 526 666 568 eo
706 525 907 578 sensu,
939 511 990 565 in
1020 526 1132 582 quo
1160 509 1406 568 includat
1433 513 1615 568 omnia
1643 512 1950 570 necessaria
2017 509 2215 584 datur,
2246 511 2331 568 vel
2374 526 2499 582 pars
2540 509 2810 583 quaedam
2847 511 2965 565 eius
2993 524 3113 565 esse
3141 516 3466 582 censeatur-3
3500 518 3617 568 tum

355 599 424 654 ad
453 601 805 656 intrinsecam
835 598 1124 670 malitiam3
1157 607 1212 656 et
1239 601 1312 656 ita
1335 600 1538 656 nullam
1562 602 1736 673 possit
1758 601 1954 658 admit-

357 697 478 743 tere
517 690 932 760 exceptionem,
976 691 1124 746 sicut
1150 689 1466 746 dicebamus
1494 688 1560 746 de
1592 690 1950 762 prohibitione

354 776 513 847 furti,
563 783 628 834 ut
667 777 876 854 turtum
915 784 1032 846 est,
1063 777 1148 834 vel
1178 777 1470 848 homicidii,
1505 783 1566 834 ut
1593 793 1688 850 per
1715 793 1774 835 se
1803 779 1946 835 mali.

353 867 427 922 Et
462 866 588 922 inde
617 873 772 938 patet
798 868 936 923 ratio
966 869 1308 925 assertionis.
1342 868 1478 923 Nam
1507 866 1654 941 leges
1682 869 1952 924 humanae

357 969 524 1026 saepe
555 954 660 1010 hoc
683 971 790 1011 non
813 955 1126 1026 attendunt,
1151 955 1247 1010 sed
1269 955 1586 1026 simpliciter
1609 957 1954 1028 praecipiunt

354 1051 571 1111 actum,
606 1062 659 1100 v.
690 1060 746 1117 g.
779 1043 1006 1101 reddere
1029 1043 1358 1115 depositum,
1384 1044 1468 1100 vel
1491 1044 1702 1101 solvere
1725 1047 1957 1115 promis-

355 1150 510 1206 sum,
541 1135 596 1188 in
627 1133 826 1206 quibus
857 1133 1085 1206 legibus,
1123 1139 1183 1190 ut
1209 1136 1292 1190 sic
1321 1136 1616 1206 propositis
1646 1141 1826 1204 potest
1863 1134 1955 1188 ha·

355 1221 494 1278 bere
539 1221 722 1279 locum
761 1221 975 1293 epiikia.
1008 1223 1138 1278 Dico
1167 1228 1370 1290 autem,
1403 1223 1508 1278 hoc
1537 1223 1760 1296 intelligi
1788 1223 1838 1278 in
1867 1239 1956 1280 or-

354 1309 484 1366 dine
529 1311 598 1368 ad
638 1312 986 1367 intentionem
1015 1310 1336 1382 legislatoris
1365 1310 1609 1381 humani,
1641 1312 1770 1384 quia
1797 1327 1956 1385 saepe

358 1401 680 1473 contingere
708 1407 910 1472 potest,
937 1405 1002 1456 ut
1029 1399 1306 1473 legislator
1326 1400 1601 1456 humanus
1623 1400 1748 1459 nibil
1772 1399 1838 1456 de
1863 1401 1956 1457 tali

357 1490 684 1560 exceptione
729 1489 1087 1560 cogitaverit,
1125 1503 1228 1546 nec
1255 1489 1400 1544 illam
1430 1503 1688 1560 expresse
1719 1489 1957 1546 intende·

357 1579 458 1645 rit,
491 1575 589 1632 sed
617 1577 802 1648 potius
829 1576 1077 1633 absolute
1103 1583 1162 1632 et
1187 1577 1302 1632 sine
1330 1577 1644 1634 limitatione
1674 1577 1848 1650 legem
1872 1587 1955 1632 tu-

356 1666 481 1723 lerit
526 1664 633 1722 sub
663 1665 842 1721 verbis
879 1665 946 1721 de
973 1681 1032 1720 se
1059 1665 1650 1737 comprehendentibus
1679 1681 1870 1722 casum
1897 1665 1959 1720 il-

355 1755 496 1827 lum,
537 1761 596 1811 et
631 1753 986 1810 nihilominus
1015 1754 1435 1824 interpretamur
1463 1769 1568 1810 non
1597 1745 1959 1825 comprehen-

357 1844 502 1900 disse
551 1843 728 1900 illum.
771 1843 922 1911 Quae
966 1843 1337 1915 interpretatio
1381 1849 1636 1914 respectu
1667 1843 1960 1900 voluntatis

355 1930 684 2004 legislatoris
721 1932 944 1988 humani
975 1938 1058 1988 est
1085 1931 1304 2004 epiikia,
1334 1935 1460 2005 quia
1485 1940 1570 1990 est
1595 1936 1751 2006 quasi
1779 1947 1957 1989 emen-

319 2093 326 2098 ·
353 2022 500 2078 datio
535 2023 690 2090 eius3
721 2023 772 2078 in
803 2039 860 2078 se
894 2037 1022 2078 vero
1049 2029 1107 2080 et
1137 2028 1392 2094 respectu
1423 2024 1556 2096 legis
1585 2024 1847 2080 naturalis
1875 2030 1961 2080 est

356 2117 572 2168 tantum
611 2111 896 2183 explicatio
937 2112 1250 2168 mutationis
1302 2113 1479 2168 tactae
1504 2113 1556 2168 in
1585 2113 1810 2169 materia
1831 2153 1846 2183 ,
1875 2130 1960 2170 ra-

356 2202 502 2256 tione
541 2203 708 2256 cuius
745 2207 904 2256 actus
955 2200 1327 2258 cum.talibus
1370 2202 1801 2257 circumstantiis
1851 2217 1956 2258 non

357 2287 522 2344 habet
555 2303 654 2359 per
683 2305 742 2343 se
771 2287 1052 2356 malitiam,
1083 2305 1184 2344 nec
1211 2289 1695 2362 comprehenditur
1717 2291 1821 2347 sub
1846 2292 1960 2363 lege

357 2375 614 2436 naturali:
659 2378 736 2433 ita
763 2377 937 2433 facitis
971 2381 1058 2432 est
1087 2383 1196 2433 tota
1227 2381 1456 2436 assertio
1487 2379 1680 2450 posita.
1711 2379 1963 2436 Credide-

356 2466 460 2522 rim
493 2466 680 2534 etiam‚
713 2465 900 2536 plures
925 2481 990 2521 ex
1021 2463 1184 2522 dictis
1210 2467 1534 2524 auctoribus
1556 2467 1662 2524 late
1681 2474 1739 2524 et
1759 2470 1961 2539 impro-

355 2554 471 2626 prie
519 2552 797 2611 interdum
837 2555 984 2625 loqui
1011 2553 1080 2610 de
1110 2555 1548 2626 interpretatione
1577 2556 1710 2628 legis
1739 2563 1962 2614 natura·

357 2643 426 2700 lis
445 2686 462 2714 ,
505 2649 774 2701 vocantes
801 2644 1056 2716 epiiliiam
1079 2685 1094 2715 ,
1126 2645 1210 2701 vel
1237 2645 1612 2717 exceptionem
1641 2661 1674 2702 a
1703 2645 1842 2718 lege,
1873 2663 1961 2702 so·

355 2733 466 2791 lam
498 2733 925 2790 declarationem
955 2735 1210 2792 materiae
1239 2741 1295 2790 et
1319 2737 1430 2790 veri
1453 2752 1650 2792 sensus
1675 2735 1839 2808 legis3
1865 2735 1961 2792 sed

356 2839 468 2880 non
491 2829 578 2880 est
598 2822 668 2880 de
693 2823 908 2880 nomine
929 2813 1394 2896 contendendum,
1414 2825 1634 2898 quando
1658 2823 1724 2880 de
1749 2841 1808 2880 re
1830 2841 1962 2882 con·-

355 2919 504 2982 stat3
544 2913 800 2984 quamvis
827 2912 896 2968 ad
925 2911 1302 2984 explicandam
1332 2913 1440 2969 vim
1469 2913 1623 2984 legis,
1651 2920 1708 2968 et
1733 2913 1804 2970 ad
1829 2929 1962 2970 con-

350 3009 567 3058 stanter
601 3001 939 3074 loquendum
967 3001 1035 3058 de
1065 3003 1510 3072 interpretatione
1535 3001 1678 3072 eius,
1709 3001 1962 3060 doctrina

351 3092 484 3148 data
513 3092 832 3148 necessaria
862 3090 1132 3148 videatur.

895 3253 1172 3322 CAPUT
1213 3253 1397 3320 XVII
1406 3304 1422 3320 .

363 3437 584 3492 Utrum
617 3436 706 3488 ius
737 3431 1016 3490 viaturale
1036 3431 1442 3506 distinquatur
1461 3447 1504 3490 a
1523 3436 1654 3490 iure
1673 3437 1952 3505 qentium,

435 3525 586 3596 quia
615 3523 724 3579 hoc
751 3520 896 3578 solis
915 3522 1253 3580 hominibus
1276 3526 1576 3590 convenit,
1607 3520 1763 3578 illud
1781 3525 1962 3578 etiam

440 3611 636 3668 brutis
664 3628 975 3669 commune
1002 3617 1136 3676 est„

921 3778 1405 3841 summarium

365 3953 415 4001 1.
443 3950 781 4014 Explicantur
809 3949 980 3998 variae
1009 3949 1138 3998 iuris
1157 3950 1646 4012 acceptiones—2.
1672 3951 1839 4002 Prima
1859 3953 1968 4015 opi-

433 4022 524 4070 nio
557 4020 858 4069 ini-istarum
892 4017 1217 4080 distinguens
1254 4020 1337 4069 ius
1373 4021 1608 4069 naturale
1645 4033 1673 4069 a
1703 4021 1816 4070 iure
1841 4033 1966 4084 gen·

435 4090 568 4141 tium
583 4125 600 4149 ,
625 4088 760 4152 quod
779 4089 998 4151 primum
1020 4093 1274 4151 competat
1293 4089 1449 4138 etiam
1474 4089 1665 4150 brutis,
1687 4090 1826 4140 istud
1848 4101 1968 4140 vero

435 4160 602 4210 solum
625 4156 918 4208 homini.—
937 4157 990 4207 3.
1019 4157 1268 4208 Auctorcs
1302 4159 1646 4220 improbantes
1679 4160 1966 4222 opinionem

437 4227 1125 4290 infimarum—Responsio
1149 4239 1242 4290 pro
1268 4227 1469 4277 inristis
1493 4226 1556 4277 ad
1582 4227 1968 4277 instantiam.—

433 4299 489 4346 4.
518 4297 772 4348 Reiicitur
795 4297 949 4344 etiam
969 4293 1190 4346 secunda
1209 4297 1380 4359 opinio
1398 4295 1720 4360 distinguens
1741 4299 1823 4347 ius
1842 4309 1968 4358 gen-

439 4369 570 4415 tium
607 4377 636 4414 a
673 4366 926 4426 naturali,
953 4365 1088 4428 quod
1127 4367 1208 4414 ius
1231 4366 1468 4414 naturale
1491 4365 1602 4414 sine
1626 4365 1862 4416 discursu
1887 4365 1968 4415 vel

439 4435 683 4486 facillimo
707 4434 946 4484 discursu
971 4435 1272 4495 innotescit,
1303 4435 1382 4485 ius
1404 4435 1638 4496 gentium
1663 4447 1753 4498 per
1781 4435 1972 4486 illatio-

437 4517 530 4556 nes
553 4504 708 4554 etiam
732 4502 1062 4554 difficilioreS.
1083 4531 1152 4540 —
1173 4503 1226 4553 5.
1253 4503 1423 4553 Tertia
1450 4504 1622 4567 opinio
1646 4503 1971 4566 distinguens

439 4574 523 4624 ius
561 4573 826 4634 naturale,
862 4572 998 4636 quod
1035 4573 1231 4634 obliget
1267 4572 1378 4621 sine
1414 4570 1752 4635 dependentia
1777 4585 1806 4622 a
1831 4580 1974 4636 pote-

438 4650 577 4694 state
602 4641 816 4692 humana
835 4674 850 4698 ‚
876 4647 1058 4692 contra
1095 4653 1218 4692 vero
1251 4642 1334 4691 ius
1355 4642 1608 4706 gentium.
1635 4669 1702 4678 —
1719 4641 1972 4693 Reiicitur

439 4714 568 4763 haec
593 4713 784 4775 opinio.

459 4875 508 4928 l.
543 4869 829 4940 Explicato
871 4868 1104 4926 naturali
1141 4870 1296 4938 iure,
1337 4867 1660 4941 priusquam
1691 4867 1757 4924 ad
1789 4868 1975 4940 positi-

373 4977 504 5018 vum
549 4967 930 5031 transeamus,
961 4973 1163 5029 operae
1203 4960 1442 5030 pretium
1473 4959 1576 5014 erit
1603 4958 1654 5013 in
1684 4957 1787 5014 fine
1816 4957 1977 5013 huius

373 5050 494 5106 libri
537 5049 622 5104 ius
649 5049 933 5121 gentium,
963 5053 1238 5121 quatenus
1282 5045 1348 5102 ad
1392 5046 1657 5103 rationem
1693 5046 1825 5119 legis
1855 5062 1975 5118 spe-

373 5144 528 5211 ctat,
557 5136 874 5212 declarare3
910 5145 1026 5195 tum
1067 5138 1196 5211 quia
1232 5151 1482 5210 magnam
1511 5136 1672 5196 hahet
1698 5152 1830 5195 cum
1856 5139 1978 5194 iure

2020 603 2187 658 etiam
2214 645 2227 670 ,
2259 602 2389 674 quia
2426 617 2491 656 eo
2520 598 2683 655 modo
2709 640 2726 670 ,
2758 615 2869 671 quo
2896 599 2964 655 ab
2992 599 3086 656 illo
3116 598 3506 672 distinguitur,
3534 607 3621 656 est

2021 690 2094 746 illi
2119 690 2664 762 propinquissimum,
2692 695 2747 744 et
2767 690 2923 759 quasi
2947 688 3185 745 medium
3207 691 3346 744 inter
3370 689 3616 746 naturale

2021 782 2104 836 ius
2133 787 2191 835 et
2214 779 2547 849 humanum,
2572 783 2627 833 et
2659 778 2831 848 priori
2862 784 3106 834 extremo
3142 777 3399 848 vicinius,
3422 785 3479 835 et
3500 777 3617 834 ideo

2023 885 2117 940 per
2159 866 2293 924 illud
2335 868 2727 923 convenienter
2769 868 3061 922 transitum
3104 865 3369 923 faciemus
3396 852 3618 940 ad‘pro·

2023 958 2201 1028 prium
2221 959 2305 1012 ius
2328 956 2621 1027 positivum
2644 953 3047 1025 exponendum.
3064 953 3217 1022 Quod
3241 972 3371 1027 ergo
3394 957 3615 1028 aliquod

2024 1045 2096 1102 sit
2130 1047 2221 1101 ius
2260 1045 2538 1117 gentium,
2571 1043 2655 1098 vel
2682 1058 2749 1099 ex
2778 1043 2947 1114 ipsius
2977 1046 3132 1099 vocis
3162 1060 3266 1098 usu
3298 1043 3623 1115 frequentis-

2024 1134 2195 1200 simo,
2226 1147 2415 1189 omnes
2444 1138 2705 1204 tanquam
2735 1138 2951 1188 certum
2981 1139 3331 1203 supponunt3
3366 1149 3490 1188 nam
3518 1134 3622 1189 hu-

2025 1223 2112 1280 ius
2139 1223 2275 1279 iuris
2302 1221 2561 1293 frequens
2591 1222 2797 1276 mentio
2825 1228 2913 1277 est
2944 1223 2995 1275 in
3028 1221 3145 1276 iure
3174 1221 3342 1292 civili,
3368 1222 3420 1276 tl'.
3447 1221 3513 1277 de
3534 1225 3618 1279 iu-

2027 1313 2140 1370 stit.
2176 1318 2231 1367 et
2256 1313 2363 1367 iur.
2395 1317 2453 1368 et
2478 1312 2657 1366 lustit.
2686 1308 2754 1364 de
2782 1311 2903 1365 iure
2932 1308 3203 1378 naturali,
3236 1317 3387 1382 gent.
3412 1318 3469 1367 et
3494 1311 3623 1366 civi·

2026 1401 2092 1471 li,
2123 1407 2182 1457 et
2210 1401 2261 1455 in
2300 1403 2518 1456 neci-et.
2558 1399 2686 1456 dist.
2729 1403 2777 1457 1.
2810 1405 2865 1455 et
2894 1399 3198 1471 sequentib.
3230 1415 3299 1454 ex
3324 1398 3534 1457 lsidoro
3568 1407 3619 1458 5.

2027 1493 2228 1564 Etym.
2262 1505 2385 1562 cap.
2422 1495 2453 1546 2
2475 1527 2491 1556 ‚
2524 1491 2659 1546 etin
2691 1488 2979 1561 utriusque
3010 1488 3143 1544 iuris
3171 1487 3489 1545 doctoribus
3518 1489 3621 1546 illis

2025 1578 2162 1635 locis
2181 1621 2196 1648 ,
2226 1584 2283 1634 et
2309 1581 2513 1650 passim
2535 1618 2548 1645 ,
2581 1585 2637 1633 et
2664 1578 2716 1632 in
2748 1577 2874 1632 divo
2900 1577 3136 1648 Thoma,
3169 1593 3232 1634 ac
3266 1577 3537 1650 theologis
3564 1583 3620 1636 2.

2026 1673 2057 1726 2
2077 1710 2094 1740 ,
2125 1685 2185 1741 q.
2223 1671 2287 1727 57
2310 1706 2327 1736 ‚
2358 1676 2463 1724 art.
2500 1671 2554 1724 3.
2587 1667 2723 1733 Quia
2749 1682 2880 1722 vero
2904 1666 3038 1722 haec
3064 1683 3165 1724 vox
3192 1669 3497 1739 aequivoca
3516 1674 3623 1738 est,

2027 1765 2249 1831 oportet
2274 1758 2419 1814 illam
2450 1756 2813 1828 distinguere,
2848 1763 2909 1812 ut
2936 1757 3381 1828 significationem
3410 1763 3623 1814 tantum

2027 1850 2095 1907 ad
2126 1864 2225 1904 nos
2264 1848 2627 1918 pertinentem
2658 1859 3007 1917 usurpemus.
3058 1847 3151 1900 lus
3178 1845 3322 1902 enim
3350 1845 3627 1902 interdum

2027 1937 2296 2010 significat
2336 1933 2597 1991 moralem
2640 1933 2958 1990 facultatem
2996 1932 3062 1990 ad
3091 1949 3205 1989 rem
3238 1934 3508 2006 aliquam,
3540 1934 3623 1990 vel

2027 2026 2079 2079 in
2108 2039 2201 2088 re,
2233 2025 2344 2080 sive
2371 2025 2439 2079 sit
2468 2038 2657 2079 verum
2690 2023 3022 2094 dominium,
3056 2022 3167 2078 sive
3194 2023 3373 2094 aliqua
3404 2022 3628 2094 partici-

2029 2114 2173 2184 patio
2202 2115 2347 2182 eius,
2378 2111 2527 2184 quod
2555 2118 2644 2169 est
2669 2111 2949 2184 proprium
2980 2111 3254 2168 obiectum
3284 2113 3543 2185 iustitiae,
3570 2119 3633 2168 ut

2028 2208 2248 2258 constat
2276 2217 2340 2256 ex
2364 2201 2419 2257 d.
2442 2201 2648 2257 Thoma
2668 2200 2724 2256 d.
2750 2216 2805 2272 q.
2836 2202 2927 2271 57,
2952 2206 3057 2255 art.
3097 2204 3141 2255 t.
3169 2200 3476 2272 Aliquando
3501 2216 3628 2256 vero

2029 2291 2114 2346 ius
2155 2290 2421 2360 significat
2462 2290 2667 2361 legem,
2710 2305 2854 2361 quae
2893 2295 2980 2344 est
3016 2287 3209 2360 regula
3238 2289 3464 2346 honeste
3496 2305 3626 2360 ope-

2029 2377 2213 2446 randi,
2246 2385 2301 2434 et
2330 2379 2380 2433 in
2410 2377 2575 2434 rebus
2616 2376 2911 2451 quamdam
2950 2378 3281 2449 aequitatem
3310 2379 3624 2451 constituit,

2027 2474 2085 2524 et
2108 2472 2195 2523 est
2219 2467 2357 2522 ratio
2387 2467 2555 2537 ipsius
2584 2467 2717 2522 iuris
2746 2466 2909 2537 priori
2944 2466 3105 2522 modo
3134 2467 3371 2538 sumpti,
3407 2473 3469 2522 ut
3497 2467 3633 2524 dixit

2025 2555 2221 2613 ibidem
2249 2554 2307 2611 d.
2336 2554 2595 2626 Thomas,
2626 2554 2775 2611 dicto
2803 2561 2908 2611 art.
2950 2558 2997 2611 1.
3031 2554 3098 2611 ad
3128 2561 3181 2613 2:
3209 2572 3351 2627 quae
3378 2557 3514 2612 ratio
3542 2561 3631 2612 est

2029 2645 2146 2716 ipsa
2184 2643 2301 2718 lex,
2334 2650 2399 2700 ut
2434 2642 2506 2700 ibi
2546 2643 2710 2715 dicit,
2742 2651 2797 2700 et
2826 2645 2898 2699 ita
2925 2644 3011 2700 ius
3039 2642 3304 2701 coincidit
3330 2659 3459 2701 cum
3488 2643 3631 2717 lege,

2033 2739 2094 2789 ut
2120 2733 2469 2804 praecedenti
2498 2733 2636 2789 libro
2666 2749 2789 2804 cap.
2825 2734 2890 2788 ll.
2920 2733 3247 2789 notavimus.
3274 2734 3427 2791 Unde
3454 2741 3521 2790 ut
3539 2735 3633 2790 ha-

2031 2821 2271 2878 beamus.
2298 2822 2484 2878 brevia
2524 2823 2773 2892 nomina,
2815 2821 3015 2894 quibus
3060 2824 3138 2878 uti
3178 2824 3489 2894 possimus,
3517 2826 3627 2895 pri-

2031 2928 2184 2969 mum
2225 2926 2425 2968 vocare
2468 2927 2764 2982 possumus
2807 2911 2891 2965 ius
2938 2910 3102 2975 utile,
3134 2909 3440 2967 secundum
3469 2911 3636 2968 bone·

2031 3009 2207 3074 stum,
2228 3001 2309 3057 vel
2334 3003 2572 3071 primum
2595 3002 2679 3056 ius
2696 2998 2863 3069 reale,
2878 2998 3181 3055 secundum
3204 2999 3393 3072 legale.
3412 3001 3638 3058 Utrum·

2031 3106 2139 3162 que
2174 3106 2309 3162 ergo
2350 3089 2435 3144 ius
2478 3095 2658 3160 potest
2682 3087 2847 3143 dividi
2874 3089 2925 3143 in
2956 3086 3236 3156 naturale,
3266 3090 3542 3162 gentium,
3572 3097 3629 3146 et

2032 3180 2207 3236 civile.
2255 3179 2391 3235 Nam
2432 3180 2520 3233 ius
2564 3176 2691 3234 utile
2731 3177 2981 3233 naturale
3016 3176 3253 3247 dicitur,
3298 3176 3519 3248 quando
3560 3179 3628 3234 ab

2031 3269 2146 3340 ipsa
2176 3274 2375 3324 natura
2400 3264 2597 3337 datur,
2630 3280 2729 3320 seu
2757 3280 2891 3320 cum
2927 3263 3013 3320 illa
3042 3266 3322 3336 provenit,
3352 3266 3634 3336 quomodo

2030 3357 2249 3415 libertas
2288 3355 2394 3412 dici
2436 3361 2612 3427 potest
2648 3369 2715 3410 ex
2759 3355 2880 3408 iure
2919 3353 3173 3409 naturali.
3205 3352 3369 3408 Civile
3399 3353 3627 3428 dicitur,

2030 3445 2179 3521 quod
2220 3446 2305 3502 ius
2347 3443 2505 3500 civile
2545 3440 2873 3510 introduxit,
2920 3449 2981 3497 ut
3021 3443 3109 3496 ius
3158 3440 3625 3514 praescriptionis3

2028 3536 2311 3605 Gentium,
2354 3531 2501 3606 quod
2541 3547 2607 3587 ex
2648 3531 2925 3586 communi
2956 3545 3062 3585 usu
3094 3533 3341 3602 gentium
3372 3530 3629 3602 habetur,

2035 3631 2097 3679 ut
2116 3629 2203 3678 est
2224 3623 2307 3678 ius
2336 3618 2649 3678 transeundi
2680 3634 2775 3690 per
2806 3619 2917 3674 vias
2946 3617 3215 3690 publicas,
3243 3618 3439 3675 velius
3468 3622 3636 3676 servi-

2031 3713 2166 3770 tutis
2192 3711 2333 3768 bello
2363 3706 2761 3766 introductum.
2790 3709 2965 3780 Atque
2996 3709 3044 3761 in
3078 3705 3179 3762 hoc
3210 3722 3375 3764 sensu
3399 3710 3636 3780 pertinet

2032 3802 2171 3858 baec
2200 3799 2390 3856 divisio
2423 3797 2492 3854 ad
2519 3797 2795 3854 obiectum
2826 3795 3082 3866 iustitiae,
3114 3802 3169 3851 et
3194 3795 3330 3852 sorte
3361 3797 3436 3852 ita
3466 3797 3632 3852 tradi·

2034 3898 2125 3946 tur
2167 3905 2199 3946 a
2234 3888 2288 3945 d.
2321 3887 2529 3944 Thoma
2568 3885 2714 3942 dicto
2745 3891 2847 3941 art.
2884 3889 2938 3942 3.
2971 3886 3029 3941 ln
3062 3887 3331 3957 praesenti
3364 3901 3495 3943 vero
3525 3873 3631 3942 no'n

2031 3981 2108 4036 ita
2147 3979 2426 4051 loquimur
2464 3977 2531 4032 de
2572 3977 2689 4032 iure
2725 3976 3003 4047 gentium,
3036 3974 3129 4031 sed
3162 3983 3223 4031 ut
3248 3983 3335 4033 est
3360 3977 3631 4048 quaedam

2031 4069 2243 4140 species
2266 4067 2416 4138 legis.
2444 4068 2576 4122 Nam
2604 4065 2767 4121 etiam
2792 4064 2877 4119 ius
2900 4063 3071 4136 legale
3093 4080 3191 4135 per
3216 4065 3319 4121 tria
3341 4065 3431 4122 illa
3454 4081 3627 4122 mem-

2031 4158 2131 4214 bra
2160 4154 2324 4212 dividi
2352 4154 2526 4224 solet3
2560 4169 2686 4209 nam
2716 4153 2767 4209 in
2798 4153 2835 4208 l.
2874 4157 2891 4210 l
2922 4192 2937 4223 ,
2966 4159 2999 4218 S
3024 4153 3205 4209 huius
3234 4152 3441 4220 studii,
3478 4153 3532 4211 tl'.
3566 4153 3633 4210 de

2034 4246 2211 4303 instit.
2256 4251 2313 4300 et
2351 4245 2459 4300 iur.
2505 4257 2765 4311 expresse
2805 4240 3041 4310 dicitur,
3072 4243 3159 4296 ius
3188 4242 3487 4298 collectum
3514 4258 3635 4299 esse

2035 4351 2101 4392 ex
2143 4335 2452 4406 praeceptis
2492 4331 2871 4402 naturalibus,
2910 4338 3009 4386 aut
3035 4332 3281 4401 gentium
3305 4373 3319 4401 ,
3350 4339 3447 4389 aut
3472 4332 3635 4388 civili.

2037 4426 2108 4480 Et
2132 4421 2323 4479 eodem
2354 4420 2519 4478 modo
2550 4421 2794 4476 sumitur
2822 4419 3013 4475 divisio
3042 4417 3133 4474 illa
3162 4419 3213 4474 in
3248 4419 3406 4476 titulo
3434 4420 3501 4478 de
3522 4423 3641 4478 iure

2039 4511 2315 4577 naturali,
2357 4511 2643 4583 gentium,
2685 4517 2744 4565 et
2782 4508 2943 4564 civili.
2987 4509 3160 4576 Quam
3210 4507 3527 4566 divisionem
3573 4525 3639 4568 ex

2043 4602 2324 4660 communi
2360 4615 2466 4657 usu
2494 4607 2551 4655 et
2578 4597 2848 4654 sententia
2876 4597 3069 4653 bonam
3099 4612 3221 4653 esse
3254 4599 3637 4671 supponimus,

2039 4701 2098 4750 et
2124 4694 2255 4764 quia
2283 4689 2394 4747 duo
2423 4695 2670 4744 extrema
2700 4686 2943 4742 membra
2975 4686 3107 4742 satis
3136 4692 3265 4742 nota
3302 4695 3434 4744 sunt
3464 4703 3531 4744 ex
3562 4688 3647 4745 di·

2043 4783 2150 4839 ctis
2192 4783 2246 4836 in
2292 4780 2383 4836 lib.
2432 4781 2485 4848 l,
2518 4792 2644 4848 cap.
2679 4775 2901 4846 ultimo,
2946 4781 3167 4847 oportet
3192 4792 3340 4832 nunc
3369 4776 3644 4849 explicare

2045 4868 2353 4928 secundnm
2396 4866 2737 4931 membrum,
2769 4863 2917 4936 quod
2956 4864 3007 4920 in
3041 4863 3188 4919 hunc
3219 4863 3402 4921 locum
3432 4867 3647 4922 remisi-

2045 4976 2206 5028 mus,
2236 4958 2364 5030 quia
2406 4954 2609 5028 pendet
2646 4971 2710 5010 ex
2754 4955 3163 5024 comparatione
3204 4953 3321 5009 eius
3362 4969 3491 5012 cum
3521 4957 3641 5011 iure

2047 5046 2305 5114 naturali,
2340 5044 2485 5103 unde
2512 5045 2675 5103 etiam
2703 5043 2980 5102 constabit
3008 5041 3143 5099 ratio
3168 5048 3225 5099 et
3253 5057 3415 5099 verus
3445 5059 3642 5100 sensus

2047 5139 2218 5196 totius
2244 5134 2543 5192 divisionis.
