4325 6267
1777 393 1990 446 carm·
2016 393 2169 445 xxl.

333 513 618 584 ‘Domina
649 523 722 583 Et
745 521 928 582 reddit
952 521 1253 580 rationem:
1292 523 1594 599 Quoniam
1633 523 1726 580 vir
1753 526 1937 597 caput

344 621 432 674 est
454 613 748 674 mulieris.
775 613 946 672 Multo
979 620 1160 672 autem
1184 614 1354 688 magis
1380 629 1476 671 rex
1509 619 1598 671 est
1633 618 1807 685 caput
1831 611 1936 668 rei-

346 706 600 780 publicae
631 704 970 779 temporalis.
1004 703 1257 762 Similiter
1295 703 1460 762 etiam
1501 719 1693 760 servus
1723 706 1937 760 tenetur

345 798 399 854 in
427 796 766 855 conscientia
793 810 986 869 parere
1011 794 1238 852 Domino
1258 834 1274 866 ,
1303 801 1370 852 ut
1407 793 1568 867 plane
1607 794 1773 852 docet
1799 795 1939 850 Pau-

346 886 432 945 lus
459 887 598 944 locis
627 888 808 944 citatis
825 927 840 958 ,
869 891 928 942 et
953 886 1194 942 sumitur
1219 900 1286 942 ex
1315 891 1365 944 1.
1387 886 1536 942 Petri
1557 889 1698 957 2‚ex
1725 899 1848 955 cap.
1879 886 1929 942 1.

346 979 414 1036 de
440 978 701 1053 coniugio
732 991 1042 1049 servorum,
1075 975 1226 1040 etde
1257 975 1512 1035 omnibus
1534 973 1750 1032 ramulis
1775 974 1826 1030 in
1844 988 1935 1047 00,

348 1067 500 1144 quod
539 1084 608 1126 ex
648 1068 826 1125 0111010
863 1067 1048 1126 facere
1087 1072 1364 1124 tenentur.
1409 1065 1555 1124 Idem
1594 1071 1680 1124 est
1714 1065 1940 1122 manife-

351 1168 530 1226 stum,
561 1165 618 1216 01
642 1157 878 1216 habetur
901 1159 956 1214 10
985 1174 1108 1230 cap.
1142 1159 1212 1216 Si
1237 1159 1549 1225 Dominus,
1587 1160 1684 1226 11,
1716 1163 1932 1231 quaest.

349 1256 417 1322 3,
459 1256 520 1308 01
557 1252 614 1307 10
641 1249 992 1324 religionibus
1033 1248 1145 1305 sine
1171 1247 1352 1322 aliqua
1391 1247 1714 1322 obligatione
1751 1247 1942 1304 huius-

343 1339 537 1414 modi,
595 1354 708 1397 non
747 1344 934 1412 posset
969 1339 1271 1396 consistere
1311 1337 1556 1410 perfecta
1597 1336 1937 1410 gubernatio,

343 1447 480 1506 ergo
530 1430 749 1503 signum
789 1435 906 1501 est,
936 1429 1112 1488 multo
1139 1430 1316 1502 magis
1341 1443 1463 1485 esse
1489 1429 1855 1485 necessariam
1885 1428 1938 1484 in

348 1522 744 1580 communitate
789 1519 1064 1594 perfecta,
1107 1519 1270 1578 etiam
1313 1520 1380 1578 ad
1419 1519 1540 1576 eius
1587 1518 1942 1592 temporalem

346 1613 814 1685 gubernationem.
855 1611 927 1667 Et
948 1613 1087 1668 ratio
1115 1624 1146 1665 a
1174 1611 1349 1682 priori,
1371 1616 1486 1680 est,
1516 1609 1644 1682 quia
1669 1609 1943 1684 guberna·

345 1703 422 1759 tio
450 1701 562 1759 sine
591 1706 864 1773 potestate
901 1698 1132 1773 cogendi
1158 1699 1404 1756 inefficax
1430 1704 1534 1768 est,
1559 1705 1614 1756 et
1633 1699 1788 1756 facile
1809 1713 1945 1756 000-

349 1791 642 1864 temnitur3
675 1790 891 1848 coactio
921 1799 1108 1848 autem
1135 1791 1246 1847 sine
1287 1795 1554 1864 potestate
1584 1787 1852 1865 obligandi
1881 1790 1937 1843 in

351 1882 716 1950 conscientia,
742 1880 827 1938 vel
853 1887 940 1938 est
963 1879 1246 1939 moraliter
1268 1878 1640 1952 impossibilis,
1667 1879 1795 1953 quia
1817 1893 1944 1936 coa-

352 1976 466 2032 ctio
491 1974 633 2031 iusta
675 1974 936 2046 supponit
978 1971 1239 2044 culpam,
1274 1969 1423 2044 quod
1451 1976 1537 2027 est
1562 1969 1718 2027 valde
1746 1968 1939 2041 proba·

351 2067 458 2123 bile
478 2107 494 2138 ,
535 2071 602 2122 ut
637 2065 811 2138 magis
850 2061 1219 2119 declarabitur
1271 2061 1324 2117 10
1367 2061 1722 2134 sequentibus
1745 2065 1806 2116 et
1835 2064 1944 2115 tra-

352 2153 557 2212 ctando
595 2151 664 2211 de
693 2155 810 2226 lege
851 2151 1094 2226 poenali3
1137 2150 1224 2207 vel
1250 2157 1402 2208 certe
1437 2157 1522 2208 est
1546 2149 1702 2207 valde
1739 2149 1946 2205 insusti-

355 2245 536 2320 ciens,
569 2247 700 2319 quia
739 2258 839 2318 per
877 2257 998 2300 eam
1039 2257 1146 2298 non
1185 2247 1375 2315 posset
1416 2241 1468 2299 in
1505 2239 1696 2298 multis
1723 2240 1944 2298 casibus

351 2336 680 2396 necessariis
719 2334 1053 2391 sufficienter
1077 2331 1413 2404 reipublicae
1441 2332 1748 2389 subvenire.

439 2431 490 2486 7.
523 2427 605 2483 Ex
631 2425 712 2484 his
739 2425 898 2483 facile
925 2429 1179 2494 constat,
1210 2422 1343 2497 quid
1372 2422 1440 2480 de
1479 2422 1726 2495 opinione
1753 2422 1948 2480 80100-

359 2518 442 2572 010
471 2515 808 2574 censendum
835 2516 924 2572 sit.
955 2516 1172 2572 Etenim
1199 2515 1245 2570 si
1273 2513 1359 2571 ille
1387 2513 1666 2584 intellexit,
1699 2517 1760 2569 ut
1787 2513 1942 2583 Soto,

359 2610 584 2680 Castro,
629 2615 680 2665 et
722 2607 882 2665 multi
925 2605 1047 2675 alii,
1075 2621 1143 2663 ex
1183 2620 1248 2662 eo
1287 2604 1420 2662 satis
1447 2610 1771 2678 apparenter
1796 2602 1949 2660 colli·

359 2705 497 2773 gunt
516 2739 533 2772 ,
564 2696 696 2755 nihil
724 2713 884 2770 posse
912 2695 1153 2768 praecipi
1181 2709 1279 2766 per
1305 2695 1480 2768 legem
1509 2694 1822 2764 humanam,
1849 2709 1947 2750 seu

359 2790 597 2857 civilem,
625 2787 774 2863 quod
803 2803 904 2860 per
926 2787 1104 2860 legem
1133 2785 1436 2843 naturalem
1465 2791 1817 2856 praeceptum
1841 2799 1948 2840 non

361 2883 466 2948 sit,
497 2878 690 2938 saltem
710 2894 808 2951 per
835 2876 1158 2934 discursum
1185 2883 1244 2932 et
1271 2874 1653 2932 deductionem
1695 2889 1945 2930 necessa·

361 2972 498 3027 riam
536 2985 606 3027 ex
634 2967 910 3043 principiis
937 2964 1306 3036 naturalibus3
1339 2965 1418 3020 sic
1459 2963 1691 3020 assertio
1718 2964 1836 3020 eius
1861 2978 1950 3020 er-

360 3075 528 3118 ronea
552 3067 676 3132 est,
706 3057 936 3116 ethonis
962 3055 1208 3113 moribus
1233 3054 1386 3112 valde
1409 3054 1703 3126 contraria,
1734 3059 1796 3110 ut
1815 3067 1949 3109 con-

363 3157 473 3207 stat
493 3165 560 3208 ex
581 3147 900 3207 testimoniis
927 3152 983 3203 01
1003 3145 1302 3203 rationibus
1325 3143 1600 3210 adductiS,
1622 3150 1679 3200 et
1703 3157 1768 3200 ex
1798 3157 1951 3200 com-

363 3244 516 3298 muni
555 3257 724 3298 sensu
769 3226 1009 3295 fidelium
1049 3237 1099 3293 in
1130 3238 1284 3309 praxi
1312 3240 1368 3293 et
1395 3251 1502 3291 usu
1531 3233 1720 3291 talium
1747 3232 1951 3307 legum,

365 3342 432 3393 ut
469 3333 645 3406 magis
683 3346 748 3387 ea
789 3328 1040 3403 sequenti
1079 3328 1260 3400 capite
1297 3326 1590 3384 constabit.
1622 3327 1678 3383 Si
1707 3341 1836 3384 vero
1867 3340 1955 3381 so·

364 3426 482 3484 lum
513 3420 808 3493 intellexit,
839 3420 987 3493 leges
1018 3417 1283 3474 humanas
1312 3433 1420 3474 non
1460 3416 1700 3490 obligare
1727 3417 1782 3472 in
1822 3431 1954 3473 con-

364 3514 592 3573 scientia
614 3555 629 3584 ,
673 3511 775 3566 nisi
815 3511 873 3566 in
911 3510 1116 3566 virtute
1156 3506 1352 3577 horum
1381 3507 1770 3578 principiorum
1796 3511 1956 3562 natu·

365 3606 582 3664 raliumt
619 3598 1022 3662 obediendum
1061 3603 1147 3655 est
1176 3597 1557 3673 principibus
1582 3597 1862 3654 humanis
1891 3599 1957 3653 in

369 3696 550 3754 licitis
579 3699 636 3751 et
661 3693 936 3757 honestis,
969 3689 1117 3746 iuxta
1143 3687 1300 3746 illud:
1337 3685 1577 3746 obedite
1597 3688 1956 3762 praepositis

365 3788 610 3854 vestris,
648 3783 799 3857 quod
828 3785 1184 3854 praeceptum
1205 3778 1457 3836 naturale
1484 3785 1596 3849 est,
1629 3786 1686 3836 et
1705 3794 1812 3834 non
1836 3783 1956 3834 tan-

369 3889 488 3938 tum
518 3878 844 3951 positivum,
869 3878 923 3929 et
950 3871 1070 3929 ideo
1110 3869 1272 3938 dicit,
1319 3870 1491 3944 legem
1522 3869 1819 3926 humanam
1847 3884 1956 3925 non

368 3969 610 4042 obligare
641 3974 704 4023 ut
733 3964 973 4021 humana
998 3968 1116 4032 est,
1161 3957 1258 4017 sed
1299 3966 1361 4017 ut
1387 3962 1620 4032 pertinet
1661 3959 1730 4016 ad
1765 3973 1958 4032 quem·

367 4061 496 4118 dam
546 4054 777 4133 gradum
826 4053 962 4128 legis
1001 4051 1250 4120 divinae,
1295 4057 1356 4108 ut
1401 4056 1588 4122 aperte
1635 4049 1768 4107 dicit
1813 4046 1960 4106 dicta

368 4152 498 4209 lect.
531 4154 600 4222 4,
629 4145 802 4204 corol.
843 4149 898 4215 ⁴,
943 4140 1297 4214 supponendo
1334 4157 1432 4213 00,
1475 4155 1618 4214 quae
1658 4139 1868 4197 dixerat
1906 4140 1959 4195 in

369 4242 498 4298 lect.
543 4243 612 4311 2,
659 4235 832 4294 corol.
882 4236 908 4293 7
931 4274 946 4307 ,
991 4234 1069 4288 010
1097 4233 1330 4289 sortasse
1355 4231 1422 4289 de
1448 4231 1661 4286 nomine
1690 4229 1952 4303 disputat.

367 4333 755 4391 Verumtamen
791 4341 901 4383 non
929 4325 1043 4380 sine
1072 4322 1329 4380 scandalo
1357 4319 1591 4379 discedit
1618 4336 1650 4376 a
1677 4320 1959 4377 communi

369 4422 536 4480 modo
573 4416 830 4493 loquendi
863 4414 1279 4488 theologorum,
1311 4418 1368 4469 et
1405 4410 1802 4469 introducendo
1845 4427 1959 4467 mo-

369 4513 503 4571 dum
543 4506 798 4584 loquendi
838 4505 1193 4578 ambiguum,
1223 4504 1316 4576 qui
1359 4507 1541 4574 potest
1561 4517 1782 4558 sensum
1809 4517 1963 4559 erro-

371 4619 537 4662 neum
577 4608 634 4658 et
673 4598 829 4656 bonis
874 4595 1120 4652 moribus
1169 4594 1513 4650 contrarium
1559 4591 1836 4649 inducere.
1889 4593 1962 4650 Et

372 4699 657 4767 praeterea
703 4698 918 4758 semper
959 4681 1190 4755 indicat,
1231 4681 1614 4755 obligationem
1655 4681 1844 4738 talium
1886 4679 1963 4739 le-

371 4801 504 4860 gum
543 4796 654 4837 non
695 4775 916 4836 fundari
957 4770 1260 4832 immediate
1301 4773 1353 4829 in
1391 4777 1662 4844 potestate
1689 4771 1960 4845 legislato-

367 4891 526 4946 rum,
560 4870 658 4928 sed
711 4869 763 4926 in
805 4866 1132 4925 deductione
1174 4864 1354 4938 aliqua
1383 4879 1449 4921 011
1477 4863 1743 4936 principio
1773 4864 1956 4938 aliquo

365 4963 652 5034 evidente,
683 4959 766 5016 vel
812 4955 1082 5026 revelato,
1113 4953 1486 5011 subsumendo
1527 4953 1954 5025 propositionem

367 5055 623 5125 dubiam,
667 5051 756 5124 pie
795 5055 977 5106 tamen
1017 5044 1324 5115 creditum,
1353 5050 1408 5101 et
1439 5043 1504 5101 ad
1535 5059 1750 5102 morum
1779 5045 1960 5102 aedifi-

367 5148 648 5208 cationem
677 5142 1070 5215 pertinentem
1113 5135 1246 5192 etin
1275 5134 1379 5192 hac
1407 5133 1738 5192 deductione
1765 5133 1959 5193 fundat

369 5235 669 5313 practicam
712 5228 1127 5301 obligationem,
1170 5230 1232 5282 ut
1271 5231 1420 5298 patet
1456 5241 1522 5282 ex
1561 5223 1705 5282 dicta
1733 5225 1860 5283 lect.
1897 5231 1954 5298 2,

369 5327 634 5390 corollar.
669 5326 732 5400 7,
761 5321 950 5380 100010
984 5315 1271 5377 corollario
1300 5322 1454 5374 sexto
1494 5315 1750 5375 lectionis
1791 5333 1957 5392 quar-

3388 379 3516 448 237

2007 527 2113 578 tae.
2145 521 2263 578 Hoc
2306 526 2490 580 autem
2528 522 2585 578 in
2625 523 2809 598 rigore
2851 522 3047 583 falsum
3070 529 3185 596 est,
3216 521 3342 598 quia
3370 523 3472 581 nisi
3506 524 3595 583 lex

2006 610 2246 670 humana
2287 611 2452 670 addat
2488 612 2901 689 obligationem,
2944 614 3029 672 illa
3070 613 3418 686 probabilitas
3446 657 3462 688 ,
3506 613 3592 673 vel

2005 703 2211 776 pietati,
2254 717 2395 776 quae
2437 709 2661 775 apparet
2686 705 2738 760 in
2766 705 2861 762 tali
2887 704 3147 778 materia,
3174 721 3289 763 non
3317 705 3600 764 sufficerat

2007 791 2074 849 ad
2096 791 2497 865 obligationem.
2528 795 2600 851 Ut
2627 794 2680 851 in
2702 794 2951 868 exemplo
2968 795 3037 852 de
3059 796 3436 854 observatione
3456 799 3599 867 Qua-

2005 881 2367 957 dragesimae,
2392 899 2505 956 quo
2535 886 2734 958 utitur,
2764 886 2974 942 etiamsi
3002 885 3110 943 tale
3136 885 3399 944 ieiunium
3420 903 3520 960 per
3540 903 3599 944 se

2008 979 2331 1046 spectatum
2360 974 2613 1032 conserat
2638 973 2707 1032 ad
2736 977 2989 1050 pietatem
3010 1017 3025 1048 ,
3055 991 3163 1033 non
3204 980 3336 1036 satis
3362 983 3508 1036 esset
3532 977 3601 1036 ad

2009 1063 2430 1137 obligationem,
2474 1065 2577 1122 nisi
2617 1071 2859 1138 potestas
2900 1065 3276 1125 ecclesiastica
3315 1068 3463 1125 illam
3500 1070 3603 1126 im-

2010 1160 2270 1226 0000101,
2300 1154 2556 1229 idemque
2581 1171 2713 1213 cum
2743 1157 3098 1228 proportione
3122 1158 3287 1214 estin
3315 1158 3459 1215 omni
3486 1174 3603 1216 ma-

2008 1244 2142 1300 teria
2162 1244 2299 1318 legis
2330 1244 2621 1316 humanae,
2648 1248 2815 1303 etiam
2836 1246 3023 1303 civilis.
3048 1248 3235 1321 ltaque
3262 1245 3389 1305 11001
3408 1263 3601 1305 verum

2011 1333 2109 1405 sit,
2155 1333 2534 1408 obligationem
2571 1335 2703 1409 legis
2732 1336 3003 1394 humanae
3028 1336 3243 1394 fundari
3272 1337 3455 1411 aliquo
3482 1354 3599 1395 mo·

2011 1423 2080 1482 do
2111 1425 2165 1481 10
2190 1425 2469 1498 principiis
2498 1426 2630 1500 10310
2656 1433 2920 1501 naturae,
2944 1434 3001 1485 et
3028 1443 3336 1501 supponere
3365 1428 3605 1502 aliquam

2013 1513 2323 1571 naturalem
2348 1514 2720 1589 honestatem,
2749 1516 2836 1574 vel
2879 1518 3154 1576 sufficiens
3182 1519 3601 1576 fundamentum

2009 1609 2066 1660 et
2095 1606 2404 1676 materiam3
2418 1605 2765 1664 nihilominus
2787 1607 2903 1680 ipsa
2924 1607 3012 1665 lex
3034 1608 3273 1665 humana
3293 1608 3601 1668 immediate

2009 1690 2161 1749 addit
2205 1693 2585 1767 obligationem
2623 1696 2677 1752 in
2706 1697 3042 1755 conscientia
3071 1713 3179 1755 non
3206 1703 3521 1756 contentam
3550 1698 3605 1756 in

2009 1782 2295 1855 principiis
2327 1783 2463 1857 legis
2491 1792 2752 1860 naturae,
2783 1786 2886 1844 nisi
2914 1786 3091 1846 medio
3114 1789 3339 1860 imperio
3366 1793 3607 1861 potesta-

2012 1871 2076 1927 tis
2105 1871 2395 1931 humanae.

2091 1970 2144 2023 8.
2176 1965 2413 2023 Tandem
2441 1966 2665 2040 intelligi
2693 1974 2873 2040 potest
2897 1984 2963 2026 ex
3005 1968 3199 2042 dictis,
3242 1969 3519 2044 quomodo
3548 1974 3603 2029 in

2011 2056 2162 2111 omni
2202 2055 2319 2129 lege
2360 2055 2600 2114 humana
2640 2059 2823 2131 quoad
2864 2059 3247 2134 obligationem
3274 2062 3392 2118 eius
3420 2060 3604 2119 locum

2011 2145 2239 2220 habeat,
2280 2147 2429 2221 quod
2461 2148 2517 2206 d.
2549 2148 2783 2206 Thomas
2826 2135 2987 2208 docet
3012 2167 3069 2224 q.
3095 2155 3195 2223 95,
3227 2157 3333 2208 art.
3364 2157 3395 2211 2
3415 2193 3431 2224 ,
3459 2156 3601 2222 014,

2015 2252 2235 2294 omnem
2258 2237 2435 2312 legem
2454 2238 2747 2296 humanam
2769 2254 2800 2297 a
2822 2241 2941 2316 lege
2963 2241 3197 2298 naturali
3216 2242 3467 2301 derivari.
3493 2244 3607 2299 Du-

2013 2326 2136 2401 plex
2159 2328 2305 2385 enim
2332 2345 2453 2386 esse
2483 2336 2671 2402 potest
2696 2331 2781 2388 lex
2810 2330 3049 2389 humana
3073 2333 3236 2389 etiam
3257 2333 3460 2391 civilis:
3495 2349 3606 2392 una

2015 2425 2101 2475 est
2120 2417 2453 2476 declarativa
2482 2426 2693 2478 tantum
2729 2421 3069 2495 obligationis
3099 2424 3365 2481 naturalis
3383 2465 3399 2496 ,
3430 2431 3496 2482 ut
3518 2431 3609 2483 est

2016 2509 2105 2567 lex
2132 2511 2314 2568 civilis
2354 2511 2646 2584 prohibens
2686 2513 2895 2570 furtum
2918 2555 2933 2586 ,
2976 2513 3059 2570 vel
3100 2514 3482 2586 homicidium,
3514 2517 3599 2572 vel

2017 2618 2220 2660 usuras
2242 2644 2256 2673 ,
2286 2607 2342 2659 et
2368 2605 2419 2660 in
2449 2604 2769 2662 universum
2797 2605 2969 2662 omnis
2998 2604 3087 2663 illa
3105 2646 3120 2675 ,
3153 2621 3295 2678 quae
3317 2607 3603 2680 praecipit,

2015 2692 2097 2749 vel
2140 2693 2395 2766 prohibet
2433 2694 2670 2767 aliquid,
2715 2695 2863 2768 quod
2894 2711 2991 2768 per
3026 2697 3393 2753 necessariam
3418 2696 3611 2754 illatio·

2018 2800 2142 2840 nem
2172 2782 2468 2841 deducitur
2497 2801 2563 2842 ex
2585 2786 2859 2858 principiis
2891 2785 3023 2858 legis
3051 2785 3315 2843 naturalis
3344 2795 3606 2861 tanquam

2019 2876 2397 2931 necessarium
2423 2873 2491 2931 ad
2516 2891 2739 2932 morum
2768 2874 3131 2948 honestatem,
3166 2884 3228 2933 ut
3246 2878 3457 2934 notavit
3476 2879 3607 2935 Soto

2018 2962 2112 3019 lib.
2143 2968 2200 3022 2.
2234 2961 2307 3020 de
2334 2967 2516 3022 instit.
2550 2981 2606 3038 q.
2644 2970 2703 3034 5,
2730 2973 2841 3022 art.
2876 2972 2943 3036 23
2976 2966 3081 3023 alia
3118 2966 3205 3024 lex
3233 2966 3473 3024 humana
3497 2975 3605 3042 est,

2021 3069 2167 3127 quae
2207 3052 2359 3111 addit
2396 3055 2779 3128 obligationem
2822 3057 3143 3131 specialem,
3184 3074 3327 3133 quae
3368 3075 3435 3116 ex
3474 3058 3607 3117 solis

2022 3143 2309 3217 principiis
2349 3146 2691 3203 naturalibus
2733 3146 2932 3204 deduci
2972 3164 3080 3205 non
3110 3155 3325 3221 posset,
3356 3165 3457 3206 nec
3496 3151 3608 3208 evi-

2022 3234 2247 3308 denter,
2277 3250 2379 3292 nec
2407 3236 2783 3309 probabiliter,
2815 3244 2879 3295 ut
2902 3245 2989 3295 est
3008 3239 3091 3295 lex
3114 3238 3407 3312 prohibens
3435 3255 3499 3296 ne
3524 3255 3610 3298 ar·

2023 3339 2114 3381 ma
2134 3332 2298 3383 nocte
2318 3325 2664 3397 deserantur,
2697 3326 2781 3384 vel
2810 3344 2878 3384 ne
2904 3343 2994 3386 res
3020 3329 3156 3386 tales
3181 3345 3211 3386 0
3239 3344 3409 3402 regno
3431 3335 3609 3388 extra-

2023 3415 2262 3489 hantur,
2293 3422 2349 3474 et
2374 3417 2599 3474 similes.
2631 3419 2767 3475 11010
2788 3417 2988 3491 duplex
3016 3425 3105 3476 est
3123 3417 3379 3476 deductio
3404 3421 3609 3494 exlege

2023 3505 2296 3578 naturali,
2328 3512 2388 3562 ut
2414 3506 2559 3564 idem
2586 3506 2641 3564 d.
2668 3508 2903 3566 Thomas
2926 3514 3109 3566 notat:
3145 3525 3251 3566 una
3270 3515 3359 3566 est
3377 3525 3474 3582 per
3494 3526 3612 3568 mo·

2025 3595 2157 3654 dum
2191 3594 2561 3655 conclusionis
2587 3613 2653 3654 ex
2680 3599 2983 3672 principiis,
3015 3614 3155 3673 quae
3186 3599 3315 3656 satis
3343 3604 3469 3657 nota
3494 3608 3602 3671 est,

2026 3684 2124 3743 alia
2153 3693 2240 3743 est
2278 3702 2373 3758 per
2414 3685 2637 3745 modum
2667 3688 3154 3762 determinationis,
3186 3691 3314 3762 quia
3340 3689 3425 3746 lex
3453 3697 3615 3748 natu·

2025 3775 2154 3832 ralis
2183 3775 2359 3833 solum
2389 3777 2653 3850 praecipit
2694 3778 2896 3852 aliquid
2936 3780 2986 3835 in
3030 3783 3307 3856 generali,
3351 3789 3418 3840 ut
3455 3798 3507 3836 v.
3553 3798 3609 3855 g.

2026 3865 2234 3922 tributa
2260 3880 2381 3922 esse
2410 3867 2699 3940 solvenda,
2732 3868 2993 3927 maleficia
3020 3885 3141 3927 esse
3169 3872 3463 3947 punienda,
3494 3878 3605 3930 010.

2027 3973 2094 4014 ex
2124 3956 2233 4014 hoc
2261 3963 2447 4014 autem
2468 3957 2731 4031 principio
2760 3959 2966 4032 colligit
2992 3961 3233 4033 prudens
3255 3965 3395 4026 ratio.
3411 4006 3426 4035 ‚
3450 3979 3611 4036 opor-

2029 4053 2146 4106 tere
2196 4047 2553 4106 determinare
2596 4055 2803 4106 certam
2843 4051 3205 4123 quantitatem
3248 4054 3475 4126 tributi,
3517 4060 3616 4110 aut

2029 4153 2267 4212 poenae,
2289 4143 2399 4196 etc.
2432 4139 2605 4207 Quam
2632 4138 3133 4199 determinationem
3160 4141 3311 4202 addit
3336 4143 3613 4218 legislator

2029 4227 2303 4286 humanus
2342 4226 2598 4302 prudenti
2637 4229 2893 4302 arbitrio,
2937 4236 2995 4288 01
3033 4247 3131 4304 per
3158 4239 3481 4305 potestatem
3510 4233 3610 4292 sibi

2031 4335 2061 4376 a
2089 4321 2200 4376 Deo
2240 4319 2455 4385 datam,
2501 4311 2673 4376 inedia
2714 4319 2923 4376 ratione
2951 4321 3183 4379 naturali
3209 4321 3393 4395 quoad
3421 4323 3605 4380 civiles

2030 4408 2177 4482 leges
2198 4451 2213 4482 ,
2244 4416 2308 4466 ut
2334 4423 2504 4480 supra
2532 4415 2815 4467 ostensum
2841 4416 2925 4467 est
2948 4429 2965 4483 3
2996 4417 3053 4466 et
3082 4409 3199 4468 ideo
3226 4421 3377 4470 recte
3404 4412 3604 4471 dicitur

2029 4499 2151 4556 talis
2178 4499 2263 4556 lex
2289 4499 2527 4556 humana
2553 4499 2786 4556 derivari
2814 4515 2847 4556 a
2875 4500 3108 4558 naturali
3135 4515 3234 4573 per
3262 4501 3486 4560 modum
3512 4501 3607 4560 de·

2028 4590 2440 4648 terminationis.
2471 4590 2687 4647 Priores
2716 4605 2847 4663 ergo
2879 4590 3025 4664 leges
3051 4588 3410 4649 deducuntur
3437 4593 3606 4667 priori

2029 4682 2227 4756 modo,
2260 4681 2471 4740 scilicet
2490 4696 2590 4754 per
2618 4679 2841 4738 modum
2882 4681 3249 4740 conclusionis
3272 4698 3339 4741 ex
3366 4682 3486 4758 1030
3513 4701 3607 4742 na·

2030 4773 2223 4850 101011,
2256 4774 2387 4846 quia
2413 4787 2474 4829 re
2501 4787 2629 4829 vera
2668 4771 2971 4830 secundum
3015 4789 3074 4829 se
3114 4775 3466 4832 continentur
3505 4775 3609 4832 sub

2029 4870 2142 4921 tota
2170 4861 2455 4920 latitudine
2481 4862 2661 4936 legum
2691 4862 3046 4935 naturalium,
3078 4868 3142 4920 ut
3165 4879 3232 4922 ex
3258 4864 3349 4923 lib.
3375 4866 3441 4924 11.
3473 4882 3607 4924 con-

2029 4960 2168 5026 stat,
2196 4959 2254 5011 et
2279 4969 2346 5011 ex
2373 4953 2424 5009 vi
2451 4953 2671 5010 rationis
2698 4952 2959 5011 naturalis
2993 4953 3195 5013 habent
3218 4955 3607 5030 obligationem

2029 5059 2188 5100 suam
2216 5043 2563 5115 primariam,
2594 5058 2759 5116 quam
2787 5045 2961 5118 magis
2988 5045 3261 5118 inculcat,
3284 5062 3381 5104 seu
3410 5062 3611 5121 propo-

2029 5133 2109 5190 nit
2136 5133 2416 5206 legislator
2442 5132 2752 5205 humanus,
2784 5141 2932 5191 etex
2958 5142 3114 5207 parte
3143 5149 3245 5192 sua
3283 5136 3467 5210 aliquo
3496 5154 3611 5196 mo-

2027 5225 2098 5282 do
2125 5232 2293 5299 auget
2313 5223 2697 5299 obligationem
2718 5224 2863 5282 illam
2882 5225 3071 5283 saltem
3096 5228 3392 5284 extensive.
3420 5230 3608 5287 Poste-

2028 5315 2204 5374 riores
2223 5319 2405 5373 autem
2426 5313 2597 5390 leges,
2622 5329 2765 5389 quae
2779 5314 3147 5388 propriissime
3168 5315 3435 5375 humanae
3458 5327 3609 5390 sunt,
