4325 6267
1813 245 2028 298 mm·
2051 249 2255 302 1111.

403 369 667 444 luntario,
711 373 880 430 tertia
916 373 1133 445 operari
1174 371 1468 430 intentione
1497 371 1759 443 honesta,
1789 378 2002 432 etcum

407 462 661 518 omnibus
683 463 1118 520 circumstantiis
1135 462 1465 519 necessariis
1481 460 1550 519 ad
1569 461 1865 518 bonitatem
1882 477 2001 518 mo-

403 553 578 608 ralem
607 559 792 620 actus,
821 560 881 610 et
908 553 1065 608 omisi
1094 557 1353 624 quartum
1381 552 1448 608 de
1478 549 1639 608 modo
1669 550 2001 608 delectabili-

404 647 491 698 ter
517 640 810 714 operandi,
842 643 974 715 quia
1001 646 1251 713 constat,
1281 656 1389 697 non
1418 639 1616 698 cadere
1643 641 1748 697 sub
1780 653 2002 712 praece·

403 739 594 803 ptum,
626 738 693 789 ut
732 732 804 788 ibi
844 731 1177 804 generaliter
1217 729 1450 788 ostendi.
1483 730 1690 788 Omitto
1719 729 1882 786 etiam
1911 727 2000 785 hic

403 820 631 878 modum
659 821 920 892 operandi
956 834 1021 877 ex
1058 819 1344 877 dilectione
1372 819 1466 876 Dei
1496 835 1663 892 super
1691 819 1904 888 omnia,
1935 814 2002 872 de

401 925 516 983 quo
539 911 610 967 ibi
633 911 792 967 etiam
811 909 943 981 dixi,
961 908 1090 982 quia
1109 909 1284 967 multo
1308 907 1516 966 certius
1538 914 1645 979 est,
1662 909 1830 964 etiam
1851 906 2000 962 hunc

400 999 632 1057 modum
659 1013 768 1056 non
795 999 994 1056 cadere
1023 999 1128 1055 sub
1149 997 1328 1070 legem
1349 997 1669 1056 humanam.
1695 997 1809 1054 Imo
1831 996 2000 1052 etiam

399 1088 471 1145 de
499 1091 676 1160 prima
703 1095 760 1146 et
789 1089 1036 1145 secunda
1065 1088 1378 1145 conditione
1400 1087 1528 1144 nihil
1554 1088 1666 1145 l'ere
1687 1087 1778 1144 bic
1800 1083 2002 1143 adden-

401 1177 537 1234 dum
567 1179 838 1258 occurrit,
866 1177 1069 1234 babent
1088 1178 1231 1233 enim
1253 1176 1499 1234 eamdem
1521 1179 1784 1234 rationem
1803 1176 1860 1232 in
1887 1174 2002 1248 lege

399 1265 658 1337 positiva,
697 1281 863 1340 quam
893 1267 947 1322 in
977 1266 1095 1338 lege
1125 1266 1384 1337 naturali,
1416 1266 1542 1339 quia
1566 1264 1712 1339 leges
1731 1265 2004 1321 humanae

402 1356 569 1412 etiam
597 1355 800 1413 dantur
828 1355 896 1414 de
925 1355 1142 1412 actibus
1171 1355 1451 1429 humanis,
1479 1357 1572 1430 qui
1595 1373 1628 1414 a
1646 1355 1925 1413 voluntate
1949 1360 2006 1412 et

402 1444 614 1501 ratione
646 1443 940 1516 procedere
969 1442 1198 1514 debent,
1239 1450 1295 1501 et
1321 1444 1442 1501 ideo
1469 1445 1572 1500 nisi
1600 1445 1732 1510 liant
1754 1443 2005 1500 volunta-

401 1537 504 1604 rie,
532 1541 591 1590 et
623 1541 1032 1608 consequenter
1057 1548 1123 1590 ex
1154 1550 1180 1589 s
1224 1534 1405 1606 entia,
1438 1549 1546 1591 non
1574 1533 1828 1590 videntur
1849 1531 2003 1588 sulii-

403 1638 554 1696 cere,
587 1631 653 1680 ut
678 1639 776 1697 per
811 1639 907 1680 eos
947 1623 1032 1680 lex
1069 1549 1308 1680 bumsna
1335 1623 1652 1696 impleatur:
1684 1625 1740 1680 in
1768 1636 1880 1695 quo
1906 1619 2006 1677 do·

403 1721 592 1770 ctores
621 1728 810 1770 omnes
838 1715 1130 1770 convenire
1161 1712 1436 1770 videntur.

479 1809 538 1862 2.
563 1803 754 1860 Solum
781 1803 938 1860 video
965 1803 1122 1859 obiici
1153 1818 1336 1874 posse,
1363 1802 1492 1859 hinc
1521 1801 1699 1881 sequi,
1723 1814 1875 1868 eum,
1908 1798 2005 1872 qui

404 1899 521 1950 toto
548 1891 634 1949 die
661 1893 839 1949 ieiunii
866 1890 1087 1962 dormit,
1116 1907 1224 1948 non
1257 1892 1479 1963 implere
1507 1896 1901 1962 praeceptum,
1934 1905 2000 1945 ac

403 1981 640 2040 subinde
678 1981 724 2038 si
761 1983 1257 2039 excommunicatio
1285 1983 1356 2038 sit
1381 1982 1492 2038 lata
1519 1986 1716 2058 contra
1744 1995 1852 2036 non
1884 1993 1998 2034 ser-

403 2079 596 2128 vantes
635 2071 770 2127 illud
809 2076 1201 2143 praeceptum,
1246 2070 1451 2129 incurri
1490 2087 1520 2126 a
1561 2073 1645 2127 sic
1673 2069 1997 2127 dormiente.

401 2159 662 2232 idemque
709 2166 1096 2231 argumentum
1137 2159 1252 2215 lieri
1289 2165 1469 2232 potest
1501 2158 1570 2215 de
1597 2157 1721 2229 illo,
1753 2159 1847 2230 qui
1875 2158 2003 2215 dor-

403 2251 579 2304 miens
607 2247 807 2305 recitat
825 2250 1038 2320 integre
1060 2246 1355 2319 psalmum,
1378 2247 1464 2304 vel
1486 2247 1698 2317 boram,
1725 2254 1784 2304 et
1807 2246 1873 2302 de
1897 2247 2002 2302 hoc

405 2343 594 2394 certus
640 2337 710 2392 sit
752 2351 784 2392 a
821 2335 1346 2408 circumstantibus3
1380 2351 1501 2392 nam
1530 2337 1818 2408 sequitur,
1849 2335 2002 2391 illum

403 2441 510 2483 non
539 2425 846 2497 implevisse
875 2431 1249 2497 praeceptum,
1281 2431 1338 2482 et
1361 2428 1649 2482 incurrere
1683 2439 1999 2494 censuram,

405 2517 451 2570 si
480 2516 590 2572 lata
617 2515 712 2585 sit,
733 2514 836 2570 nisi
859 2513 1058 2570 iterum
1079 2515 1296 2571 recitet.
1321 2513 1500 2570 Tertio
1519 2519 1701 2586 potest
1721 2514 1837 2570 tieri
1861 2514 2001 2570 idem

404 2609 792 2676 argumentum
825 2601 894 2659 de
921 2601 1046 2674 illo,
1073 2603 1170 2674 qui
1199 2603 1452 2660 nesciens
1479 2617 1600 2658 esse
1628 2601 1771 2659 diem
1800 2603 1999 2658 festum

405 2692 628 2748 missam
655 2691 838 2762 audit3
870 2707 997 2746 nam
1025 2692 1272 2764 sequitur
1299 2707 1408 2748 non
1437 2691 1746 2763 implevisse
1775 2706 2000 2763 praece-

403 2786 596 2854 ptum,
635 2779 730 2838 sed
771 2781 944 2838 teneri
974 2780 1038 2836 ad
1068 2783 1268 2838 iterum
1296 2780 1643 2848 audiendam,
1675 2786 1732 2837 et
1757 2778 2001 2837 similiter

401 2871 693 2927 incurrere
709 2884 1003 2926 censuram
1018 2868 1207 2941 latam,
1226 2872 1328 2926 nisi
1351 2871 1550 2928 iterum
1567 2868 1771 2926 audiat.
1789 2869 2000 2936 Quarto

405 2963 591 3030 potest
628 2959 791 3014 obiici
829 2957 898 3014 de
938 2957 1063 3031 illo,
1093 2959 1190 3030 qui
1217 2964 1448 3016 coactus
1475 2958 1745 3015 detinetur
1773 2957 1998 3014 audiens

405 3048 666 3120 missam,
696 3054 753 3104 et
792 3047 1020 3104 interius
1057 3063 1166 3103 non
1202 3049 1326 3104 vult
1363 3047 1554 3105 audire
1591 3048 1636 3102 si
1663 3053 1870 3119 posset,
1903 3045 2000 3104 sed

405 3137 588 3209 potius
624 3136 871 3192 absolute
909 3136 1067 3208 cupit
1091 3151 1198 3193 non
1229 3135 1444 3210 audire,
1471 3142 1528 3193 et
1557 3135 1722 3192 habet
1749 3137 1999 3206 proposi-

403 3231 522 3282 tum
561 3240 667 3281 non
697 3223 984 3297 audiendi,
1014 3224 1120 3281 nisi
1145 3231 1464 3300 cogeretur,
1494 3225 1580 3282 vel
1607 3225 1912 3282 duceretur
1939 3225 2004 3281 ti-

403 3328 558 3370 more
587 3313 790 3370 servili.

483 3403 627 3459 Haec
655 3402 768 3459 sere
797 3408 1119 3475 argumenta
1146 3405 1403 3474 proponit
1421 3401 1628 3460 medina
1647 3402 1703 3476 qL
1739 3405 1866 3472 100,
1889 3408 1996 3459 art.

409 3495 466 3562 9,
499 3499 556 3550 et
579 3495 636 3548 in
665 3492 834 3566 priori
863 3491 1057 3564 docet,
1087 3493 1182 3564 qui
1212 3507 1310 3564 per
1339 3493 1512 3550 solam
1543 3493 1652 3548 vim
1680 3498 1738 3548 et
1762 3493 2002 3548 coactio·

405 3598 532 3648 nem
563 3583 786 3650 ieiunat,
818 3583 952 3656 quia
979 3581 1244 3638 violenter
1273 3582 1525 3653 privatur
1553 3574 1698 3652 cibo,
1730 3581 2000 3653 cumipse

403 3686 515 3728 non
555 3671 829 3728 abstineat
857 3670 1164 3728 voluntarie
1184 3710 1199 3741 ,
1229 3686 1339 3727 non
1369 3670 1590 3743 implere
1619 3676 1998 3743 praeceptum,

405 3769 464 3820 et
501 3762 624 3818 ideo
663 3775 954 3818 censuram
999 3761 1313 3833 incurrere,
1345 3759 1389 3816 si
1418 3762 1668 3832 imposita
1707 3759 1795 3816 sit.
1826 3757 2001 3816 Idem-

407 3866 518 3924 que
558 3849 748 3906 eadem
787 3851 1002 3906 ratione
1042 3848 1252 3906 diceret
1291 3847 1360 3905 de
1400 3846 1734 3920 dormiente,
1782 3846 2000 3920 quando

405 3955 540 3998 cum
578 3955 643 3997 ea
681 3938 961 3996 voluntate
990 3937 1288 3995 dormitum
1316 3939 1432 3994 ivit.
1465 3936 1570 3994 Sed
1597 3935 1747 4009 quod
1775 3936 1843 3994 ad
1871 3951 2001 3994 cen-

404 4044 595 4086 suram
632 4027 855 4099 attinet,
899 4026 1005 4083 boc
1033 4019 1308 4099 probabile
1335 4041 1444 4082 non
1471 4031 1588 4097 est,
1621 4026 1752 4099 quia
1778 4040 2001 4098 praece-

404 4125 563 4191 ptum
603 4117 786 4174 ieiunii
814 4118 1131 4188 negativum
1158 4121 1272 4186 est,
1305 4122 1366 4172 ut
1393 4130 1679 4186 suppono,
1707 4121 1766 4172 et
1791 4115 1914 4171 ideo
1941 4113 2001 4170 li-

405 4215 502 4266 cet
541 4206 728 4265 morali
764 4191 932 4264 modo
975 4221 1086 4261 non
1123 4203 1449 4276 impleatur,
1491 4203 1708 4277 quaudo
1746 4203 2000 4260 voluntas

405 4297 582 4369 deest,
607 4305 786 4353 tamen
823 4292 1006 4368 quoad
1033 4294 1292 4351 effectum
1321 4298 1607 4350 externum
1629 4292 1714 4349 vel
1748 4291 2001 4350 substan-

405 4388 540 4444 tiam
566 4386 825 4458 impletur
846 4426 861 4455 ,
889 4383 976 4440 vel
1007 4382 1199 4440 saltem
1230 4398 1336 4439 non
1367 4381 1620 4454 violatur,
1650 4386 1705 4438 et
1734 4379 1840 4438 hoc
1871 4381 1999 4438 satis

406 4483 515 4548 est,
539 4483 604 4533 ut
631 4489 737 4532 non
764 4474 1083 4531 incurratur
1105 4472 1626 4540 excommunicatio,
1651 4471 1779 4543 quia
1799 4469 1870 4526 ibi
1889 4484 1998 4525 non

406 4571 495 4621 est
529 4564 897 4636 transgressio
936 4563 1176 4618 exterior
1210 4561 1519 4632 praecepti,
1548 4573 1690 4632 quae
1716 4556 1785 4615 ad
1811 4559 2002 4614 incur-

410 4652 640 4710 rendam
663 4649 1283 4708 excommunicationem
1305 4648 1614 4704 necessaria
1628 4652 1734 4720 est.
1753 4647 1864 4702 Nec
1889 4644 2003 4701 sut*-

377 4731 522 4802 'ficit
548 4743 846 4801 voluntatis
883 4745 1119 4797 conatus
1155 4743 1350 4794 contra
1387 4741 1771 4808 praeceptum,
1805 4734 1849 4790 si
1874 4734 2004 4791 effe-

408 4840 536 4893 ctus
563 4849 672 4890 non
703 4835 989 4904 sequatur,
1021 4827 1230 4885 etiamsi
1257 4827 1324 4883 sit
1343 4824 1714 4896 materialiter,
1741 4829 1802 4880 ut
1820 4822 1897 4879 sic
1918 4822 2000 4881 di-

408 4938 566 4992 cam,
611 4926 674 4978 ut
713 4935 778 4976 ex
821 4918 1047 4974 materia
1081 4915 1149 4972 de
1187 4915 1447 4972 censuris
1485 4918 1721 4970 constat.
1755 4911 1826 4967 Et
1861 4910 1999 4969 idem

410 5011 574 5067 estin
604 5009 708 5067 alio
737 5004 1008 5078 exemplo,
1041 5002 1193 5076 quod
1221 5002 1292 5059 ibi
1315 5000 1522 5058 Medius
1549 4999 1772 5057 adducit
1798 4998 1866 5055 de
1893 5001 2002 5057 sol·

409 5105 570 5157 vente
595 5097 837 5156 decimas
865 5102 962 5150 aut
985 5090 1234 5148 debitum
1255 5097 1477 5164 coacte,
1499 5095 1558 5148 et
1575 5087 1780 5146 habens
1799 5103 2002 5161 propo·

569 5207 771 5258 Soanas,
791 5201 1240 5259 munitm-Pars
1257 5199 1294 5246 1.

3458 235 3585 304 265

2075 373 2241 433 situm
2272 390 2377 433 non
2408 375 2688 450 solvendi,
2720 378 2767 434 si
2794 382 3017 450 posset,
3046 377 3255 436 etiamsi
3285 376 3484 436 habeat
3510 394 3671 450 prac-

2073 471 2297 537 ceptum
2334 465 2577 525 solvendi
2625 466 2729 524 sub
2767 481 3006 525 censura
3041 469 3161 540 ipso
3198 468 3316 525 iure
3353 467 3486 526 lata.
3528 470 3667 526 Nam

2072 551 2199 609 licet
2226 554 2315 611 illa
2339 571 2401 612 re
2430 570 2557 613 vera
2586 571 2697 612 non
2721 562 2950 613 excuset
2974 570 3196 630 gravem
3224 557 3446 628 culpam
3478 572 3669 614 coram

2069 642 2181 698 Deo
2203 682 2218 713 ,
2250 649 2307 700 et
2334 644 2611 702 moraliter
2639 661 2746 702 non
2776 645 2997 718 impleat
3022 652 3376 718 praeceptum
3395 687 3412 719 ,
3442 647 3539 704 sed
3568 663 3667 718 po-

2072 733 2183 787 tius
2204 741 2417 805 ’peccet
2446 734 2673 792 interius
2713 741 2909 792 contra
2941 734 3106 806 illud3
3138 735 3494 793 nihilominus
3521 743 3670 792 exte·

2069 819 2186 877 rius
2217 836 2324 878 non
2355 823 2780 897 transgreditur,
2810 829 2866 880 et
2892 823 3155 882 liberatur
3184 840 3215 880 a
3242 824 3443 896 debito,
3473 831 3531 882 et
3558 840 3674 882 ma-

2071 911 2209 967 teria
2248 913 2529 985 praecepti
2575 913 2625 968 in
2668 919 2953 985 posterum
2991 913 3206 970 sublata
3242 921 3359 986 est3
3394 921 3451 970 et
3477 929 3673 972 conse·

2069 1005 2306 1070 quenter
2344 1017 2455 1058 non
2496 1002 2729 1059 incurrit
2769 1016 3097 1075 censuram,
3141 1004 3268 1075 quia
3308 1020 3440 1061 cum
3466 1004 3671 1061 effectu

2070 1102 2179 1144 non
2208 1089 2387 1151 omisit
2414 1091 2679 1163 exterius,
2710 1090 2860 1165 quod
2893 1091 2975 1149 lex
2997 1083 3384 1166 praecipiebat,
3410 1093 3560 1166 quod
3584 1109 3671 1152 sa-

2070 1176 2140 1233 tis
2180 1183 2263 1234 est
2302 1177 2371 1235 ad
2410 1195 2519 1236 non
2558 1181 2949 1238 incurrendam
2987 1197 3281 1240 censuram
3310 1198 3665 1257 quacumque

2068 1267 2281 1324 ratione
2308 1275 2364 1324 et
2385 1269 2545 1326 modo
2567 1270 2625 1325 id
2646 1269 2927 1328 acciderit.
2951 1273 3124 1330 Secus
3146 1287 3277 1329 vero
3298 1280 3386 1329 est
3406 1274 3461 1328 in
3482 1289 3665 1330 exem-

2069 1353 2161 1426 plo
2190 1354 2459 1413 recitandi
2497 1358 2675 1428 posito
2701 1359 2757 1414 in
2785 1358 3030 1415 secunda
3055 1359 3383 1429 obiectione,
3414 1374 3539 1415 nam
3568 1360 3665 1432 qui

2071 1443 2347 1500 dormiens
2375 1445 2584 1516 profert
2604 1445 2767 1502 verba
2788 1449 3193 1518 precationum,
3216 1463 3325 1505 non
3347 1454 3489 1520 orat3
3509 1459 3667 1520 prae-

2069 1539 2295 1604 ceptum
2332 1540 2515 1590 autem
2551 1541 2639 1591 est
2677 1534 2745 1591 de
2784 1535 3021 1609 orando,
3066 1541 3122 1592 et
3158 1534 3279 1592 ideo
3317 1537 3371 1592 in
3407 1537 3501 1593 tali
3530 1551 3669 1592 casu

2071 1630 2427 1696 praeceptum
2457 1640 2565 1682 non
2592 1623 2933 1697 impleretur,
2966 1631 3023 1682 et
3042 1626 3428 1683 incurreretur
3448 1641 3671 1684 excom·

2069 1712 2391 1785 municatio,
2422 1728 2533 1770 non
2562 1713 2841 1770 recitando
2864 1713 3061 1771 iterum
3084 1715 3137 1771 in
3160 1715 3360 1787 vigilia,
3387 1717 3432 1771 si
3454 1714 3563 1771 lata
3583 1729 3673 1770 es·

2071 1809 2157 1860 set
2181 1809 2378 1860 contra
2406 1819 2517 1860 non
2545 1809 2800 1876 orantes,
2830 1802 2958 1875 quia
2986 1803 3073 1860 ille
3099 1819 3227 1862 vere
3256 1820 3365 1860 non
3395 1803 3590 1860 oravit.

2146 1891 2218 1948 Et
2249 1892 2327 1947 ita
2367 1890 2435 1948 ad
2474 1891 2775 1949 secundam
2814 1893 3170 1950 obiectionem
3200 1892 3449 1950 concedo
3475 1907 3672 1966 seque-

2068 1979 2201 2051 lam,
2234 1995 2412 2052 neque
2442 1981 2493 2037 in
2527 1981 2883 2054 consequenti
2915 1991 3001 2038 est
3018 1980 3236 2055 aliquod
3258 1982 3665 2039 inconveniens.

2068 2071 2151 2127 Ad
2192 2071 2405 2126 tertiam
2436 2085 2565 2127 vero
2596 2070 2719 2127 dico
2739 2111 2754 2142 ,
2786 2085 2892 2127 non
2923 2085 3045 2128 esse
3073 2071 3274 2140 simile,
3305 2073 3437 2144 quia
3466 2071 3509 2126 is
3528 2110 3544 2142 ,
3575 2069 3670 2142 qui

2065 2156 2217 2214 audit
2242 2158 2495 2230 missam,
2526 2159 2655 2216 licet
2682 2159 2898 2231 ignoret
2932 2175 3053 2216 esse
3080 2158 3223 2217 diem
3261 2159 3462 2215 festum
3490 2201 3505 2228 ,
3537 2173 3667 2214 vere
3751 2179 3758 2185 ·

2071 2246 2222 2304 audit
2259 2249 2514 2318 missam,
2554 2247 2681 2319 quia
2722 2253 2921 2303 attente
2950 2248 3133 2320 audit3
3165 2250 3275 2305 imo
3303 2249 3465 2304 etiam
3494 2245 3667 2308 libere

2069 2343 2126 2392 et
2163 2341 2458 2407 spontanee
2500 2335 2669 2393 audit.
2710 2338 2784 2394 Et
2818 2337 2892 2393 ita
2926 2335 3014 2394 ille
3042 2345 3201 2394 actus
3230 2337 3439 2392 sufficit
3462 2334 3533 2392 ad
3566 2336 3667 2392 im-

2069 2423 2331 2499 plendum
2367 2430 2755 2498 praeceptum,
2789 2426 2870 2481 vel
2912 2425 3103 2482 saltem
3142 2426 3212 2482 ad
3251 2441 3363 2481 uon
3392 2431 3670 2496 transgre-

2068 2512 2328 2571 diendum
2368 2513 2501 2570 illud
2536 2514 2809 2586 exterius,
2842 2513 2984 2570 unde
3012 2529 3044 2570 a
3070 2513 3281 2570 fortiori
3308 2513 3473 2570 etiam
3511 2503 3668 2568 s'uffi·

2069 2604 2145 2660 cit
2166 2601 2234 2658 ad
2256 2602 2526 2659 vitandam
2550 2617 2867 2659 censuram.
2886 2605 2968 2658 An
2986 2617 3117 2658 vero
3141 2601 3223 2658 ille
3246 2608 3461 2674 postea,
3484 2602 3666 2657 sciens

2068 2707 2191 2751 esse
2212 2692 2353 2750 diem
2376 2693 2576 2749 festum
2601 2699 2850 2764 tempore
2872 2690 3056 2764 babili,
3082 2697 3339 2748 teneatur
3358 2691 3515 2748 aliam
3536 2690 3669 2745 mis-

2070 2797 2189 2838 sam
2216 2779 2427 2854 audire,
2457 2780 2543 2837 vel
2572 2781 2765 2837 saltem
2796 2780 2994 2838 habere
3026 2780 3267 2837 animum
3306 2777 3672 2836 satisfaciendi

2066 2875 2365 2942 praecepto
2402 2884 2499 2941 per
2536 2870 2770 2940 priorem
2810 2868 3173 2940 auditionem,
3214 2869 3443 2926 tractavi
3480 2868 3589 2924 late
3614 2869 3672 2924 in

2066 2965 2205 3016 tom.
2238 2965 2295 3018 2.
2326 2957 2398 3014 de
2422 2955 2609 3031 Reliy.
2638 2958 2732 3015 lib.
2767 2962 2834 3030 4,
2871 2958 2941 3014 de
2971 2965 3116 3014 orat.
3145 2973 3271 3030 cap.
3301 2961 3397 3016 26.
3427 2958 3671 3030 Denique

2065 3047 2209 3105 idem
2260 3062 2391 3105 cum
2438 3047 2793 3120 proportione
2841 3045 3131 3104 dicendum
3178 3055 3265 3102 est
3304 3044 3373 3102 ad
3414 3049 3670 3117 quartam

2068 3136 2430 3194 abiectionem
2451 3176 2467 3207 ,
2498 3136 2549 3191 in
2576 3149 2644 3192 eo
2670 3149 2807 3192 casu
2836 3135 3089 3192 excusari
3116 3135 3454 3192 materialem
3493 3141 3549 3190 et
3575 3149 3669 3193 ex·

2067 3225 2325 3283 teriorem
2369 3225 2862 3296 transgressimem
2898 3227 3217 3296 praecepti,
3246 3222 3396 3298 quod
3426 3224 3556 3279 satis
3582 3239 3671 3280 es-

2069 3320 2155 3370 set
2199 3313 2267 3372 ad
2309 3311 2675 3370 excusandam
2730 3326 3055 3381 censuram,
3096 3328 3207 3368 non
3245 3320 3426 3369 tamen
3462 3311 3670 3368 servari

2069 3393 2251 3460 me'nte
2302 3409 2359 3459 et
2398 3402 2577 3458 animo
2618 3406 2789 3458 totam
2838 3401 3219 3474 obligationem
3266 3401 3569 3474 praecepti,
3614 3406 3671 3458 et

2069 3496 2473 3564 consequenter
2512 3505 2621 3546 non
2660 3492 2915 3547 excusari
2955 3504 3179 3562 gravem
3216 3491 3461 3562 culpam.
3500 3489 3574 3546 Et
3596 3489 3672 3545 ita

2067 3587 2154 3636 est
2180 3576 2563 3653 intelligendus
2592 3577 2897 3634 Antoninus
2926 3574 3106 3634 statim
3134 3577 3383 3634 citandus
3405 3619 3420 3646 ,
3450 3575 3665 3649 dicens,

2067 3683 2177 3724 non
2206 3653 2435 3739 implere
2462 3671 2847 3738 praeceptum,
2876 3667 2977 3738 qui
3002 3671 3169 3723 stant
3206 3664 3289 3723 ad
3314 3663 3669 3722 sociandum

2068 3755 2357 3817 dominos,
2391 3753 2554 3812 alias
2581 3769 2699 3811 non
2727 3752 3023 3811 audituri.
3054 3757 3126 3812 Et
3149 3754 3217 3812 de
3240 3754 3323 3810 his
3342 3752 3668 3810 conditioni-

2069 3845 2175 3903 bus
2207 3845 2341 3902 haec
2372 3843 2681 3915 sufficiunt,
2715 3843 2783 3900 de
2809 3842 3008 3915 quibus
3036 3843 3099 3900 in·
3117 3845 3283 3901 citato
3309 3842 3435 3900 loco
3456 3841 3525 3900 de
3544 3841 3668 3900 reli·

2066 3935 2247 4009 gione,
2280 3931 2453 3990 multa
2476 3931 2603 3989 dixi.

2147 4027 2203 4080 3.
2230 4021 2531 4079 Difficultas
2550 4033 2683 4091 ergo
2704 4018 2884 4076 solum
2907 4026 3159 4090 superest
3178 4019 3245 4078 de
3264 4020 3485 4092 proprio
3504 4019 3669 4076 modo

2065 4110 2283 4166 virtutis
2305 4149 2320 4178 ,
2351 4109 2445 4183 qui
2484 4107 2743 4165 consistit
2779 4108 2829 4162 in
2858 4107 3099 4165 bonitate
3126 4109 3319 4165 morali
3348 4113 3505 4164 actus
3532 4122 3668 4164 con·

2069 4204 2335 4271 surgente
2372 4211 2443 4253 ex
2481 4196 2697 4268 integra
2736 4210 2938 4268 causa,
2970 4196 3023 4252 id
3049 4203 3229 4254 estex
3256 4196 3399 4252 bono
3427 4196 3664 4270 obiecto,

2067 4294 2223 4344 recta
2260 4286 2571 4356 intentione,
2601 4291 2658 4341 et
2688 4282 2807 4340 aliis
2834 4285 3291 4343 circumstantiis.
3322 4284 3496 4357 Aliqui
3522 4287 3663 4342 enim

2069 4377 2271 4432 sentire
2298 4376 2575 4446 videntur,
2605 4378 2897 4445 praecepta
2927 4374 3167 4432 humana
3194 4389 3301 4430 non
3332 4373 3540 4445 impleri
3568 4388 3667 4446 per

2069 4461 2389 4520 huiusmodi
2416 4469 2596 4533 actus,
2620 4462 2722 4517 nisi
2744 4462 3031 4519 includant
3052 4470 3259 4520 rectam
3291 4462 3663 4533 intentionem,

2071 4552 2185 4608 sine
2231 4567 2344 4625 qua
2393 4551 2646 4624 inquiunt
2694 4565 2801 4606 non
2852 4549 3062 4622 impleri
3114 4551 3406 4608 humanam
3463 4549 3661 4622 legem,

2067 4642 2277 4699 etiamsi
2312 4647 2470 4698 actus
2498 4645 2825 4712 praeceptus
2844 4639 2956 4696 liat.
2981 4643 3061 4696 lta
3090 4646 3236 4697 tenet
3262 4638 3551 4715 Dionysius
3586 4639 3667 4694 ci-

2070 4729 2382 4787 sterciensis
2417 4733 2471 4800 1,
2500 4727 2629 4784 dist.
2671 4730 2755 4800 17,
2786 4735 2892 4785 art.
2920 4733 2974 4786 3.
3006 4728 3153 4786 Idem
3175 4730 3339 4786 sentit
3358 4727 3665 4786 Antoninus

2070 4823 2126 4878 2.
2158 4833 2215 4890 p.
2251 4818 2332 4874 tit.
2368 4822 2427 4886 9,
2457 4831 2580 4888 cap.
2620 4819 2709 4886 10,
2739 4812 2764 4881 ἓ
2793 4823 2849 4890 2,
2879 4825 3153 4890 quatenus
3178 4820 3271 4890 ait,
3301 4834 3413 4875 non
3442 4817 3667 4889 implere

2069 4911 2424 4980 praeceptum
2454 4903 2705 4962 audiendi
2736 4907 2980 4976 missam,
3009 4910 3113 4979 qui
3133 4905 3429 4965 accedunt
3448 4905 3535 4963 ad
3550 4911 3670 4964 Ee-

2069 4995 2349 5061 clesiam‚
2393 4997 2461 5050 ut
2492 4990 2766 5061 videant,
2801 4993 2893 5050 vel
2917 4993 3236 5053 videantur
3263 4995 3339 5052 ab
3372 4997 3667 5052 amatori·-

2070 5083 2180 5142 bus
2206 5085 2360 5144 suis.-
2384 5079 2489 5140 sed
2512 5079 2744 5149 debent,
2778 5082 2885 5158 ait,
2914 5083 3193 5143 accedere
3220 5083 3305 5146 ad
3333 5081 3657 5154 orandum,

3130 5190 3186 5236 at
