4325 6267
714 314 839 379 142

719 464 779 517 2.
812 456 1057 515 Aliorum
1098 472 1228 515 vero
1269 458 1449 530 opinio
1489 469 1607 530 est,
1648 448 1905 543 epiikiam
1939 466 1997 517 et
2036 457 2232 515 cadere

636 563 796 621 posse
825 548 875 602 in
903 546 1079 621 legem
1116 552 1371 621 naturae,
1401 557 1457 607 et
1484 551 1551 606 ab
1592 540 1803 607 homine
1843 548 2112 607 interdum
2143 550 2233 605 tie-

635 641 715 710 ri,
747 644 807 695 ut
833 653 865 693 a
891 640 1054 710 Papa,
1094 636 1176 692 vel
1207 636 1275 693 ab
1304 637 1409 695 alio
1436 640 1595 697 simili
1626 646 1950 711 potestatem
1979 639 2226 697 habente.

634 729 938 801 Utrumque
972 726 1136 783 sentit
1178 727 1466 786 Caietanus
1495 734 1549 787 2.
1584 734 1641 799 2,
1672 746 1728 803 q.
1770 734 1907 795 120,
1940 737 2043 785 art.
2087 732 2134 795 1,
2174 726 2234 783 li-

635 825 725 875 cet
763 817 999 890 primum
1046 818 1379 888 expressius.
1425 820 1494 875 Et
1534 820 1674 877 idem
1713 826 1859 876 tenet
1887 816 2021 876 Soto
2050 818 2137 873 lib.
2181 821 2228 874 1.

633 905 706 964 de
735 908 919 963 instit.
956 922 1009 979 q.
1060 908 1125 977 7,
1164 913 1271 965 art.
1312 912 1367 965 3.
1402 906 1467 965 ad
1500 912 1562 976 3,
1594 915 1651 965 et
1682 906 1775 965 lib.
1814 913 1913 979 10,
1944 924 2001 981 q.
2036 911 2088 977 3,
2120 912 2228 962 art.

635 1001 692 1055 4.
726 995 871 1052 ldem
904 995 1009 1052 late
1042 997 1272 1051 Navarr.
1306 996 1500 1053 consil.
1533 1002 1588 1054 4.
1619 996 1691 1053 de
1713 996 1980 1071 despons.
2008 994 2230 1070 impul).

637 1084 691 1142 n.
746 1090 831 1143 16.
875 1092 933 1142 et
981 1090 1076 1158 17,
1124 1088 1268 1143 varia
1310 1087 1590 1145 adducens
1632 1088 1903 1160 exempla,
1950 1087 2041 1143 uhi
2069 1086 2233 1165 etiam

636 1176 810 1233 rel'ert
833 1178 1057 1234 Covarr.
1092 1177 1143 1231 in
1174 1180 1233 1247 4,
1264 1183 1321 1235 2.
1354 1185 1497 1249 part.
1531 1192 1657 1249 cap.
1692 1181 1745 1246 6,
1779 1177 1803 1245 ἓ
1832 1182 1887 1235 9.
1918 1174 2067 1233 Idem
2096 1175 2236 1231 Feli-

634 1284 741 1323 nus
771 1266 1008 1323 reserens
1039 1266 1175 1323 alios
1204 1268 1255 1323 in
1286 1283 1411 1339 cap.
1447 1270 1615 1343 Quae
1642 1270 1707 1325 in
1729 1265 2125 1326 ecclesiarum.
2166 1264 2234 1323 de

634 1357 919 1414 constitut.
951 1372 1103 1413 num.
1143 1360 1237 1414 26.
1269 1359 1337 1413 Et
1368 1374 1578 1427 omnes,
1604 1373 1741 1430 quos
1763 1358 1817 1414 in
1841 1372 1965 1428 cap.
1988 1356 2125 1413 XIV.
2157 1354 2234 1411 al-

636 1447 972 1520 legavimus,
1003 1448 1106 1520 qui
1141 1446 1366 1518 dicunt,
1397 1464 1552 1519 posse
1575 1447 1820 1504 homines
1841 1447 2156 1519 dispensare
2178 1448 2233 1503 iu

638 1538 757 1612 lege
792 1537 1059 1607 naturali,
1084 1552 1115 1593 a
1135 1537 1342 1593 fortiori
1372 1544 1605 1609 possunt
1626 1554 1725 1610 pro
1748 1538 1848 1594 hac
1873 1537 2135 1595 sententia
2158 1536 2235 1592 al-

636 1626 823 1698 legari.
858 1626 1012 1683 Ratio
1052 1641 1180 1682 vero
1220 1634 1343 1700 est,
1372 1630 1503 1700 quia
1546 1628 1679 1685 haec
1722 1628 2093 1701 interpretatio
2134 1643 2232 1683 seu

636 1716 829 1787 epiikia
873 1732 1033 1787 saepe
1074 1722 1159 1773 est
1198 1717 1477 1774 moraliter
1514 1718 1858 1789 necessaria,
1902 1725 1965 1774 ut
1992 1716 2234 1788 proxime

638 1813 920 1863 ostensum
950 1811 1056 1877 est3
1081 1822 1212 1879 ergo
1235 1822 1341 1861 non
1365 1813 1453 1863 est
1473 1807 1783 1879 verisimile,
1798 1822 1918 1863 eam
1940 1806 2041 1861 sibi
2065 1808 2232 1861 Deum

636 1911 946 1952 reservasse
964 1936 979 1966 ,
1002 1894 1098 1952 sed
1128 1895 1454 1967 hominibus,
1477 1912 1619 1969 quos
1644 1912 1775 1952 suos
1802 1897 2077 1951 ministros
2099 1912 2234 1972 con-

638 1984 836 2048 stituit,
859 1984 1215 2042 commisisse.
1232 1986 1507 2042 Probatur
1528 1987 1942 2059 consequentia,
1958 1986 2084 2059 quia
2102 1984 2235 2041 alias

639 2074 874 2129 multum
920 2071 1187 2131 defuisset
1232 2077 1376 2131 Deus
1424 2074 1739 2135 hominibus
1786 2078 1837 2132 in
1884 2077 2233 2141 necessariis,

634 2162 781 2236 quod
814 2178 921 2219 non
954 2169 1040 2220 est
1067 2164 1435 2235 providentiae
1466 2166 1635 2237 ipsius
1664 2172 2116 2221 consentaneum.
2140 2166 2236 2220 Se·

636 2254 798 2326 quela
838 2259 1022 2325 patet,
1062 2254 1190 2325 quia
1230 2269 1491 2310 recursus
1528 2254 1595 2310 ad
1624 2258 1793 2311 Deum
1836 2256 2017 2327 ipsum
2044 2255 2232 2310 imme-

636 2343 779 2401 diate
807 2360 914 2399 non
939 2348 1025 2400 est
1056 2343 1261 2400 homini
1291 2344 1591 2417 possibilis,
1624 2360 1797 2417 neque
1823 2352 1909 2402 est
1935 2350 2237 2401 consenta-

638 2449 774 2489 neus
800 2432 969 2489 ordini
1001 2433 1273 2505 naturali3
1297 2448 1431 2507 ergo
1461 2434 1504 2489 si
1534 2436 1586 2490 in
1618 2435 2004 2491 occasionibus
2031 2449 2234 2490 occur-

638 2523 877 2579 rentibus
918 2538 1025 2579 non
1063 2529 1211 2579 esset
1250 2524 1304 2579 in
1346 2522 1665 2581 hominibus
1701 2531 1941 2597 potestas
1970 2522 2035 2579 ad
2067 2524 2231 2579 inter-

639 2612 961 2686 pretandum
1003 2614 1092 2668 ius
1143 2613 1421 2684 naturale,
1464 2614 1626 2671 etiam
1655 2621 1871 2686 praeter
1900 2613 2064 2669 verba
2092 2614 2232 2683 eius,

639 2704 684 2759 si
710 2718 882 2761 causa
918 2700 975 2759 id
997 2702 1237 2775 postulet
1259 2744 1273 2775 ,
1300 2702 1544 2759 homines
1564 2711 1747 2761 essent
1766 2703 2003 2777 perplexi
2024 2743 2039 2773 ,
2065 2710 2121 2759 et
2140 2706 2239 2759 mi-

637 2792 826 2849 raculo
855 2798 1001 2848 esset
1055 2806 1197 2864 opus
1240 2793 1323 2850 vel
1353 2793 1572 2865 speciali
1601 2794 1929 2851 revelatione
1956 2793 2141 2851 divina
2169 2794 2236 2850 ad

638 2881 944 2955 dirigendas
994 2898 1123 2938 suas
1163 2884 1541 2956 operationes,
1588 2884 1735 2956 quod
1779 2894 2047 2957 repugnat
2090 2887 2236 2942 omni

640 2971 888 3045 prudenti
910 2972 1309 3045 providentiae.
1344 2974 1501 3030 Sicut
1528 2975 1667 3031 inter
1696 2974 1937 3033 homines
1965 2992 2236 3050 repugna-

639 3070 759 3133 ret,
804 3062 1101 3134 principem
1144 3062 1215 3119 ita
1260 3078 1543 3121 reservare
1590 3063 1692 3121 sibi
1736 3066 2238 3138 interpretationem

640 3168 867 3209 suarum
895 3151 1075 3225 legum
1095 3192 1110 3223 ,
1146 3159 1204 3207 ut
1232 3154 1283 3208 in
1315 3152 1635 3211 nullo'casu
1657 3196 1671 3225 ,
1712 3158 1877 3212 etiam
1908 3155 2126 3229 quando
2153 3172 2238 3212 es-

640 3248 725 3298 set
763 3240 1104 3313 impossibilis
1137 3257 1400 3299 recursus
1431 3242 1497 3299 ad
1538 3243 1716 3316 ipsum
1749 3247 2077 3319 principem,
2112 3262 2238 3318 pos-

642 3340 765 3390 sent
790 3332 1016 3389 ministri
1045 3334 1162 3389 eius
1191 3332 1362 3405 legem
1392 3333 1757 3406 interpretari.

719 3428 772 3480 3.
808 3422 1169 3480 Nihilominus
1208 3437 1329 3478 esse
1368 3431 1550 3494 potest
1591 3425 1754 3482 tertia
1779 3426 1985 3497 opinio,
2017 3415 2157 3500 quae
2187 3427 2234 3483 in

640 3513 803 3585 priori
833 3518 1040 3584 puncto
1069 3520 1245 3583 negat
1265 3553 1281 3585 ,
1305 3511 1479 3585 legem
1508 3515 1811 3570 naturalem
1832 3530 1953 3573 esse
1976 3532 2234 3588 capacem

642 3600 863 3673 epiikiae
886 3642 901 3672 ,
933 3607 987 3656 et
1015 3608 1415 3673 consequenter
1444 3602 1580 3659 tollit
1608 3603 2030 3661 fundamentum
2060 3614 2270 3682 poste·-

640 3692 798 3748 rioris
829 3689 1011 3762 dubii3
1048 3706 1173 3746 nam
1225 3706 1291 3746 ex
1332 3691 1437 3746 hoc
1465 3692 1729 3765 principio
1755 3695 2031 3766 sequitur,
2064 3710 2240 3768 neque

543 3778 549 3791 ’
644 3784 816 3840 Deum
847 3781 1025 3852 ipsum
1061 3796 1227 3852 posse
1254 3796 1350 3852 per
1390 3797 1572 3837 veram
1606 3789 1663 3839 et
1700 3784 1967 3855 propriam
1994 3784 2240 3857 epiikiam

644 3886 837 3928 casum
878 3869 1114 3943 aliquem
1159 3871 1407 3943 excipere
1436 3888 1467 3927 a
1496 3871 1612 3945 lege
1641 3873 1892 3930 naturali.
1924 3874 2057 3941 Quia
2086 3876 2129 3930 si
2158 3876 2243 3932 lex

644 3964 761 4035 ipsa
798 3954 1063 4018 naturalis
1116 3976 1223 4017 non
1266 3968 1351 4017 est
1391 3976 1563 4033 capax
1606 3962 1725 4018 talis
1765 3962 2240 4034 interpretationis,

648 4050 777 4108 nihil
810 4053 1005 4107 mirum
1032 4056 1155 4121 est,
1185 4049 1333 4122 quod
1377 4066 1475 4106 nec
1516 4066 1547 4106 a
1576 4052 1683 4107 Deo
1710 4052 1823 4107 fieri
1854 4052 2043 4123 possit.
2074 4053 2243 4126 Igitur

647 4144 883 4214 primum
904 4139 1035 4197 illud
1072 4139 1486 4196 fundamentum
1512 4138 1728 4209 probari
1754 4141 1967 4198 videtur
1994 4159 2057 4198 ex
2087 4144 2243 4200 dictis

648 4230 716 4287 de
746 4229 1175 4301 dispensatione3
1215 4243 1339 4283 nam
1371 4244 1485 4301 qua
1513 4228 1719 4285 ratione
1747 4246 1850 4286 non
1880 4236 2059 4302 potest
2085 4234 2137 4286 in
2171 4232 2244 4287 le-

648 4336 769 4393 gem
810 4321 1005 4376 cadere
1053 4316 1421 4390 dispensatio,
1469 4318 1655 4376 eadem
1716 4336 1891 4393 neque
1935 4320 2245 4378 huiusmodi

648 4409 1044 4482 interpretatio.
1090 4407 1392 4477 Probatur,
1432 4408 1559 4480 quia
1612 4408 1733 4465 ideo
1776 4410 1825 4465 in
1870 4410 1995 4467 talia
2024 4427 2246 4482 praece-

649 4507 741 4573 pta
782 4514 885 4555 non
928 4496 1070 4553 cadit
1094 4497 1453 4568 dispensatio,
1498 4497 1624 4568 quia
1678 4499 1957 4555 continent
1998 4500 2248 4555 intrinse-

649 4605 773 4645 cam
825 4588 1085 4645 rationem
1146 4585 1411 4658 iustitiae,
1452 4602 1550 4643 seu
1597 4586 1755 4645 debiti
1803 4588 2127 4660 honestatis3
2161 4589 2245 4646 vel

655 4677 838 4752 (quod
867 4676 1084 4749 perinde
1120 4675 1239 4744 est)
1268 4676 1396 4748 quia
1434 4685 1727 4751 praecepta
1758 4678 1924 4736 huius
1956 4679 2085 4751 legis
2114 4685 2247 4736 sunt

654 4767 919 4843 quaedam
951 4767 1358 4839 propositiones
1384 4770 1747 4841 necessariae,
1769 4784 1912 4841 quae
1939 4786 2034 4840 per
2056 4786 2248 4827 neces-

658 4858 859 4915 sariam
902 4858 1349 4930 consequentiam
1395 4872 1461 4916 ex
1502 4858 1773 4930 principiis
1800 4859 2141 4916 naturalibus
2168 4861 2249 4916 in-

653 4948 935 5016 seruntur,
968 4945 1062 5002 sed
1090 4946 1401 5004 huiusmodi
1430 4948 1831 5020 propositiones
1864 4948 1915 5004 in
1938 4947 2086 5004 nullo
2118 4949 2250 5005 indi-

659 5037 822 5094 viduo
864 5043 1096 5108 possunt
1141 5034 1407 5106 deficere,
1451 5044 1547 5093 aut
1588 5052 1709 5092 esse
1749 5036 1951 5109 salsae3
1980 5053 2110 5111 ergo
2141 5054 2249 5094 non

2114 333 2318 383 LIBER
2344 335 2422 383 11.

2304 458 2538 531 malum,
2568 475 2747 533 neque
2771 465 2833 517 ut
2863 460 3021 517 liceat
3047 462 3294 519 omittere
3321 461 3471 535 quod
3500 478 3598 534 per
3625 462 3714 520 illa
3736 478 3894 536 prae-

2303 550 2508 619 cipitur
2529 589 2544 618 ,
2574 552 2704 623 quia
2730 556 2817 605 est
2841 566 2937 621 per
2965 566 3021 605 se
3045 552 3415 607 necessarium
3437 550 3506 608 ad
3526 551 3886 609 honestatem.

2304 640 2374 697 Et
2399 638 2526 711 quia
2563 638 2692 695 alias
2721 654 2820 711 pro
2851 638 2942 696 illo
2971 655 3105 697 casu
3127 681 3141 705 ,
3171 641 3220 697 in
3251 657 3362 715 quo
3394 642 3548 700 fieret
3579 642 3699 698 talis
3727 642 3890 699 inter-

2303 728 2532 800 pretatio
2550 771 2564 799 ,
2594 729 2926 785 inveniretur
2953 730 3148 786 salsum
3175 746 3296 787 esse
3327 731 3375 788 id
3395 774 3408 799 ,
3438 731 3586 804 quod
3619 730 3704 789 lex
3732 738 3893 789 natu-

2310 817 2441 874 ralis
2471 818 2674 887 dictat,
2705 818 2854 892 quod
2883 820 3213 891 impossibile
3241 826 3356 891 est,
3388 827 3450 878 ut
3475 821 3729 878 diximus:

2383 910 2437 964 4.
2470 909 2648 980 Atque
2678 906 2812 964 haec
2843 908 3028 965 ultima
3068 912 3366 983 sententia,
3397 916 3664 983 quantum
3693 912 3892 968 attinet

2304 994 2370 1051 ad
2400 999 2679 1069 propriam
2709 997 2987 1069 epiikiam,
3033 998 3083 1054 in
3120 1001 3296 1072 rigore
3339 1000 3464 1057 mihi
3491 1016 3621 1057 vera
3649 1000 3886 1074 videtur3

2308 1090 2370 1141 ut
2408 1093 2590 1141 autem
2632 1086 2864 1144 aliorum
2907 1095 3196 1144 auctorum
3238 1088 3383 1145 dicta
3412 1072 3804 1164 intelligantur]
3831 1095 3892 1147 et

2302 1188 2392 1229 res
2433 1180 2546 1231 tota
2583 1178 2753 1249 magis
2780 1176 3116 1248 explicetur,
3148 1185 3367 1249 oportet
3390 1177 3724 1251 distinguere
3755 1180 3894 1237 inter

2304 1263 2437 1337 legis
2486 1264 3018 1336 interpretationem,
3071 1274 3126 1323 et
3172 1268 3444 1340 propriam
3496 1269 3742 1341 epiikiam
3791 1285 3892 1327 seu

2304 1353 2658 1426 aequitatem:
2686 1353 2858 1411 multo
2887 1357 3030 1411 enim
3059 1356 3220 1413 latius
3243 1364 3390 1429 patet
3413 1358 3787 1430 interpretatio
3817 1358 3896 1414 le·

2304 1441 2416 1514 gis,
2449 1458 2612 1515 quam
2641 1442 2834 1515 epiikia
2855 1486 2871 1515 ,
2903 1453 3291 1516 comparantur
3330 1448 3472 1505 enim
3512 1456 3768 1521 tanquam
3798 1466 3894 1505 su-

2304 1533 2418 1604 peri
2429 1547 2493 1587 us
2520 1538 2575 1587 et
2601 1531 2854 1606 inferius3
2882 1535 3056 1589 omnis
3083 1537 3226 1592 enim
3247 1536 3438 1610 epiikia
3455 1544 3543 1593 est
3563 1536 3699 1609 legis
3726 1539 3896 1595 inter·

2307 1621 2558 1691 pretatio,
2589 1639 2696 1679 non
2729 1639 2855 1678 vero
2881 1639 2912 1679 e
2932 1639 3201 1682 converso
3225 1627 3398 1683 omnis
3420 1628 3788 1698 interpretatio
3817 1627 3895 1685 le-

2305 1712 2387 1783 gis
2414 1718 2500 1767 est
2525 1710 2733 1782 epiikia.
2763 1714 2978 1770 Notavit
3005 1714 3410 1774 distinctionem
3441 1716 3580 1773 hanc
3601 1717 3893 1773 Caietanus

2305 1799 2454 1857 dicta
2495 1817 2551 1875 q.
2605 1804 2740 1871 120,
2773 1809 2877 1859 art.
2918 1806 2967 1873 1,
2997 1804 3090 1859 ubi
3119 1805 3210 1871 ait,
3242 1820 3402 1877 saepe
3431 1804 3513 1861 vel
3542 1807 3722 1876 potius
3749 1822 3896 1861 sem-

2306 1906 2403 1964 per
2432 1892 2580 1963 leges
2609 1890 2848 1963 indigere
2877 1892 3322 1965 interpretatione
3343 1902 3568 1967 propter
3589 1895 3890 1951 verborum

2308 1981 2702 2037 obscuritatem
2747 1982 2828 2037 vel
2870 1983 3305 2057 ambiguitatem,
3338 1993 3434 2042 aut
3473 1986 3628 2042 aliam
3658 1986 3888 2043 similem

2307 2085 2566 2137 causam3
2612 2086 2716 2127 non
2761 2077 2942 2127 tamen
2985 2088 3201 2129 omnem
3231 2074 3546 2131 huiusmodi
3574 2074 3898 2146 interpreta-

2307 2161 2510 2216 tionem
2550 2174 2672 2215 esse
2712 2159 2984 2232 epiikiam,
3030 2162 3124 2218 sed
3164 2162 3320 2219 illum
3359 2164 3571 2235 solum,
3602 2181 3699 2237 per
3727 2180 3896 2237 quam

2309 2249 2768 2321 interpretamur,
2816 2250 2986 2323 legem
3026 2251 3260 2309 deficere
3288 2254 3338 2309 in
3365 2252 3548 2325 aliquo
3577 2254 3894 2327 particulari

2305 2346 2535 2411 propter
2563 2340 2901 2411 universale,
2927 2340 2982 2397 id
3009 2348 3096 2398 est
3122 2343 3248 2413 quia
3276 2343 3359 2399 lex
3383 2343 3763 2401 universaliter
3785 2344 3898 2401 lata

2307 2436 2418 2503 est,
2450 2435 2506 2485 et
2544 2430 2595 2486 in
2638 2428 2820 2502 aliquo
2862 2430 3181 2501 particulari
3221 2433 3296 2487 ita
3331 2432 3545 2504 deficit,
3577 2439 3640 2489 ut
3668 2436 3810 2491 iuste
3837 2436 3892 2489 in

2304 2518 2396 2575 illo
2439 2522 2646 2576 servari
2687 2536 2792 2577 non
2836 2522 3028 2592 possit.
3061 2522 3176 2578 Hoc
3207 2522 3384 2593 ipsum
3415 2524 3654 2580 sumitur
3679 2540 3746 2581 ex
3775 2526 3895 2580 Ari-

2307 2608 2498 2664 stotele
2531 2614 2582 2667 5.
2628 2609 2827 2665 Ethic.
2871 2624 2996 2681 cap.
3037 2614 3128 2683 ¹⁰3
3163 2611 3216 2665 in
3247 2610 3349 2667 hoc
3377 2613 3518 2668 enim
3549 2628 3710 2669 sensu
3739 2613 3893 2683 dicit,

2306 2697 2551 2770 epiikiam
2581 2715 2700 2776 esse
2729 2698 3164 2757 emendationem
3189 2702 3316 2759 iusti
3339 2702 3521 2774 legalis
3541 2705 3707 2775 ,2quia
3729 2705 3898 2761 inter-

2307 2794 2561 2859 pretatur
2578 2828 2593 2859 ,
2619 2788 2793 2861 legem
2822 2805 2928 2844 non
2957 2805 3078 2847 esse
3101 2790 3422 2847 servandam
3443 2794 3496 2849 in
3523 2808 3658 2850 casu
3677 2837 3691 2864 ,
3716 2794 3767 2849 in
3784 2810 3898 2866 quo

2306 2884 2454 2933 esset
2481 2892 2634 2933 error
2663 2880 2944 2949 practicus
2975 2878 3118 2935 illam
3149 2895 3366 2937 servare
3385 2922 3400 2953 ‚
3431 2890 3487 2938 et
3516 2889 3708 2939 contra
3735 2886 3894 2939 iusti·

2309 2970 2438 3025 tiam
2469 2968 2550 3023 vel
2581 2967 2913 3040 aequitatem
2937 2969 3276 3042 naturalem3
3306 2980 3362 3029 et
3394 2970 3514 3028 ideo
3543 2972 3742 3029 dicitur
3768 2988 3892 3029 esse

2307 3058 2620 3114 emendatio
2650 3057 2804 3131 legiS.
2839 3061 2906 3115 At
2927 3074 3056 3115 vero
3081 3066 3316 3131 possunt
3335 3076 3455 3117 esse
3477 3061 3610 3118 aliae
3633 3064 3901 3134 interpre-

2311 3150 2540 3206 tationes
2565 3148 2770 3221 legum,
2791 3165 2932 3222 quae
2952 3166 3056 3205 non
3081 3152 3346 3219 pertinent
3369 3151 3434 3208 ad
3458 3153 3895 3209 emendationem

2308 3256 2530 3314 earum,
2557 3240 2650 3297 sed
2682 3241 2861 3296 solum
2891 3239 2954 3295 ad
2980 3240 3360 3311 explicandum
3385 3256 3604 3298 sensum
3627 3257 3818 3298 earum
3841 3242 3896 3297 in

2307 3329 2391 3385 his
2409 3373 2422 3400 ,
2453 3346 2593 3403 quae
2621 3329 2824 3385 habent
2849 3330 3257 3401 ambiguitatem
3275 3373 3288 3400 ,
3315 3338 3380 3387 ut
3406 3349 3460 3387 v.
3489 3348 3545 3405 g.
3571 3332 3789 3404 quando
3815 3332 3895 3387 in-

2309 3428 2706 3492 terpretamur,
2748 3434 2814 3474 an
2857 3420 2940 3475 lex
2979 3419 3259 3491 prohibeat
3298 3427 3677 3492 contractum,
3711 3421 3792 3477 vel
3821 3421 3892 3476 ir·

2309 3510 2435 3565 ritet
2463 3509 2646 3580 illum,
2679 3508 2881 3563 nullam
2909 3508 3036 3580 legis
3057 3508 3487 3566 emendationem
3512 3509 3769 3581 facimus,
3801 3510 3900 3566 sed

2309 3614 2500 3655 verum
2521 3613 2740 3654 sensum
2769 3600 2889 3654 eius
2914 3598 3255 3671 inquirimus.
3286 3602 3365 3656 lta
3389 3616 3521 3673 ergo
3540 3601 3798 3659 differunt
3819 3602 3900 3657 in-

2311 3688 2628 3759 terpretatio
2659 3690 2708 3742 in
2740 3702 2936 3759 genere
2957 3730 2971 3757 ,
3006 3688 3089 3745 vel
3120 3696 3184 3745 ut
3210 3690 3269 3744 fit
3297 3704 3395 3760 per
3421 3691 3698 3762 epiikiam.

2391 3776 2592 3833 Deinde
2622 3775 3012 3832 advertendum
3041 3784 3155 3849 est,
3187 3776 3361 3849 legem
3393 3780 3694 3836 naturalem
3723 3780 3904 3852 dupli-

2311 3868 2448 3924 citer
2489 3867 2724 3934 spectari
2767 3882 2954 3939 posse3
3002 3884 3111 3924 uno
3149 3867 3310 3925 modo
3341 3870 3649 3927 secundum
3677 3886 3766 3939 se,
3796 3872 3902 3928 alio

2313 3964 2484 4030 prout
2523 3957 2652 4014 ferri
2695 3957 2962 4031 contingit
3001 3973 3095 4028 per
3123 3957 3358 4030 aliquam
3385 3959 3559 4031 legem
3589 3962 3896 4031 positivam.

2312 4050 2420 4105 Lex
2447 4048 2590 4104 enim
2627 4049 2886 4119 positiva,
2922 4063 3020 4103 seu
3051 4049 3256 4120 scripta
3277 4090 3292 4119 ,
3327 4057 3390 4105 ut
3415 4051 3702 4107 caietanus
3730 4052 3898 4109 etiam

2311 4137 2458 4193 dicto
2498 4136 2618 4192 loco
2657 4143 2839 4206 notat,
2870 4136 3140 4208 quaedam
3167 4145 3253 4194 est
3279 4140 3633 4196 constitutiva
3663 4141 3786 4196 novi
3811 4142 3904 4197 iu-

2312 4228 2387 4284 ris
2407 4270 2421 4297 ,
2451 4234 2505 4283 et
2537 4226 2668 4283 haec
2697 4234 2787 4283 est
2812 4228 3004 4282 stricte
3033 4228 3263 4297 positiva
3290 4231 3406 4287 sive
3434 4228 3638 4300 divina,
3663 4232 3774 4285 sive
3803 4231 3904 4286 hu-

2314 4333 2500 4389 mana3
2532 4316 2633 4372 alia
2669 4331 2802 4371 vero
2841 4322 2926 4371 est
2965 4314 3144 4372 solum
3187 4316 3549 4390 declarativa,
3581 4319 3663 4375 vel
3698 4319 3798 4393 (ut
3825 4322 3904 4375 sic

2313 4408 2490 4465 dicam
2515 4406 2528 4479 )
2560 4405 2903 4484 recordativa
2933 4406 3066 4461 iuris
3095 4407 3390 4477 naturalis,
3418 4416 3482 4465 ut
3500 4409 3726 4467 suerunt
3744 4424 3904 4482 prae-

2314 4504 2472 4569 cepta
2503 4496 2728 4553 moralia
2754 4496 3005 4569 Decalogi
3035 4496 3087 4551 in
3123 4496 3242 4569 lege
3272 4500 3477 4569 veteri,
3507 4506 3564 4555 et
3591 4508 3720 4557 sunt
3750 4501 3898 4574 leges

2317 4587 2619 4657 humanae,
2659 4600 2798 4657 quae
2837 4585 3140 4642 naturalem
3175 4586 3436 4642 iustitiam
3465 4588 3775 4659 continent,
3810 4597 3897 4661 ut,

2313 4676 2461 4751 quod
2485 4675 2790 4747 depositum
2815 4673 3096 4746 reddatur,
3121 4680 3450 4747 promissum
3473 4678 3739 4745 solvatur,
3759 4695 3903 4735 uxor

2314 4785 2344 4824 a
2373 4770 2490 4823 viro
2527 4784 2634 4823 non
2677 4773 2992 4836 separetur,
3032 4772 3087 4821 et
3125 4766 3335 4822 similia.
3377 4766 3570 4839 Aliqua
3613 4783 3742 4824 vero
3771 4777 3904 4825 sunt

2317 4863 2606 4931 praecepta
2627 4854 2917 4925 naturalia,
2942 4870 3082 4927 quae
3101 4871 3212 4911 non
3237 4858 3691 4928 praescribuntur
3714 4858 3902 4930 aliqua

2319 4949 2437 5021 lege
2479 4946 2739 5019 positiva,
2770 4951 2852 5016 ut,
2891 4942 3162 5000 vitandam
3190 4960 3310 5001 esse
3337 4944 3637 5018 simplicem
3669 4946 3906 5005 fornica-

2315 5040 2550 5109 tionem,
2580 5036 2708 5110 quia
2736 5034 2820 5091 lex
2865 5034 3100 5091 humana
3127 5051 3232 5089 non
3274 5035 3456 5092 omnia
3493 5034 3771 5099 declarat.
3805 5046 3911 5095 aut

659 5134 841 5200 potest
880 5141 977 5197 per
1015 5125 1251 5199 aliquam
1288 5125 1787 5197 interpretationem
1828 5126 1971 5197 fieri,
2006 5134 2067 5183 ut
2096 5125 2252 5184 liceat
2318 5127 2594 5203 praecipit.
2643 5126 2732 5181 Sic
2769 5139 2901 5197 ergo
2939 5122 3024 5179 lex
3053 5124 3318 5182 naturalis
3347 5126 3581 5197 spectari
3609 5133 3790 5197 potest
3819 5126 3906 5183 vel

660 5218 841 5276 facere
881 5214 1029 5291 quod
1068 5231 1162 5288 per
1192 5215 1281 5274 illa
1307 5216 1656 5288 prohibetur,
1692 5218 1827 5288 quia
1853 5222 1937 5273 est
1964 5216 2252 5275 intrinsece
2320 5215 2625 5275 secundum
2667 5229 2757 5286 se,
2787 5217 2953 5285 prout
2992 5219 3146 5271 recta
3185 5213 3390 5272 ratione
3429 5215 3747 5287 concipitur
3772 5258 3787 5286 ,
3817 5216 3902 5272 vel
