4325 6267
1668 238 1905 317 'mur
1930 266 2148 317 xxxv.

280 416 449 475 posse
486 397 795 459 executioni
834 395 1101 456 mandari.
1144 397 1219 457 Ut
1261 392 1535 455 interdum
1586 408 1878 467 supremus

280 491 563 563 praelatus
602 490 657 548 in
698 488 877 563 aliquo
904 487 1137 560 Ordine,
1166 503 1222 545 v.
1254 502 1310 559 g.
1341 483 1617 543 Generalis
1645 483 1881 540 alicuius

278 582 582 657 Religionis
601 623 617 653 ,
648 581 779 639 licet
806 577 1245 653 transgrediatur
1276 576 1445 649 leges,
1476 580 1609 631 tunc
1638 588 1747 630 non
1778 588 1880 643 pu·

278 676 459 744 nitur,
494 674 623 746 quia
648 687 759 729 non
784 670 949 727 habet
976 668 1338 742 superiorem,
1366 670 1557 738 postea
1578 678 1707 720 vero
1730 662 1879 719 linito

280 764 473 823 officio
501 762 646 821 solet
672 761 869 833 puniri,
893 760 1021 834 quia
1042 766 1177 817 tunc
1200 759 1307 815 iam
1327 756 1489 813 habet
1510 754 1877 828 superiorem3

280 871 419 928 ergo
462 855 681 929 signum
706 857 824 925 est,
853 855 1013 908 antea
1037 848 1206 905 fuisse
1234 847 1300 905 de
1328 862 1386 903 se
1415 845 1727 903 subiectum
1755 842 1878 917 legi,

280 949 451 1004 etiam
478 943 663 1018 quoad
689 943 797 1000 vim
826 941 1156 999 coactivam.
1284 946 1292 954 “

364 1040 457 1096 16.
498 1033 888 1107 Respondetur
934 1028 1180 1105 negando
1227 1029 1467 1102 primum
1516 1030 1878 1099 assumptum.

281 1130 423 1185 Nam
470 1124 751 1199 legislator
778 1123 852 1179 ita
887 1129 974 1179 est
1008 1125 1289 1192 exemptus
1331 1134 1363 1174 a
1390 1119 1445 1175 vi
1472 1116 1723 1175 coactiva
1750 1128 1883 1173 suae

280 1217 451 1290 legis,
488 1222 555 1271 ut
590 1230 697 1270 non
734 1218 985 1270 teneatur
1021 1210 1289 1267 sustinere
1314 1223 1546 1281 poenam
1575 1204 1748 1263 inilia
1776 1214 1882 1261 sta-

280 1314 488 1375 tutam,
518 1306 647 1377 quia
672 1302 803 1359 licet
828 1300 1149 1374 simpliciter
1175 1299 1247 1357 sit
1271 1314 1403 1356 reus
1431 1310 1656 1367 poenae,
1688 1294 1880 1352 saltem

280 1395 438 1469 apud
476 1396 647 1452 Deum
678 1393 843 1467 (quia
868 1390 956 1447 hic
986 1396 1171 1447 reatus
1198 1388 1507 1446 necessario
1535 1385 1790 1460 sequitur
1816 1400 1884 1441 ex

280 1486 455 1559 culpa
474 1484 515 1559 l,
546 1491 727 1541 tamen
760 1480 897 1539 illud
933 1481 1041 1538 erit
1066 1485 1323 1552 respectu
1352 1492 1554 1551 poenae
1582 1482 1821 1534 statutae
1850 1491 1882 1531 a

282 1579 395 1635 Deo
416 1618 435 1645 ,
466 1591 578 1633 non
604 1588 735 1631 vero
762 1571 829 1629 de
856 1586 1028 1644 poena
1057 1569 1229 1642 posita
1255 1568 1323 1625 ab
1350 1571 1587 1640 ipsomet
1613 1565 1885 1638 legislato-

283 1683 366 1724 re.
414 1665 575 1735 Quod
612 1671 791 1737 patet,
834 1664 965 1736 quia
1002 1664 1118 1733 ipse
1152 1676 1259 1716 non
1289 1658 1519 1716 intendit
1546 1659 1789 1729 seipsum
1816 1655 1883 1713 ad

284 1773 522 1830 poenam
552 1755 823 1828 obligare,
854 1767 1030 1828 neque
1056 1751 1221 1807 etiam
1246 1748 1517 1823 obligatur
1545 1764 1577 1803 a
1604 1746 1883 1820 republica

283 1865 385 1921 per
416 1846 645 1905 modum
672 1844 903 1902 alicuius
927 1846 1275 1911 contractus,
1306 1855 1407 1897 seu
1436 1840 1489 1897 in
1516 1838 1717 1894 virtute
1736 1838 1881 1909 eius,

284 1947 405 1997 tum
452 1944 677 2011 propter
716 1950 883 2008 supra
923 1932 1098 2000 dicta,
1143 1938 1261 1989 tum
1288 1930 1517 1988 maxime
1547 1928 1677 2003 quia
1702 1927 1884 2001 quoad

286 2030 433 2086 hanc
464 2036 671 2101 partem
701 2024 913 2082 nullum
940 2030 1027 2080 est
1051 2020 1311 2079 indicium
1342 2020 1462 2079 talis
1488 2018 1883 2091 conventionis,

284 2135 389 2177 nec
419 2132 521 2190 per
550 2115 787 2189 aliquem
815 2130 1003 2187 usum,
1026 2127 1127 2169 nec
1150 2126 1245 2183 per
1266 2109 1529 2167 iudicium
1551 2110 1877 2182 sapientum.

282 2209 526 2281 Denique
560 2220 737 2279 neque
758 2220 789 2261 a
808 2206 917 2263 Deo
940 2205 1077 2276 ipso.
1102 2216 1279 2275 neque
1302 2217 1333 2257 a
1354 2201 1471 2273 lege
1492 2205 1723 2257 naturae
1749 2198 1885 2255 obli-

281 2305 481 2373 gatur,
527 2302 589 2353 ut
628 2293 825 2367 probat
863 2293 1005 2367 idem
1045 2306 1339 2349 commune
1378 2290 1643 2347 iudicium
1672 2289 1886 2361 sapien-

282 2395 427 2447 tum.
458 2389 533 2446 Et
555 2388 695 2443 ratio
720 2386 883 2443 etiam
910 2384 1243 2441 differentiae
1269 2387 1355 2438 est
1380 2382 1584 2452 optima
1601 2420 1617 2451 ,
1648 2380 1777 2454 quia
1805 2380 1885 2436 vis

280 2478 553 2536 directiva
584 2475 875 2533 ordinatur
896 2472 963 2530 ad
988 2474 1161 2531 bonos
1191 2487 1392 2543 mores,
1416 2477 1474 2527 et
1494 2470 1613 2528 ideo
1634 2485 1886 2543 compre-

285 2569 475 2628 hendit
512 2568 675 2625 etiam
704 2568 885 2639 ipsum
911 2564 1308 2637 legislatorem:
1338 2577 1511 2635 poena
1540 2576 1669 2619 vero
1700 2562 1882 2618 solum

286 2678 385 2734 per
410 2660 667 2718 accidens
688 2660 921 2725 intenta,
944 2661 1042 2712 aut
1060 2654 1369 2711 necessaria
1388 2659 1493 2725 est,
1519 2658 1723 2709 etcum
1747 2652 1883 2709 alias

286 2769 354 2809 ex
396 2768 455 2809 se
496 2748 737 2822 postulet
774 2747 1119 2817 violentiam,
1162 2760 1269 2799 non
1308 2742 1415 2799 suit
1452 2741 1782 2799 conveniens
1810 2742 1886 2798 illi

289 2840 452 2899 subdi
484 2837 869 2913 legislatorem,
900 2841 1045 2892 esset
1070 2834 1231 2891 etiam
1259 2832 1538 2906 superflua
1562 2832 1653 2888 illa
1681 2832 1888 2905 obliga·

292 2932 371 2989 tio
396 2972 412 3003 ,
444 2944 573 2987 cum
603 2926 888 2985 moraliter
917 2942 1021 2983 non
1051 2931 1238 2997 posset
1262 2923 1328 2980 ad
1363 2922 1735 2980 executionem
1764 2938 1888 2993 per-

292 3022 449 3079 duci.
488 3019 811 3077 Declaratur
851 3017 1107 3091 denique,
1138 3015 1269 3089 quia
1296 3013 1379 3071 vel
1416 3012 1693 3086 legislator
1726 3012 1890 3070 habet

288 3116 345 3169 in
374 3112 532 3170 terris
572 3111 931 3182 superiorem,
961 3108 1054 3181 qui
1084 3107 1257 3179 possit
1282 3105 1433 3162 illum
1462 3104 1655 3176 punire
1674 3118 1775 3175 pro
1796 3102 1888 3160 de·

290 3204 437 3261 lictis
464 3201 601 3273 suis,
632 3199 717 3256 vel
746 3215 855 3256 non
885 3198 1078 3269 habet3
1118 3197 1163 3254 si
1190 3212 1298 3254 non
1327 3195 1519 3266 habet,
1550 3193 1683 3251 nulli
1715 3192 1890 3251 homi-

293 3308 431 3351 num
469 3297 683 3348 tenetur
712 3304 905 3361 parere
930 3290 985 3345 in
1012 3287 1334 3345 executione
1360 3284 1481 3341 talis
1508 3300 1709 3356 poenae
1738 3285 1888 3340 circa

292 3385 569 3457 seipsum3
612 3396 745 3453 ergo
786 3394 965 3453 neque
1005 3385 1091 3435 est
1125 3376 1391 3433 obnoxius
1418 3391 1485 3433 ex
1514 3377 1566 3431 vi
1595 3389 1727 3431 suae
1757 3375 1889 3447 legis

294 3476 391 3532 tali
412 3487 639 3545 poenae,
664 3469 792 3543 quia
812 3468 945 3525 nibil
966 3468 1112 3525 aliud
1132 3475 1217 3523 est
1237 3482 1358 3523 esse
1380 3464 1701 3537 obnoxium,
1722 3480 1889 3538 quam

294 3564 470 3623 teneri
506 3563 573 3619 ad
610 3559 909 3635 parendum
950 3562 1007 3614 in
1034 3556 1348 3614 sustinenda
1380 3555 1469 3613 tali
1500 3571 1701 3629 poena,
1732 3556 1776 3610 si
1807 3556 1889 3610 in-

294 3656 519 3728 fligatur
551 3652 617 3709 ab
645 3650 859 3707 homine
890 3649 1117 3705 habente
1144 3652 1483 3719 potestatem.
1515 3646 1651 3703 Nam
1678 3646 1723 3700 si
1749 3645 1886 3701 inssi-

294 3753 466 3819 gatur
508 3759 540 3799 a
579 3745 689 3799 Deo
710 3784 725 3813 ,
768 3741 873 3797 iam
900 3740 1075 3796 oritur
1112 3737 1367 3810 obligatio
1392 3750 1457 3793 ex
1486 3736 1661 3793 altiori
1692 3736 1891 3807 princi·

294 3838 410 3911 pio.
442 3836 497 3893 Si
526 3849 657 3890 vero
684 3831 957 3905 legislator
978 3828 1141 3885 habet
1162 3826 1522 3898 superiorem,
1547 3832 1609 3882 ut
1627 3831 1729 3896 est,
1754 3842 1808 3879 v.
1830 3841 1886 3898 g.

297 3927 629 3999 episcopus,
672 3922 873 3995 poterit
910 3918 1088 3992 puniri
1117 3934 1147 3974 a
1174 3916 1447 3989 Pontifice,
1479 3918 1637 3973 etiam
1667 3922 1891 3989 propter

298 4014 599 4073 indebitam
646 4009 1134 4083 transgressionem
1176 4022 1307 4083 suae
1333 4007 1584 4079 propriae
1611 4006 1778 4079 legis3
1808 4011 1888 4063 ta-

298 4124 429 4166 men
466 4120 575 4161 non
615 4103 719 4159 erit
754 4099 1149 4171 necessarium,
1181 4097 1253 4154 illi
1278 4098 1556 4168 imponere
1585 4110 1812 4169 poenam
1841 4096 1892 4152 in

306 4212 411 4255 sua
441 4195 561 4269 lege
588 4197 877 4262 statutam,
910 4187 1004 4246 sed
1034 4189 1139 4245 boc
1169 4186 1514 4244 arbitrarium
1542 4187 1648 4244 erit
1672 4188 1893 4245 Pontifi-

307 4286 383 4357 ci,
410 4287 543 4360 quia
568 4298 677 4340 non
716 4286 930 4337 tenetur
958 4278 1199 4336 iudicare
1227 4275 1528 4334 secundum
1558 4278 1729 4351 legem
1756 4276 1892 4333 inse-

306 4378 501 4447 rioris3
534 4389 663 4447 ergo
686 4373 903 4446 signum
925 4376 1027 4439 est,
1054 4383 1281 4440 poenam
1303 4368 1451 4423 illam
1473 4383 1537 4424 ex
1562 4370 1612 4424 vi
1631 4367 1761 4439 legis
1784 4382 1891 4424 non

305 4463 775 4538 comprehendere
820 4463 1003 4535 ipsum
1039 4458 1436 4543 legislatorem,
1473 4458 1617 4514 sicut
1642 4457 1693 4513 in
1734 4456 1895 4515 simili

307 4557 625 4615 dicebamus
656 4554 708 4610 in
735 4554 914 4625 capite
942 4550 1289 4623 praecedenti
1309 4548 1377 4606 de
1398 4544 1613 4605 clericis
1634 4554 1897 4621 respectu

307 4662 611 4723 poenarum
642 4643 879 4701 civilium
908 4641 1114 4715 legum.

396 4742 485 4798 17.
516 4736 623 4793 Sed
653 4733 872 4793 instabit
899 4730 1118 4805 aliquis:
1158 4730 1293 4786 Nam
1321 4729 1445 4785 licet
1470 4726 1577 4785 hoc
1604 4742 1799 4785 verum
1824 4727 1899 4785 sit

311 4831 379 4889 de
408 4844 579 4903 poena
608 4841 705 4899 per
731 4822 965 4880 iudicem
988 4819 1333 4895 imponenda,
1360 4825 1668 4876 nontamen
1694 4819 1759 4877 de
1781 4818 1892 4890 illa,

312 4937 455 4999 quae
484 4921 601 4993 ipso
628 4919 745 4974 iure
774 4929 871 4987 per
899 4913 1075 4987 legem
1095 4910 1421 4983 imponitur,
1444 4924 1577 4982 ergo
1599 4909 1791 4967 saltem
1812 4909 1901 4966 illa

312 5017 401 5075 lex
428 5009 648 5069 habebit
675 5006 933 5064 effectum
964 5002 1175 5059 virtutis
1203 5002 1486 5057 coactivas
1514 5000 1675 5056 etiam
1701 5002 1755 5057 in
1782 5003 1901 5072 ipso

314 5103 638 5177 legislatore.
668 5094 1010 5155 Antecedens
1042 5097 1209 5165 patet,
1236 5091 1361 5164 quia
1381 5090 1471 5147 illa
1494 5105 1667 5161 poena
1689 5106 1796 5147 non
1816 5106 1903 5147 re-

314 5196 485 5271 quirit
522 5190 745 5249 alterius
786 5184 1019 5245 hominis
1058 5182 1456 5253 executionem,
1500 5179 1595 5238 sed
1623 5181 1905 5253 ipsiusmet

3335 248 3458 315 293
3557 246 3562 266 ¹

1948 396 2056 465 rei3
2096 409 2228 469 ergo
2255 395 2420 453 etiam
2449 410 2515 453 ex
2544 393 2646 452 hac
2676 399 2830 467 parte
2858 392 2927 452 ab
2955 394 3073 467 ipso
3098 392 3410 468 legislatore
3438 410 3536 467 po-

1949 485 2076 540 terit
2103 485 2416 543 executioni
2443 484 2710 558 mandari,
2740 491 2804 542 ut
2832 484 2876 540 si
2904 500 3080 557 poena
3106 485 3178 542 sit
3202 501 3255 541 v.
3282 500 3337 558 g.
3368 499 3536 559 pecu·

1947 574 2136 647 niaria,
2169 576 2254 632 vel
2291 575 2359 633 de
2387 576 2567 649 aliquo
2594 582 2726 639 actu
2753 574 3009 649 virtutis,
3037 576 3433 652 eleemosynae,
3465 575 3538 632 ie-

1952 664 2105 736 iunii,
2134 671 2245 723 etc.
2277 665 2506 723 Aliunde
2534 682 2664 725 vero
2680 673 2963 740 ‚quatenus
2993 666 3116 725 talis
3143 667 3232 724 lex
3257 665 3462 740 obligat
3483 667 3538 724 in

1951 755 2290 813 conscientia
2317 754 2382 813 ad
2411 756 2573 814 talem
2599 772 2830 830 poenam
2858 757 3066 831 absque
3085 756 3194 814 alia
3209 756 3542 815 condemna-·

1953 845 2118 917 tione,
2146 846 2362 904 videtur
2381 862 2448 904 ex
2469 849 2522 903 vi
2544 846 2808 904 directiva
2827 848 3040 905 virtutis
3062 847 3303 921 obligare
3324 846 3392 904 ad
3413 845 3547 921 poe-5

1949 952 2075 993 nam
2116 936 2294 1007 illam,
2338 938 2466 1011 quia
2492 937 2748 1011 obligatio
2775 938 2830 994 in
2858 939 3188 996 conscientia
3215 940 3446 1011 pertinet
3471 936 3540 995 ad

1949 1026 2214 1083 virtutem
2242 1026 2581 1085 directivam.
2611 1027 2764 1087 Unde
2791 1027 3006 1086 videtur
3033 1044 3156 1086 esse
3181 1028 3372 1086 eadem
3399 1030 3540 1085 ratio

1951 1115 2017 1173 de
2044 1117 2370 1191 obligatione
2397 1119 2450 1175 in
2477 1121 2812 1176 conscientia
2839 1119 2906 1176 ad
2934 1119 3074 1176 hanc
3102 1137 3352 1193 poenam,
3383 1126 3440 1177 et
3466 1120 3535 1177 ad

1948 1208 2182 1279 primam
2221 1208 2621 1266 observantiam
2657 1210 2811 1283 legis.
2844 1211 3074 1283 Propter
3102 1210 3252 1283 quod
3281 1209 3541 1268 dixerunt

1951 1297 2140 1373 aliqui,
2156 1315 2266 1357 non
2288 1316 2598 1375 repugnare
2620 1301 2932 1373 simpliciter
2951 1342 2966 1372 ,
2991 1300 3353 1375 legislatorem
3375 1300 3536 1359 subdi

1950 1387 2054 1464 legi
2092 1390 2271 1463 quoad
2315 1393 2423 1449 vim
2459 1394 2794 1460 coactivam,
2841 1391 2936 1449 sed
2977 1398 3194 1452 tantum
3220 1392 3437 1469 quando
3465 1410 3532 1450 ex

1950 1485 2105 1551 parte
2133 1496 2340 1553 poenae
2365 1488 2452 1539 est
2479 1480 2657 1555 aliqua
2683 1484 3065 1556 repugnantia,
3098 1483 3182 1539 vel
3208 1481 3535 1552 indecentia,

1954 1578 2017 1627 ut
2051 1579 2199 1629 esset
2225 1572 2383 1644 plane
2410 1572 2462 1629 in
2490 1574 2680 1646 poenis
2709 1572 3120 1647 corporalibus3
3153 1580 3272 1631 tum
3300 1576 3430 1647 quia
3455 1590 3542 1629 es-

1956 1669 2041 1717 set
2066 1661 2346 1735 indecens,
2375 1663 2674 1736 principem
2701 1671 2798 1721 aut
2823 1664 3191 1737 legislatorem
3219 1681 3394 1738 poena
3415 1680 3542 1722 cor-

1953 1751 2125 1825 porali
2161 1752 2336 1826 affici3
2369 1760 2488 1811 tum
2513 1755 2674 1810 etiam
2704 1754 2834 1827 quia
2863 1754 2914 1810 in
2942 1753 3024 1810 bis
3051 1755 3238 1828 poenis
3263 1770 3420 1812 nemo
3445 1770 3544 1828 po-

1952 1849 2061 1899 test
2086 1842 2312 1917 obligari
2340 1844 2409 1901 ad
2437 1843 2810 1917 exequendam
2839 1860 3067 1917 poenam
3094 1846 3148 1902 in
3175 1862 3233 1903 se
3253 1846 3452 1918 ipsum,
3478 1854 3544 1903 ut

1952 1933 2091 1991 inira
2117 1934 2356 2007 dicetur,
2385 1942 2442 1992 et
2472 1935 2538 1991 ab
2566 1934 2669 1993 alio
2696 1935 2820 2009 cogi
2847 1951 2956 1993 non
2981 1942 3159 2007 potest
3179 1936 3451 2009 princeps,
3478 1940 3542 1992 ut

1953 2025 2250 2098 probatum
2290 2031 2394 2083 est.
2440 2024 2588 2083 ldem
2623 2026 2786 2082 etiam
2824 2032 3038 2083 certum
3067 2033 3153 2084 est
3175 2026 3244 2083 de
3270 2026 3542 2100 aliquibus

1954 2116 2331 2190 spiritualibus
2354 2118 2560 2189 poenis3
2589 2131 2778 2173 omnes
2799 2118 2942 2174 enim
2964 2118 3229 2189 fatentur,
3251 2133 3361 2175 non
3381 2130 3544 2189 posse

1954 2207 2323 2280 legislatorem
2351 2208 2634 2264 incurrere
2662 2222 2954 2264 censuram
2983 2224 3014 2264 a
3035 2222 3092 2263 se
3117 2206 3448 2280 impositam,
3474 2212 3539 2263 ut

1953 2304 2039 2355 est
2072 2299 2380 2354 communis
2409 2298 2707 2367 sententia,
2738 2296 2805 2353 de
2833 2314 2942 2371 qua
2969 2299 3020 2354 in
3050 2298 3265 2371 propria
3293 2298 3537 2355 materia.

1954 2388 2113 2444 Ratio
2150 2393 2338 2445 autem
2373 2403 2489 2444 non
2520 2386 2736 2444 videtur
2771 2388 3105 2446 sufficienter
3133 2388 3274 2445 sumi
3301 2404 3367 2444 ex
3394 2388 3544 2445 inde-

1956 2477 2132 2535 centia
2156 2520 2170 2549 ,
2213 2477 2345 2551 quia
2381 2492 2651 2533 censurae
2691 2477 2744 2533 in
2783 2478 3054 2551 episcopis
3094 2495 3202 2535 non
3241 2484 3372 2536 sunt
3394 2478 3545 2535 inde-

1955 2574 2176 2641 centes,
2222 2583 2384 2640 saepe
2423 2568 2568 2624 enim
2603 2565 2937 2625 contrahunt
2964 2567 3102 2636 illas,
3131 2575 3186 2625 et
3210 2569 3262 2625 in
3290 2569 3544 2625 Pontifice

1956 2658 2073 2728 ipso
2113 2656 2425 2714 voluntaria
2463 2655 2728 2729 quaedam
2771 2658 3090 2731 suspensio,
3129 2665 3186 2715 et
3211 2660 3480 2730 separatio
3507 2675 3540 2715 a

1956 2748 2150 2805 divinis
2189 2749 2242 2803 in
2285 2746 2574 2804 vindictam
2615 2747 2702 2803 sui
2739 2748 2975 2805 criminis
3016 2747 3218 2822 publici
3256 2765 3359 2806 non
3395 2756 3544 2805 esset

1956 2854 2153 2912 magna
2192 2837 2525 2907 indecentia3
2570 2838 2761 2894 melius
2803 2854 2935 2912 ergo
2978 2838 3084 2896 dici
3123 2846 3334 2911 potest,
3381 2840 3430 2896 in
3461 2839 3544 2895 his

1956 2930 2141 2999 poenis
2167 2942 2288 2984 esse
2309 2926 2596 2999 specialem
2618 2930 2908 2998 rationem,
2928 2930 3054 3002 quia
3077 2929 3437 2987 essentialiter
3457 2946 3544 2987 re-

1956 3020 2186 3091 quirunt
2229 3017 2632 3074 contumaciam
2650 3058 2665 3083 ,
2717 3023 2776 3073 et
2821 3018 3232 3075 inobedientiam
3283 3027 3546 3091 respectu

1958 3108 2183 3182 praelati
2223 3106 2612 3176 ecclesiastici,
2656 3113 2713 3163 et
2749 3106 2872 3163 ideo
2909 3123 3016 3163 non
3049 3116 3278 3180 possunt
3304 3109 3547 3165 contrahi

1959 3200 2027 3257 ab
2056 3216 2145 3272 eo,
2177 3200 2273 3273 qui
2304 3198 2417 3255 illas
2439 3199 2685 3270 imponit,
2710 3197 2840 3271 quia
2860 3213 2964 3253 non
2987 3206 3170 3271 potest
3189 3198 3286 3256 sibi
3309 3198 3405 3272 ipsi
3425 3214 3547 3255 esse

1959 3287 2293 3346 inobediens.
2326 3292 2394 3345 At
2423 3303 2551 3344 vero
2593 3288 2642 3343 in
2679 3287 2864 3360 poenis
2903 3290 3263 3359 pecuniariis,
3294 3288 3375 3346 vel
3403 3304 3546 3363 quae

1961 3379 2274 3435 consistunt
2301 3379 2364 3433 in
2406 3368 2663 3450 operibus
2705 3378 2921 3448 pietatis
2961 3384 3018 3434 et
3053 3362 3295 3449 virtutis,
3327 3396 3431 3435 non
3459 3388 3548 3437 est

1958 3467 2283 3537 indecentia,
2314 3482 2416 3523 nec
2445 3466 2818 3539 repugnantia,
2843 3473 2900 3525 et
2925 3466 3042 3524 ideo
3067 3476 3336 3542 quantum
3358 3469 3424 3526 ad
3448 3470 3546 3528 has

1961 3575 2071 3616 non
2107 3558 2322 3615 videtur
2360 3557 2719 3629 impossibile,
2751 3557 2924 3630 legem
2955 3558 3190 3632 obligare
3217 3562 3544 3633 principem.-

2048 3652 2131 3707 18.
2169 3646 2274 3704 Sed
2315 3646 2663 3703 nihilomiuus
2703 3645 2770 3703 de
2807 3663 3156 3722 quacumque
3193 3666 3366 3723 poena
3401 3652 3551 3709 etde

1965 3754 2324 3813 quocumque
2363 3738 2527 3794 modo
2569 3737 2878 3811 imponendi
2917 3738 3060 3795 illam
3081 3780 3096 3811 ,
3126 3754 3256 3797 vera
3291 3748 3377 3798 est
3400 3740 3552 3799 dicta

1963 3828 2264 3900 resolutio,
2300 3833 2357 3884 et
2390 3828 2718 3885 communis.
2761 3829 2920 3885 Ratio
2959 3844 3090 3886 vero
3129 3830 3400 3903 generalis
3439 3840 3544 3904 est,

1964 3922 2096 3994 quia
2118 3920 2294 3975 omnis
2317 3933 2510 3990 poena,
2535 3918 3056 3993 quomodocumque
3070 3922 3406 3994 imponatur,
3424 3938 3548 3995 per·

1962 4010 2097 4068 tinet
2123 4007 2193 4065 ad
2220 4008 2330 4064 vim
2357 4009 2696 4079 coactivam,
2728 4012 2789 4063 ut
2816 4009 3082 4081 superiori
3111 4012 3289 4082 capite
3315 4010 3553 4083 explica-

1965 4109 2082 4158 tum
2112 4106 2220 4171 est,
2247 4104 2303 4155 et
2329 4098 2543 4156 coactio
2569 4114 2636 4154 ex
2664 4114 2766 4154 suo
2793 4114 2990 4171 genere
3013 4108 3068 4157 et
3090 4102 3292 4158 ratione
3312 4105 3452 4175 petit
3470 4102 3549 4159 di·

1966 4191 2313 4248 stinctionem
2343 4188 2480 4245 inter
2510 4204 2674 4261 agens
2704 4183 2938 4245 inserens
2967 4192 3337 4265 coactionem,
3367 4194 3542 4267 etqui

1963 4282 2107 4338 illam
2148 4280 2380 4354 patitur:
2426 4285 2480 4336 et
2523 4277 2826 4336 secundum
2870 4278 3010 4337 banc
3041 4282 3348 4355 generalem
3377 4286 3546 4341 ratio-

1966 4388 2088 4429 nem
2118 4369 2470 4428 iudicandum
2496 4376 2582 4425 est
2609 4368 2678 4425 de
2705 4370 2906 4427 virtute
2933 4371 3066 4444 legis
3095 4373 3248 4430 circa
3278 4372 3546 4445 legislato-

1964 4477 2113 4533 rem,
2154 4460 2365 4517 etiamsi
2407 4460 2460 4514 in
2501 4458 2818 4531 particulari
2857 4461 2910 4515 in
2951 4463 3272 4519 executione
3307 4464 3546 4521 alieuius

1964 4566 2171 4624 poenae
2207 4550 2296 4607 illa
2337 4550 2473 4607 ratio
2510 4565 2728 4606 cessare
2765 4549 3028 4607 videatur.
3065 4552 3263 4609 Deinde
3301 4554 3426 4611 addi
3454 4571 3548 4628 po-

1965 4648 2077 4699 test
2112 4640 2214 4697 alia
2251 4640 2413 4710 ratio,
2443 4639 2574 4712 quia
2601 4638 2656 4694 in
2684 4638 2799 4712 lege
2834 4639 3035 4697 ferente
3063 4658 3294 4713 poenam
3325 4644 3442 4716 ipso
3475 4646 3552 4702 sa·

1967 4736 2081 4802 cto,
2115 4728 2490 4803 distinguenda
2515 4735 2600 4786 est
2629 4730 2766 4785 ratio
2797 4728 2949 4802 legis,
2978 4737 3035 4788 et
3061 4734 3196 4791 ratio
3223 4737 3545 4809 sententiae,

1966 4836 2129 4894 quam
2169 4822 2366 4876 virtute
2403 4816 2648 4875 includit.
2687 4819 2822 4875 Nam
2851 4818 2918 4875 ad
2947 4827 3134 4878 actum
3161 4822 3368 4881 directe
3395 4842 3551 4897 prae-

1968 4916 2193 4983 ceptum
2227 4908 2306 4965 vel
2335 4906 2664 4980 prohibitum
2694 4906 2894 4982 obligat
2924 4917 2986 4968 ut
3004 4911 3111 4984 lex,
3135 4922 3192 4971 et
3209 4914 3280 4970 ita
3301 4930 3550 4987 compre-

1971 4997 2153 5056 hendit
2189 4997 2580 5072 legislatorem3
2624 4998 2692 5055 ad
2732 5014 2957 5072 poenam
2999 5018 3129 5058 vero
3167 5004 3316 5076 cogit
3343 5012 3402 5061 ut
3427 5022 3550 5063 sen·-

1969 5090 2165 5162 tentia,
2203 5103 2343 5163 quae
2379 5086 2730 5149 formalitera
2767 5088 2948 5147 iudice
2974 5090 3100 5148 ferri
3124 5093 3313 5157 debet,
3346 5102 3404 5152 et
3428 5096 3551 5157 ideo

1970 5196 2079 5237 non
2108 5177 2518 5251 comprehendit
2547 5179 2648 5235 nisi
2675 5194 2826 5253 eum,
2855 5180 2948 5255 qui
2977 5183 3150 5254 possit
3167 5198 3286 5241 esse
3306 5184 3470 5244 iudex
3498 5189 3552 5245 in
