4325 6267
821 335 938 399 170

732 478 820 543 tit,
864 474 1111 531 absolute
1149 471 1435 529 dicendam
1476 486 1595 527 esse
1638 478 1963 543 potestatem
2008 471 2212 543 regiam
2254 468 2322 525 de

730 568 851 620 iure
879 564 1079 631 divino,
1108 568 1164 619 et
1190 578 1223 619 a
1250 564 1360 619 Deo
1386 561 1593 632 datam,
1618 563 1903 633 supposita
1928 560 2194 617 electione
2225 560 2322 615 ho-

635 712 659 727 „
732 654 961 709 minum.
992 652 1343 708 Contrarium
1371 666 1500 707 vero
1522 649 1724 707 docent
1736 649 2025 707 Bertrand.
2056 656 2114 706 et
2131 648 2326 705 Driedo

731 760 920 815 supra,
950 750 1005 799 et
1033 743 1225 799 Castro
1256 742 1349 797 lib.
1382 739 1455 797 de
1483 740 1607 815 leqe
1638 740 1902 815 poenali,
1939 757 1991 797 c.
2036 744 2081 798 Ι.
2114 740 2184 796 Et
2211 740 2324 795 sine

728 832 890 889 dubio
922 833 1025 887 hoc
1057 847 1249 887 verum
1274 838 1380 897 est,
1413 831 1455 886 si
1485 829 1776 902 loquamur
1805 830 2107 887 formaliter
2135 828 2201 884 de
2232 845 2328 900 po-

732 930 927 979 testate
954 924 1125 993 regia,
1158 928 1430 995 quatenus
1470 919 1592 977 talis
1632 928 1737 993 est,
1764 926 1823 976 et
1862 920 1913 975 in
1960 935 2067 976 uno
2108 918 2326 975 homine

729 1014 933 1069 existit.
968 1014 1105 1069 Nam
1141 1018 1383 1082 potestas
1414 1012 1547 1067 haec
1588 1010 1943 1081 gubernativa
1982 1007 2200 1079 politice
2243 1022 2328 1062 se·

731 1101 977 1158 cundum
1018 1117 1075 1157 se
1117 1100 1481 1167 considerata,
1512 1100 1625 1155 sine
1662 1099 1827 1156 dubio
1867 1104 1955 1153 est
1992 1114 2061 1153 ex
2101 1099 2232 1163 Deo,
2268 1100 2328 1151 ut

730 1192 868 1261 dixi3
914 1198 1094 1247 tamen
1132 1204 1255 1245 esse
1294 1190 1345 1245 in
1382 1189 1487 1245 hoc
1532 1188 1748 1245 homine
1797 1194 1881 1244 est
1918 1203 1984 1243 ex
2036 1184 2326 1242 donatione

730 1283 903 1354 ipsius
936 1281 1290 1352 reipublicae,
1324 1286 1383 1337 ut
1409 1286 1689 1335 ostensum
1719 1285 1834 1350 est3
1857 1293 1990 1349 ergo
2020 1276 2123 1331 sub
2150 1290 2216 1331 ea
2243 1289 2331 1329 ra·

729 1374 871 1429 tione
898 1378 981 1429 est
1008 1370 1075 1425 de
1111 1371 1227 1427 iure
1258 1369 1516 1425 humano.
1548 1370 1679 1425 Item
1722 1368 1870 1441 quod
1912 1368 2155 1441 regimen
2200 1364 2327 1421 talis

732 1462 1061 1533 reipublicae
1098 1461 1181 1516 vel
1222 1460 1532 1530 provinciae
1568 1459 1639 1515 sit
1664 1456 2118 1527 monarchicum,
2148 1461 2234 1512 est
2261 1471 2328 1511 ex

734 1551 1013 1608 hominum
1048 1548 1412 1619 institutione,
1448 1553 1509 1604 ut
1545 1563 1711 1618 supra
1738 1552 2019 1603 ostensum
2046 1550 2163 1615 est,
2195 1559 2327 1616 ergo

649 1648 657 1655 ‘
738 1648 794 1696 et
835 1640 1169 1711 principatus
1210 1642 1325 1711 ipse
1363 1645 1448 1694 est
1488 1639 1553 1694 ab
1596 1634 1925 1693 hominibus.
1957 1634 2125 1691 Cuius
2166 1633 2329 1689 etiam

734 1732 952 1801 signum
992 1737 1101 1799 est,
1144 1731 1270 1803 quia
1308 1728 1457 1785 iuxta
1498 1736 1744 1798 pactum,
1787 1724 1869 1781 vel
1914 1725 2328 1781 conventionem

733 1820 935 1877 iactam
972 1820 1376 1893 inter.regnum
1404 1824 1459 1875 et
1486 1833 1692 1890 regem,
1722 1818 1841 1873 eius
1883 1821 2125 1888 potestas
2159 1816 2330 1871 maior

733 1910 818 1965 vel
847 1910 1022 1965 minor
1048 1910 1259 1981 existit3
1290 1925 1421 1981 ergo
1449 1915 1534 1964 est
1558 1909 1625 1965 ab
1653 1907 1985 1979 bominibus,
2010 1904 2330 1977 simpliciter

732 1998 1027 2071 loquendo.

809 2090 997 2147 Divina
1024 2097 1207 2146 autem
1236 2088 1521 2161 Scriptura
1547 2087 1658 2143 duo
1686 2087 1950 2160 significat
1969 2088 2023 2143 in
2050 2087 2151 2144 illis
2179 2087 2330 2143 locu-

732 2180 993 2238 tionibus.
1023 2182 1201 2237 Unum
1230 2186 1346 2251 est,
1378 2179 1519 2235 hanc
1558 2185 1883 2251 potestatem
1923 2175 2230 2233 secundum
2271 2193 2328 2232 se

732 2278 1033 2342 spectatam
1068 2285 1190 2325 esse
1218 2285 1249 2325 a
1283 2272 1391 2326 Deo
1410 2309 1425 2338 ,
1452 2275 1508 2325 et
1534 2284 1654 2323 esse
1682 2269 1880 2323 iustam
1909 2275 1965 2324 et
1991 2266 2330 2323 conformem

730 2360 937 2417 divinae
994 2360 1298 2428 voluntati,
1345 2358 1493 2415 aliud
1534 2366 1619 2415 est
1660 2358 1941 2429 supposita
1983 2356 2331 2413 translatione

730 2450 896 2512 huius
932 2452 1220 2521 potestatis
1246 2450 1299 2505 in
1328 2463 1532 2520 regem,
1565 2448 1669 2503 iam
1695 2462 1887 2520 gerere
1918 2448 2093 2502 vicem
2124 2448 2239 2517 Dei,
2272 2453 2328 2503 et

732 2538 981 2596 naturale
1013 2540 1097 2595 ius
1124 2538 1361 2610 obligare
1388 2537 1454 2594 ad
1485 2535 1785 2609 parendum
1815 2536 1910 2591 illi.
1933 2537 2091 2593 Sicut
2110 2535 2330 2607 quando

735 2645 876 2687 unus
909 2628 1071 2684 homo
1102 2631 1347 2699 privatus
1376 2644 1433 2683 se
1460 2627 1671 2693 vendit,
1696 2634 1753 2683 et
1779 2627 1943 2684 tradit
1963 2627 2117 2683 alteri
2140 2629 2194 2683 in
2219 2643 2333 2683 ser-

734 2735 865 2775 vum
884 2760 899 2789 ,
927 2718 1227 2775 dominium
1256 2717 1389 2774 illud
1423 2717 1489 2773 ab
1512 2716 1728 2773 homine
1756 2715 2070 2788 simpliciter
2092 2710 2208 2787 est‘3
2241 2717 2331 2773 illo

738 2824 869 2863 vero
897 2815 1191 2865 contractu
1222 2808 1530 2880 supposito,
1556 2807 1675 2863 iure
1696 2808 1874 2863 divino
1898 2813 1950 2864 et
1974 2807 2206 2864 naturali
2235 2807 2333 2863 ob-

738 2898 936 2969 ligatur
966 2913 1157 2953 servus
1186 2912 1375 2967 parere
1401 2896 1641 2953 domino.
1675 2898 1743 2953 Et
1768 2897 1841 2952 ita
1871 2902 2017 2968 patet
2042 2897 2330 2969 responsio

737 2986 804 3043 ad
846 2988 1331 3054 confirmationem,
1376 2985 1624 3057 negando
1665 2985 1983 3057 simpliciter
2025 2985 2325 3059 sequelam,

738 3077 867 3147 quia
894 3074 1152 3131 translata
1182 3081 1448 3146 potestate
1471 3077 1525 3130 in
1557 3090 1766 3146 regem,
1798 3090 1895 3147 per
1924 3074 2065 3131 illam
2092 3074 2332 3131 efficitur

737 3166 988 3236 superior
1014 3165 1175 3221 etiam
1208 3180 1399 3236 regno,
1432 3164 1582 3238 quod
1616 3165 1761 3221 illam
1788 3164 1955 3234 dedit,
1986 3166 2111 3236 quia
2150 3164 2329 3226 dando

738 3254 883 3311 illam
923 3271 982 3310 se
1023 3255 1273 3324 subiecit,
1304 3266 1361 3311 et
1401 3256 1565 3326 priori
1608 3254 1853 3311 libertate
1894 3258 2147 3326 privavit,
2175 3262 2237 3311 ut
2275 3257 2329 3311 in

736 3346 983 3416 exemplo
1011 3344 1077 3401 de
1104 3361 1295 3413 servo,
1328 3356 1540 3401 servata
1583 3346 1955 3416 proportione,
1986 3352 2227 3402 constat.
2259 3346 2330 3402 Et

740 3436 929 3492 eadem
957 3436 1160 3491 ratione
1190 3451 1294 3490 non
1327 3443 1504 3506 potest
1542 3450 1634 3491 rex
1660 3435 1752 3491 illa
1792 3442 2062 3506 potestate
2103 3436 2326 3506 privari,

741 3530 868 3598 quia
902 3540 1091 3581 verum
1119 3524 1258 3580 illius
1285 3524 1583 3580 dominium
1614 3525 1927 3597 acquisivit,
1958 3526 2061 3581 nisi
2101 3527 2332 3583 fortasse

744 3616 796 3669 in
826 3612 1160 3689 tyrannidem·
1184 3612 1455 3683 declinet,
1486 3613 1556 3668 ob
1584 3629 1749 3686 quam
1790 3614 1961 3684 possit
1990 3630 2220 3685 regnum
2249 3614 2330 3671 iu-

750 3710 897 3757 stum
926 3701 1127 3759 bellum
1159 3708 1353 3758 contra
1382 3702 1531 3759 illum
1562 3718 1742 3773 agere,
1773 3703 1841 3759 de
1868 3718 1977 3774 quo
2005 3704 2157 3759 alias,

828 3797 881 3848 6.
912 3792 1091 3848 Tertio
1117 3792 1393 3862 colligitur
1422 3806 1486 3847 ex
1516 3792 1697 3861 dictis,
1730 3792 2000 3864 loquendo
2042 3810 2109 3849 ex
2136 3801 2331 3850 natura

746 3883 859 3952 rei,
891 3898 989 3937 seu
1018 3882 1166 3939 iuxta
1194 3883 1503 3937 naturalem
1528 3888 1583 3937 et
1610 3882 1939 3937 ordinarium
1978 3898 2206 3939 cursum
2233 3882 2336 3939 hu-

744 3986 1028 4027 manarum
1058 3986 1244 4027 rerum
1267 4010 1282 4038 ,
1314 3970 1491 4025 nullas
1519 3986 1639 4026 esse
1668 3968 1811 4042 leges
1840 3970 2025 4027 civiles
2054 3974 2332 4028 universa-

743 4060 867 4116 liter
896 4060 1031 4117 latas
1058 4076 1154 4131 pro
1186 4065 1297 4115 toto
1328 4059 1479 4131 orbe,
1511 4065 1565 4114 et
1584 4075 1724 4132 quae
1747 4076 1936 4116 omnes
1962 4060 2205 4118 homines
2236 4061 2334 4117 ob-

736 4152 937 4223 tigent.
968 4149 1118 4217 Quod
1149 4147 1369 4221 quidem
1398 4147 1478 4205 vel
1508 4163 1574 4203 ex
1602 4150 1723 4220 ipso
1752 4150 1965 4207 nomine
1994 4156 2230 4221 constat3
2256 4150 2334 4207 lo-

744 4240 970 4312 quimur
996 4238 1137 4294 enim
1165 4237 1231 4294 de
1252 4237 1459 4309 legibus
1481 4237 1755 4307 humanis,
1780 4239 1969 4295 stricte
1994 4240 2333 4313 distinguen-

746 4328 816 4383 do
850 4328 967 4385 illas
995 4344 1026 4384 a
1050 4329 1169 4383 iure
1197 4328 1469 4400 gentium,
1500 4343 1640 4399 quae
1680 4328 1799 4384 ideo
1839 4329 2023 4385 civiles
2062 4330 2334 4401 appellan-

746 4426 860 4483 tur,
893 4420 1021 4489 quia
1048 4422 1179 4472 sunt
1205 4416 1564 4488 particulares
1606 4418 1767 4473 unius
1808 4417 2059 4486 civitatis,
2093 4420 2174 4476 vel
2202 4436 2334 4493 gen-

743 4507 835 4575 tis,
868 4513 929 4563 ut
954 4506 1153 4563 dicitur
1182 4506 1234 4559 in
1278 4505 1311 4561 l.
1345 4520 1545 4561 omnes
1581 4504 1803 4580 populi,
1851 4506 1906 4562 n‘.
1950 4507 2017 4564 de
2060 4508 2233 4565 iustit.
2279 4516 2336 4565 et

747 4596 856 4651 iur.
884 4596 1186 4667 Loquimur
1213 4594 1337 4649 item
1365 4593 1431 4651 de
1460 4594 1690 4666 legibue,
1720 4612 1860 4667 quae
1888 4611 1982 4668 per
2012 4605 2332 4669 potestatem

744 4685 1049 4741 naturalem
1086 4684 1213 4739 l'erri
1243 4692 1506 4754 possunt,
1539 4685 1738 4740 omissa
1764 4701 1863 4757 pro
1894 4702 2040 4741 nunc
2071 4703 2326 4758 superna·

745 4776 908 4831 turali
938 4774 1397 4845 potestate.Tales
1426 4789 1559 4847 ergo
1590 4775 1735 4846 leges
1763 4774 1921 4846 quasi
1945 4790 2010 4833 ex
2040 4777 2334 4834 intrinseca

744 4864 1054 4920 conditione
1083 4862 1382 4933 postulant,
1413 4870 1474 4918 ut
1503 4862 1837 4918 universales
1868 4879 1973 4919 non
2012 4866 2141 4920 sint.
2177 4867 2333 4923 Ratio

742 4968 774 5009 a
803 4953 965 5025 priori
992 4959 1098 5017 est,
1130 4953 1258 5025 quia
1285 4950 1435 5007 nulla
1460 4958 1547 5007 est
1571 4960 1815 5024 potestas
1847 4952 2161 5026 legislativa,
2193 4972 2334 5028 quae

746 5043 940 5097 habeat
965 5040 1389 5096 iurisdictionem
1421 5040 1471 5094 in
1499 5047 1679 5097 totum
1710 5040 1918 5110 orbem,
1946 5059 2042 5099 seu
2072 5044 2124 5100 in
2144 5060 2336 5101 omnes

748 5132 1025 5200 homines,
1057 5144 1190 5202 ergo
1220 5128 1369 5183 nulla
1399 5127 1481 5183 lex
1510 5128 1681 5185 civilis
1720 5138 1904 5201 potest
1942 5146 2062 5187 esse
2106 5132 2176 5189 ita
2219 5136 2334 5190 uni-

748 5222 994 5279 versalis.
1027 5218 1426 5291 Consequentia
1456 5224 1541 5279 est
1568 5217 1739 5290 clara,
1770 5220 1896 5291 quia
1934 5220 2016 5278 lex
2042 5238 2150 5279 non
2179 5238 2331 5297 egre·-

2173 344 2372 393 Lmen
2401 344 2502 393 ΙΙΙ.

2394 467 2546 525 ditur
2587 473 2846 527 terminos
2893 472 3278 531 iurisdictionis
3316 474 3536 533 serentis
3573 490 3714 531 eam.
3748 480 3989 533 Scimus

2393 562 2568 627 enim,
2610 567 2670 616 ut
2698 564 2771 617 ait
2797 561 3018 633 Paulus,
3049 562 3204 635 quod
3241 569 3430 622 omnis
3469 564 3569 621 Iex
3609 566 3694 623 ad
3729 583 3844 632 eos,
3879 570 3986 640 qui

2397 648 2504 705 sub
2546 648 2670 723 leye
2711 656 2864 719 sunt,
2901 650 3176 725 loquitur.
3218 655 3353 711 Nam
3391 660 3570 711 extra
3607 660 3984 713 territorium

2401 740 2501 796 ius
2526 738 2744 797 dicenti
2769 744 3006 815 impune
3045 759 3162 799 non
3192 748 3473 818 paretur,
3513 756 3574 805 ut
3613 746 3806 803 dicunt
3845 748 3986 821 iura3

2403 828 2576 885 multo
2616 846 2748 903 ergo
2789 833 2968 887 minus
3011 832 3310 903 parendum
3337 840 3424 890 est
3459 842 3616 891 extra
3646 838 3982 892 territorium

2397 919 2482 973 ius
2524 934 2622 975 seu
2662 919 2834 991 legem
2875 921 3087 979 serenti.
3131 922 3471 980 antecedens
3509 932 3694 981 autem
3734 932 3884 998 patet
3919 942 3989 983 ex

2395 1006 2574 1079 dictis,
2604 1010 2731 1081 quia
2760 1016 2998 1081 potestas
3029 1012 3162 1069 baec
3191 1028 3296 1069 non
3339 1022 3424 1070 est
3462 1015 3515 1070 in
3547 1022 3660 1071 tota
3701 1016 3980 1072 hominum

2395 1102 2797 1157 communitate
2828 1141 2844 1171 ,
2887 1104 3016 1173 quia
3059 1119 3164 1158 non
3205 1118 3391 1159 omnes
3431 1114 3768 1177 componunt
3817 1122 3982 1163 unam

2397 1190 2810 1261 rempublicam,
2834 1198 2930 1248 aut
2957 1208 3207 1263 regnum,
3233 1208 3334 1249 nec
3361 1196 3524 1251 estin
3549 1211 3658 1251 uno
3680 1196 3862 1269 aliquo
3887 1197 3984 1253 bo-

2399 1278 2563 1349 mine,
2586 1278 2810 1336 deberet
2835 1282 2978 1337 enim
3003 1281 3150 1338 illam
3181 1282 3379 1340 babere
3402 1284 3469 1340 ab
3489 1284 3817 1354 hominibus,
3840 1284 3987 1358 quod

2397 1368 2524 1441 tingi
2552 1384 2658 1425 non
2701 1376 2904 1442 potest,
2935 1371 3064 1444 quia
3103 1370 3348 1430 homines
3391 1390 3670 1447 nunquam
3714 1390 3984 1432 convene·

2399 1465 2534 1515 runt
2573 1458 2639 1515 ad
2684 1460 2826 1517 illam
2866 1461 3274 1534 conserendam,
3309 1463 3392 1519 vel
3432 1464 3500 1521 ad
3541 1466 3986 1523 constituendum

2397 1546 2498 1603 sibi
2527 1554 2698 1628 caput
2719 1565 2910 1605 unum.
2957 1552 3072 1607 lmo
3099 1566 3277 1625 neque
3305 1553 3461 1609 titulo
3488 1552 3644 1623 belli,
3675 1555 3786 1610 sive
3815 1556 3984 1621 iusto,

2397 1635 2510 1692 sive
2539 1637 2761 1705 iniusto,
2796 1638 2894 1695 init
2938 1656 3176 1713 unquam
3217 1641 3410 1715 aliquis
3439 1644 3716 1716 princeps,
3747 1646 3856 1717 qui·
3870 1646 3988 1701 uni·

2397 1742 2557 1782 verso
2585 1728 2703 1784 orbi
2734 1727 2901 1785 fuerit
2939 1731 3305 1803 temporaliter
3343 1731 3674 1798 dominatus,
3709 1741 3770 1790 ut
3803 1749 3872 1791 ex
3912 1734 3992 1790 bi-

2396 1816 2579 1871 storiis
2629 1826 2896 1889 constat3
2935 1835 3070 1893 ergo
3113 1821 3417 1879 secundum
3459 1822 3724 1880 humanae
3765 1830 3990 1881 naturae

2394 1922 2628 1961 cursum
2671 1907 2819 1964 nulla
2857 1916 2964 1980 est,
2997 1926 3098 1966 nec
3141 1910 3264 1979 suit,
3295 1926 3396 1969 nec
3441 1912 3719 1970 moraliter
3743 1928 3868 1970 esse
3895 1930 3994 1986 po-

2397 1994 2499 2050 tuit
2527 2002 2769 2065 potestas
2796 1995 3099 2071 legislativa
3127 1999 3364 2057 humana
3393 2002 3712 2058 universalis
3741 2019 3839 2073 pro
3869 2008 3984 2058 toto

2398 2083 2548 2139 orbe.
2585 2084 2931 2143 Occurrebat
2969 2094 3150 2144 autem
3191 2091 3246 2145 in
3287 2092 3556 2161 praesenti
3596 2091 3890 2147 difficultas
3915 2091 3982 2148 de

2392 2174 2746 2243 imperatore,
2780 2174 2846 2231 de
2877 2192 2990 2249 quo
3019 2178 3070 2232 in
3105 2177 3239 2234 libro
3260 2180 3508 2252 sequenti
3528 2195 3649 2250 cap.
3669 2180 3758 2237 111.
3781 2180 3986 2237 dicam.

2395 2261 2763 2333 Quapropter,
2807 2264 2939 2321 licet
2981 2273 3156 2323 totum
3197 2268 3510 2325 universum
3550 2268 3911 2341 gubernetur,
3939 2278 3996 2328 ει

2397 2350 2673 2424 obligetur
2704 2353 2914 2425 legibus
2941 2354 3212 2423 civilibus,
3240 2363 3304 2412 ut
3346 2357 3621 2414 moraliter
3661 2365 3878 2415 constat
3915 2358 3986 2415 de

2399 2441 2649 2498 omnibus
2679 2444 3010 2515 nationibus,
3043 2460 3184 2517 quae
3213 2445 3446 2519 aliquam
3477 2448 3716 2518 politiam
3757 2447 3979 2518 habent,

2397 2539 2453 2588 et
2478 2547 2588 2589 non
2619 2540 2750 2590 sunt
2777 2535 2994 2590 omnino
3023 2534 3305 2608 barbarae3
3329 2551 3437 2591 non
3469 2543 3646 2592 tamen
3669 2538 3883 2609 regitur
3909 2543 3994 2593 to-

2401 2628 2518 2677 tum
2546 2622 2749 2679 eisdem
2780 2623 3016 2696 legibus,
3048 2625 3143 2682 sed
3171 2641 3298 2682 cum
3327 2626 3608 2697 partitione
3634 2626 3996 2684 accommoda

2401 2726 2757 2786 unaquaeque
2795 2714 3101 2784 respublica
3129 2716 3210 2771 vel
3239 2730 3468 2788 regnum
3498 2716 3614 2771 suis
3646 2716 3856 2789 legibus
3885 2732 3988 2788 gu-

2397 2799 2683 2858 bernatur.
2717 2802 3000 2870 Quomodo
3031 2819 3158 2859 vero
3201 2803 3335 2860 baec
3377 2811 3613 2876 potestas
3653 2807 3706 2860 in
3737 2804 3982 2863 Ecclesia

2397 2889 2594 2946 Christi
2625 2889 2810 2948 locum
2841 2893 3056 2963 habeat,
3085 2902 3140 2951 et
3165 2910 3230 2948 an
3259 2896 3589 2966 peculiarem
3629 2896 3864 2970 aliquam
3907 2898 3984 2953 in-

2397 2979 2730 3037 stitutionem
2759 2984 3044 3053 receperit,
3075 2984 3127 3038 in
3156 2984 3509 3057 sequentibus
3537 2985 3804 3043 dicemus.

2479 3072 2527 3127 7.
2561 3070 2767 3136 Quarto
2799 3076 2973 3142 potest
2997 3087 3064 3129 ex
3092 3072 3250 3129 dictis
3277 3074 3512 3131 breviter
3549 3075 3755 3148 colligi,
3785 3076 3986 3149 quibus

2398 3158 2574 3215 modis
2601 3158 2915 3231 participari
2943 3164 3117 3239 possit
3144 3162 3276 3219 haec
3319 3170 3557 3235 potestas
3597 3165 3804 3223 serendi
3839 3166 3989 3239 leges

2397 3248 2684 3304 humanas,
2706 3250 3007 3307 Dicendum
3028 3260 3115 3307 est
3135 3254 3300 3321 enim,
3323 3255 3377 3309 in
3407 3256 3593 3325 primis
3616 3255 3800 3312 haberi
3829 3270 3992 3327 posse

2395 3336 2703 3395 immediate
2739 3356 2770 3395 a
2797 3344 2926 3411 Deo,
2961 3342 3090 3414 quia
3117 3358 3224 3400 non
3255 3351 3436 3414 potest
3465 3344 3598 3400 baec
3625 3352 3867 3416 potestas
3895 3345 3989 3401 ha-

2397 3430 2526 3486 bere
2566 3430 2724 3485 aliam
2774 3432 3058 3505 originem,
3091 3439 3155 3487 ut
3191 3433 3366 3505 capite
3406 3435 3673 3505 superiori
3711 3442 3990 3491 ostensum

2395 3527 2509 3590 est,
2540 3528 2594 3576 et
2629 3522 2756 3593 quia
2787 3524 2930 3578 Deus
2977 3529 3060 3577 est
3101 3528 3296 3578 auctor
3332 3524 3570 3581 omnium
3608 3524 3911 3594 bonorum,
3939 3531 3997 3580 et

2399 3617 2802 3683 consequenter
2825 3612 3071 3667 omnium
3097 3620 3454 3685 potestatum,
3476 3622 3528 3671 et
3551 3616 3868 3687 praesertim
3889 3615 3992 3671 hu·

2399 3700 2508 3768 ius,
2537 3716 2678 3771 quae
2705 3716 2772 3757 ex
2805 3700 2986 3758 divina
3009 3702 3348 3773 providentia
3371 3706 3601 3761 maxime
3625 3704 3839 3775 pendet,
3865 3720 3995 3761 cum

2399 3788 2463 3843 ad
2495 3788 2669 3844 bonos
2702 3788 2982 3846 bominum
3011 3806 3215 3861 mores,
3244 3799 3303 3848 et
3327 3793 3734 3848 convenientem
3763 3808 3990 3849 conser-

2399 3878 2668 3933 vationem
2698 3894 2762 3935 ac
2789 3880 3238 3951 gubernationem
3267 3882 3574 3938 necessaria
3602 3886 3689 3938 sit.
3721 3884 3873 3940 Unde
3902 3899 3994 3939 ne·

2398 3982 2552 4023 cesse
2579 3974 2682 4039 est,
2717 3975 2777 4024 ut
2811 3969 2944 4025 haec
2988 3976 3227 4042 potestas
3272 3971 3341 4026 sit
3380 3986 3412 4026 a
3442 3974 3548 4027 Deo
3592 3972 3896 4029 immediate
3937 3972 3989 4027 in

2399 4058 2602 4130 aliquo,
2633 4060 2758 4130 quia
2789 4060 2834 4113 si
2878 4059 2928 4113 in
2971 4058 3152 4131 aliquo
3191 4068 3278 4116 est
3318 4058 3567 4130 mediate,
3599 4061 3650 4116 in
3677 4060 3860 4133 aliquo
3885 4060 3992 4117 alio

2399 4148 2503 4203 erit
2524 4146 2849 4219 immediate,
2883 4165 3011 4206 cum
3045 4166 3150 4205 non
3179 4151 3354 4222 possit
3379 4149 3598 4222 procedi
3626 4151 3675 4205 in
3705 4152 3993 4207 infinitum.

2402 4235 2623 4292 Duobus
2651 4244 2832 4293 autem
2879 4239 3054 4295 modis
3083 4246 3262 4310 potest
3289 4255 3412 4296 esse
3441 4256 3472 4295 a
3501 4241 3607 4295 Deo
3625 4281 3640 4308 ,
3671 4239 3878 4297 scilicet
3903 4256 3997 4295 na-

2401 4327 2680 4395 turaliter,
2715 4334 2776 4383 nt
2802 4328 2870 4385 ab
2900 4335 3129 4385 auctore
3159 4337 3420 4399 naturae3
3452 4328 3535 4385 vel
3567 4329 3993 4401 supernaturali-

2401 4424 2506 4487 ter,
2539 4424 2601 4472 ut
2626 4417 2694 4472 ab
2737 4423 2962 4473 auctore
3003 4418 3224 4489 gratiae.
3256 4420 3330 4474 De
3371 4418 3475 4474 hoc
3517 4418 3803 4489 posteriori
3839 4417 3989 4474 dice-

2403 4522 2524 4563 mus
2553 4505 2604 4561 in
2635 4505 2727 4562 lib.
2769 4507 2830 4563 V.
2862 4508 3016 4563 Prior
3046 4523 3172 4563 vero
3203 4508 3334 4564 satis
3374 4524 3442 4564 ex
3479 4508 3639 4564 dictis
3679 4508 3992 4564 declaratus

2399 4604 2502 4653 est.
2536 4599 2710 4669 Atque
2747 4595 2868 4652 inde
2903 4598 3064 4653 etiam
3099 4603 3350 4668 constat,
3386 4614 3546 4669 posse
3585 4597 3722 4653 banc
3753 4606 3996 4670 potesta·

2400 4694 2508 4743 tem
2536 4702 2658 4742 esse
2689 4685 2996 4743 immediate
3025 4688 3091 4744 ab
3121 4687 3453 4759 hominibus,
3479 4694 3531 4743 et
3559 4686 3786 4744 niediate
3813 4690 3986 4757 aDeo,

2399 4779 2508 4835 imo
2539 4776 2809 4834 ordinarie
2841 4778 2914 4833 ita
2940 4793 3092 4848 esse,
3128 4777 3402 4850 loquendo
3438 4777 3505 4834 de
3535 4783 3802 4848 potestate
3829 4786 3992 4835 natu-

2400 4868 2526 4937 rali·,
2557 4870 2686 4941 quia
2724 4883 2854 4923 cum
2895 4866 3199 4923 immediate
3241 4866 3310 4924 sit
3349 4867 3398 4922 in
3441 4868 3856 4937 communitate,
3897 4883 3997 4938 per

2401 4958 2544 5015 illam
2569 4958 2816 5014 derivata
2840 4966 2922 5014 est
2948 4956 3016 5013 ad
3043 4973 3223 5029 reges,
3256 4956 3338 5013 vel
3367 4956 3675 5029 principes,
3707 4971 3806 5014 seu
3835 4972 3995 5013 sena-

2401 5056 2571 5120 tores3
2603 5064 2726 5106 raro
2753 5048 2895 5104 enim
2923 5056 3020 5103 aut
3045 5042 3328 5119 nunquam
3353 5047 3408 5102 in
3449 5052 3561 5103 tota
3599 5046 3990 5102 communitate

2401 5138 2688 5208 retinetur,
2721 5138 2792 5193 ita
2823 5143 2884 5194 ut
2909 5152 3006 5208 per
3035 5135 3181 5192 illam
3209 5134 3518 5193 immediate
3557 5132 3988 5191 administretur.

2401 5229 2698 5300 Postquam
2723 5242 2851 5284 vero
2877 5227 3140 5283 translata
3162 5231 3248 5284 est
3261 5224 3395 5282 haec
3419 5230 3661 5297 potestas
3681 5222 3747 5279 ad
3761 5222 3996 5295 aliquam
