4325 6267
861 360 983 426 312

778 499 1118 557 effectionem
1168 500 1338 571 ipsius
1386 501 1638 556 materiae
1658 542 1672 571 ,
1722 514 1863 573 quae
1892 497 2055 555 simul
2084 496 2174 566 tit,
2205 501 2260 549 et
2289 509 2382 565 ap-

779 591 1138 662 proximatur.
1170 588 1301 656 Quia
1332 590 1555 646 materia
1592 588 1679 646 illa
1720 593 1849 645 sunt
1888 586 2116 655 subditi,
2146 591 2212 640 ut
2243 582 2379 639 tales

780 688 940 750 sunt3
992 681 1046 735 in
1098 678 1365 751 praesenti
1404 694 1537 751 ergo
1587 686 1720 735 tunc
1775 677 2078 750 applicatur
2131 673 2378 741 materia,

779 767 998 843 quando
1026 767 1341 826 efficiuntur
1386 767 1627 842 subditi,
1679 783 1775 824 nec
1808 767 1963 824 aliter
2002 763 2376 839 applicantur,

777 874 945 931 quam
986 858 1230 915 faciendo
1276 858 1327 915 in
1365 859 1445 914 eis
1472 856 1884 915 subiectionem.
1918 854 2229 913 Hanc'vero
2258 866 2377 907 sen·

777 949 1001 1004 tentiam
1030 948 1109 1003 sic
1136 947 1474 1005 declaratam
1514 964 1623 1003 non
1645 946 1798 1003 aliter
1828 946 2023 1017 probat
2043 943 2129 999 hic
2156 947 2372 1009 auctor,

774 1037 877 1094 nisi
926 1038 1053 1109 quia
1080 1037 1353 1094 existimat
1394 1036 1534 1094 hanc
1581 1042 1903 1109 potestatem
1927 1034 2133 1090 activae
2163 1028 2378 1088 iurisdi-

778 1126 975 1183 ctionis
1000 1127 1164 1183 fuisse
1186 1126 1508 1199 promissam
1528 1126 1790 1199 apostolis
1813 1124 1998 1182 Matth.
2026 1121 2228 1192 18,illis
2255 1134 2376 1175 ver·

776 1214 885 1272 bis:
926 1219 1349 1291 Quaecumque
1382 1215 1806 1289 αἱὶίραυενίείε,
1842 1220 1953 1271 etc.
2002 1215 2138 1270 Item
2184 1209 2374 1266 ultima

775 1306 1184 1364 confirmatione
1212 1323 1375 1378 supra
1406 1306 1603 1380 posita,
1632 1306 1779 1379 quod
1807 1305 2101 1377 episcopus
2132 1315 2240 1356 non
2271 1314 2368 1370 po·

774 1401 883 1452 test
909 1395 1126 1453 dicere:
1161 1400 1284 1469 qu
1319 1398 1763 1453 excommunico
1808 1409 1915 1468 per
1953 1394 2306 1466 potestatem
2332 1404 2376 1445 a

774 1486 953 1560 Papa
978 1488 1309 1560 acceptam.

852 1578 907 1634 6.
938 1574 1058 1631 Mihi
1086 1581 1265 1632 autem
1297 1575 1345 1630 in
1377 1581 1509 1631 tom.
1545 1579 1603 1647 4,
1633 1575 1773 1646 disp.
1810 1576 1896 1643 16,
1929 1578 2070 1628 sect.
2098 1574 2153 1642 3,
2189 1572 2372 1643 opinio

773 1664 865 1722 illa
904 1666 1147 1737 Navarri,
1190 1663 1335 1721 unde
1366 1665 1417 1721 in
1459 1666 1733 1736 praesenti
1770 1663 2009 1720 sumitur
2050 1662 2360 1733 proportio,

774 1755 929 1813 valde
948 1754 1244 1827 displicuit.
1270 1756 1535 1825 Primum,
1568 1756 1699 1828 quia
1724 1754 1773 1811 in
1805 1770 1865 1810 re
1886 1752 2066 1809 solum
2089 1758 2268 1809 mutat
2295 1750 2371 1807 lo·

774 1846 975 1917 quendi
1008 1844 1229 1902 modum
1258 1852 1452 1901 contra
1478 1851 1729 1916 receptas
1758 1844 2061 1900 locutiones
2100 1842 2373 1899 concilio·

772 1949 900 1992 rum
932 1944 987 1992 et
1028 1935 1525 2006 scholasticorum,
1565 1943 1625 1991 ut
1667 1934 1736 1989 ibi
1775 1933 2103 2006 ponderavi,
2146 1938 2204 1989 et
2241 1948 2373 1989 con-

772 2025 944 2081 stabit
982 2024 1129 2081 clare
1166 2024 1397 2082 intuenti
1426 2025 1546 2081 loca
1572 2024 1627 2081 d.
1653 2025 1889 2080 Thomae
1923 2031 1979 2079 et
2016 2022 2373 2078 scholastico·

772 2130 918 2180 rum,
949 2130 1089 2187 quae
1117 2114 1361 2187 proxime
1390 2114 1574 2171 citavi.
1606 2114 1707 2181 Qui
1737 2113 2008 2187 appellant
2038 2118 2364 2184 potestatem

770 2203 975 2261 ordinis
1004 2219 1149 2273 eam,
1175 2219 1316 2277 quae
1344 2203 1505 2260 datur
1525 2219 1592 2259 ex
1617 2206 1666 2258 vi
1696 2203 2043 2273 sacramenti,
2067 2210 2124 2258 et
2144 2208 2362 2273 praeter

768 2294 914 2351 illam
937 2290 1234 2367 'requirunt
1255 2299 1577 2365 potestatem
1601 2292 2013 2362 iurisdictionis,
2038 2307 2179 2363 quae
2199 2290 2363 2348 datur

768 2392 926 2442 extra
964 2390 1373 2440 sacramentum
1402 2397 1498 2454 per
1542 2382 1768 2439 hominis
1806 2383 2221 2438 concessionem
2262 2397 2364 2437 nu-

769 2474 918 2531 dam.
947 2474 1041 2531 Illa
1083 2477 1264 2529 autem
1293 2472 1597 2528 iurisdictio
1623 2472 1676 2527 in
1718 2471 1927 2541 habitu,
1957 2486 2123 2543 quam
2160 2473 2360 2527 Navar.

769 2566 849 2620 sic
875 2563 1155 2634 nominat,
1184 2577 1290 2618 non
1319 2568 1402 2617 est
1442 2561 1540 2617 nisi
1570 2568 1813 2633 potestas
1844 2560 2045 2618 ordinis
2074 2562 2127 2615 in
2156 2576 2366 2632 corpus

768 2654 965 2711 Christi
994 2651 1292 2726 mysticum
1311 2693 1326 2724 ,
1358 2666 1459 2708 nec
1490 2651 1611 2723 plus
1640 2658 1819 2724 potest
1846 2651 2058 2722 operari
2087 2652 2201 2706 sine
2239 2650 2362 2721 alia,

770 2758 937 2815 quam
968 2750 1209 2814 potestas
1239 2740 1347 2811 illa,
1370 2756 1536 2815 quam
1566 2740 1883 2798 scholastici
1911 2740 2113 2795 ordinis
2138 2746 2357 2796 vocant.

771 2832 967 2890 Deinde
995 2832 1123 2904 quia
1165 2831 1208 2887 si
1245 2846 1469 2887 necesse
1494 2837 1578 2888 est
1604 2871 1619 2901 ,
1666 2837 1727 2887 ut
1753 2838 1939 2901 postea
1962 2831 2087 2885 liant
2114 2829 2361 2885 homines

770 2923 1003 2980 subiecti
1034 2922 1127 2979 tali
1155 2936 1442 2993 personae,
1474 2927 1535 2977 ut
1562 2935 1660 2992 per
1701 2919 1843 2976 illam
1874 2925 2194 2991 potestatem
2237 2934 2362 2990 pos-

768 3013 840 3068 sit
865 3014 919 3069 in
958 3012 1075 3068 illos
1104 3010 1348 3083 operari,
1380 3012 1525 3068 utin
1567 3010 1835 3081 praesenti
1862 3010 2110 3081 vasquez
2138 3009 2361 3083 ratetum

766 3120 903 3177 ergo
930 3118 1156 3159 necesse
1184 3107 1297 3168 est,
1330 3107 1392 3157 ut
1432 3100 1689 3156 sacerdos
1717 3100 1800 3156 vel
1844 3102 2139 3179 episcopus
2168 3115 2361 3156 conse-

770 3200 960 3252 cratus
988 3194 1055 3251 de
1096 3207 1235 3248 novo
1264 3195 1354 3247 liat
1392 3190 1645 3262 superior
1672 3197 1931 3261 respectu
1959 3190 2149 3246 talium
2181 3188 2365 3245 subdi·

769 3293 973 3353 torum,
1019 3283 1149 3357 quia
1188 3279 1439 3353 superior
1474 3288 1531 3337 et
1567 3279 1821 3336 subditus
1850 3278 2180 3336 correlative
2209 3285 2362 3349 sunt,

766 3383 824 3433 et
850 3374 971 3432 ideo
1002 3389 1106 3429 non
1140 3378 1319 3444 potest
1342 3386 1513 3427 unum
1544 3370 1655 3425 lieri
1687 3370 1860 3441 prius,
1884 3383 2045 3441 quain
2078 3367 2249 3437 aliud,
2272 3382 2366 3423 ne·

768 3481 876 3539 que
914 3479 1087 3521 unum
1118 3462 1228 3517 sine
1269 3460 1392 3516 alio.
1424 3460 1569 3532 Ergo
1598 3474 1729 3515 cum
1768 3458 2079 3530 applicatur
2110 3460 2360 3530 materia,

766 3562 825 3612 et
852 3556 989 3611 liunt
1014 3552 1241 3620 subditi,
1266 3552 1517 3622 superior
1548 3550 1753 3620 accipit
1782 3564 1981 3605 novam
2010 3553 2360 3620 potestatem,

766 3653 824 3702 et
850 3644 934 3700 ius
954 3650 1009 3699 et
1034 3642 1192 3715 quasi
1221 3638 1516 3696 dominium
1542 3640 1593 3695 in
1623 3638 1767 3711 illos,
1792 3639 1915 3711 quia
1945 3654 2040 3711 per
2070 3638 2231 3695 talem
2261 3653 2358 3709 po·

770 3740 1020 3792 testatem
1059 3728 1359 3787 formaliter
1400 3730 1759 3784 constituitur
1786 3729 2071 3799 superior3
2101 3742 2236 3801 ergo
2274 3726 2364 3782 illa

768 3830 855 3881 est
879 3824 1038 3879 etiam
1067 3826 1309 3893 potestas
1336 3816 1759 3889 iurisdictionis,
1788 3831 1921 3890 ergo
1952 3817 2094 3873 ultra
2126 3823 2366 3889 potesta-

769 3919 878 3970 tem
906 3911 1088 3967 datam
1118 3923 1214 3981 per
1240 3906 1649 3971 ordinationem,
1676 3908 1974 3981 requiritur
2002 3913 2242 3978 potestas
2271 3908 2357 3963 iu-

770 4000 1099 4059 risdictionis
1127 3999 1249 4057 data
1278 4012 1375 4070 per
1402 3996 1675 4069 homines,
1706 4012 1838 4069 ergo
1869 3998 1919 4053 in
1958 3994 2105 4053 idem
2136 3995 2364 4052 revolvi-

771 4102 863 4150 tur
882 4135 895 4162 ,
925 4096 980 4148 et
1017 4088 1281 4147 immerito
1311 4088 1461 4159 prior
1487 4095 1719 4142 vocatur
1746 4093 1988 4158 potestas
2025 4086 2365 4144 iurisdictio-

772 4184 851 4240 nis
876 4184 1036 4239 etiam
1063 4180 1115 4237 in
1146 4180 1330 4235 habitu
1351 4220 1365 4247 ,
1396 4178 1525 4249 quia
1551 4184 1636 4233 est
1678 4183 1919 4248 potestas
1949 4178 2172 4233 omnino
2201 4176 2360 4233 ahso-

770 4274 883 4354 luta
912 4289 943 4330 a
982 4270 1246 4338 subditis,
1277 4265 1427 4340 quod
1456 4272 1725 4339 repugnat
1760 4264 2135 4322 iurisdictioni.
2171 4267 2366 4322 Dicent

772 4362 1035 4429 sortasse,
1075 4357 1258 4415 dicere
1299 4354 1669 4413 habitudinem
1710 4356 1777 4412 ad
1818 4372 1951 4425 eos,
1993 4358 2088 4429 qui
2130 4363 2368 4427 possunt

771 4451 883 4508 lieri
910 4448 1127 4523 subditi.
1155 4450 1225 4505 At
1249 4452 1399 4503 certe
1428 4446 1531 4503 hoc
1562 4444 1725 4502 modo
1746 4445 1975 4520 quilibet
2002 4446 2166 4501 homo
2199 4445 2362 4502 habe·

770 4532 847 4600 bit
873 4539 1297 4598 iurisdictionem
1318 4538 1553 4593 activam
1577 4536 1833 4609 regalem,
1858 4537 1983 4610 quia
2012 4536 2178 4593 habet
2202 4536 2361 4593 ratio·

770 4649 895 4689 nem
933 4638 989 4687 et
1028 4627 1363 4685 voluntatem
1388 4666 1403 4697 ,
1447 4641 1589 4698 quae
1630 4626 1793 4683 habet
1832 4632 2152 4699 potestatem
2195 4626 2361 4697 impe·

773 4722 925 4780 randi
951 4722 1063 4789 eis,
1094 4720 1187 4791 qui
1216 4718 1329 4773 lieri
1356 4723 1591 4789 possunt
1618 4715 1850 4790 subditi,
1882 4716 2033 4789 quod
2064 4715 2358 4773 ridiculum

2227 368 2427 417 Ltnmt
2458 369 2550 417 lV.

2531 497 2582 551 ἲ.
2616 496 3000 555 Verumtamen
3043 497 3171 557 licet
3205 499 3290 556 ille
3333 501 3530 559 modus
3559 502 3813 574 loquendi
3853 504 3906 558 in
3953 502 4050 559 illa

2451 586 2678 642 materia
2708 585 2903 644 babere
2937 596 3119 660 posset
3149 589 3382 663 aliquam
3417 592 3961 661 verisimilitudinem,
3995 594 4050 647 in

2448 677 2718 747 praesenti
2747 676 2952 735 nullam
2993 678 3190 736 habere
3229 688 3435 754 potest,
3469 681 3678 739 idcirco
3715 686 3856 739 enim
3899 682 4050 737 illam

2447 770 2656 836 partem
2690 765 2775 822 hic
2807 768 3016 838 repetii,
3046 776 3103 825 et
3130 768 3425 839 declaravi,
3452 779 3516 828 ut
3540 788 3608 829 ex
3635 771 4053 843 comparatione

2447 856 2619 925 magis
2659 854 2969 913 innotescat
3009 856 3212 915 salsitas
3240 858 3378 915 illius
3419 862 3738 917 sententiae.
3771 861 4054 917 Probatur

2444 957 2576 1015 ergo
2607 951 2989 1017 assumptum3
3019 961 3144 1003 nam
3173 956 3333 1004 actus
3361 950 3616 1021 proprius
3644 950 4052 1005 iurisdictionis

2446 1033 2497 1089 in
2536 1034 2654 1091 soro
2695 1036 3052 1107 poenitentiae
3089 1037 3444 1095 essentialiter
3481 1039 3681 1111 pendet
3705 1054 3735 1095 a
3777 1044 4052 1111 potestate

2445 1124 2678 1195 ordinis,
2710 1126 2920 1183 seilicet
2947 1125 3220 1184 absolutio
3249 1144 3282 1185 a
3309 1131 3586 1201 peccatis3
3615 1136 3670 1186 et
3694 1142 4056 1200 consequen-

2446 1220 2526 1270 ter
2552 1216 2727 1271 omnis
2755 1224 2915 1272 actus
2944 1215 3146 1288 ligandi
3173 1223 3229 1273 et
3256 1217 3497 1273 solvendi
3529 1220 3583 1275 in
3609 1218 3701 1275 illo
3728 1218 3871 1285 soro,
3895 1232 4046 1273 eam·-

2441 1302 2565 1359 dem
2606 1303 3018 1376 dependentium
3060 1306 3242 1363 habet.
3275 1309 3408 1363 Nam
3453 1308 3577 1365 lieet
3616 1308 3919 1381 contingat,
3951 1305 4050 1363 ali·

2441 1408 2608 1466 quem
2650 1394 2849 1451 habere
2887 1396 3317 1453 iurisdictionem
3356 1413 3453 1469 per
3495 1397 3806 1470 parochiale
3845 1397 4048 1453 benefi-

2441 1484 2613 1553 cium,
2641 1485 2813 1540 sinon
2840 1484 2910 1541 sit
2937 1486 3218 1557 sacerdos,
3245 1499 3350 1543 non
3383 1495 3561 1559 potest
3587 1505 3686 1560 per
3705 1504 3766 1545 se
3793 1488 4051 1545 absolve-

2443 1588 2532 1640 re3
2574 1571 2716 1629 unde
2746 1575 2826 1645 lit,
2853 1582 2915 1630 ut
2943 1581 3106 1631 actus
3129 1575 3214 1631 ille
3241 1577 3404 1633 simul
3431 1576 3790 1635 essentialiter
3810 1578 3882 1634 sit
3906 1593 4043 1634 con-

2441 1662 2762 1719 secrationis
2783 1704 2797 1733 ,
2829 1671 2892 1721 ut
2929 1665 3007 1719 sic
3045 1665 3224 1722 dicam
3248 1709 3262 1736 ,
3291 1666 3622 1739 etordinis3
3653 1675 3709 1725 et
3742 1668 3861 1724 ideo
3891 1676 4044 1739 pote-

2441 1759 2554 1808 stas
2576 1752 2781 1809 ordinis
2805 1754 3157 1812 sacerdotalis
3179 1763 3265 1812 est
3293 1763 3534 1827 potestas
3563 1773 3660 1829 per
3683 1774 3740 1814 se
3771 1757 4044 1829 requisita

2445 1840 2510 1897 ad
2539 1841 2938 1899 absolvendum
2957 1884 2972 1913 ,
3001 1850 3060 1899 et
3088 1846 3414 1917 principium
3445 1861 3541 1917 per
3570 1862 3628 1902 se
3657 1846 4041 1903 absolutionis.

2440 1929 2592 1990 Unde
2619 1933 2744 2005 quia
2778 1932 3046 1990 absolutio
3069 1943 3155 1991 est
3182 1942 3342 1991 actus
3371 1935 3582 1991 dicendi
3606 1938 3718 2006 ius,
3739 1942 3922 2007 potest
3947 1935 4043 1992 ali-

2441 2036 2552 2092 quo
2575 2022 2738 2078 modo
2760 2022 2847 2079 illa
2875 2030 3115 2094 potestas
3137 2023 3244 2081 dici
3274 2026 3624 2095 iurisdietiva,
3645 2034 3706 2083 ut
3727 2027 3806 2083 sic
3831 2026 4038 2083 dicam.

2439 2114 2510 2167 At
2548 2125 2676 2168 vero
2706 2112 2758 2167 in
2801 2114 3058 2186 episcopo
3087 2114 3274 2172 nullus
3301 2102 3394 2172 est⁶
3425 2124 3589 2174 actus
3623 2116 4040 2188 iurisdictionis,

2439 2203 2533 2273 qui
2565 2218 2662 2273 per
2691 2218 2752 2258 se
2780 2203 3011 2274 pendeat
3036 2220 3069 2261 a
3105 2205 3560 2274 consecratione3
3591 2212 3650 2263 et
3677 2206 3799 2263 ideo
3827 2208 4043 2278 episco-

2437 2306 2544 2362 pus
2582 2290 2794 2347 electus
2822 2300 2876 2348 et
2917 2294 3271 2350 confirmatus
3299 2303 3481 2367 potest
3519 2295 3740 2353 efficere
3767 2312 3863 2366 ea,
3893 2312 4039 2369 quae

2437 2378 2828 2438 iurisdictionis
2867 2390 3019 2450 sunt,
3063 2385 3218 2441 iuxta
3257 2401 3380 2457 cap.
3422 2392 3469 2443 1.
3501 2394 3558 2443 et
3585 2392 3640 2445 2.
3672 2386 3740 2443 de
3777 2388 4033 2443 translat.

2434 2471 2677 2544 episcop.
2709 2478 2766 2528 et
2800 2488 2923 2544 cap.
2959 2475 3404 2531 Transmissum
3429 2474 3498 2533 de
3524 2474 3686 2533 elect.
3721 2476 3812 2533 ubi
3841 2475 3892 2531 id
3943 2492 4040 2531 no·

2435 2568 2518 2618 tat
2543 2561 2734 2617 Glossa
2764 2560 2940 2617 ultim.
2973 2563 3040 2618 ab
3068 2564 3318 2621 omnibus
3349 2575 3601 2639 recepta,
3627 2566 3848 2623 ibidem.
3879 2565 4036 2623 Unde

2435 2651 2598 2707 etiam
2627 2649 2990 2724 indulgentias
3023 2653 3328 2710 concedere
3358 2664 3538 2726 potest
3565 2655 3809 2713 nondum
3837 2672 4036 2713 conse·

2432 2750 2659 2812 cratus,
2693 2742 2799 2797 imo
2845 2756 2946 2797 nec
2985 2741 3268 2799 ordinatus
3310 2745 3604 2816 sacerdos,
3639 2753 3700 2803 ut
3736 2745 3935 2803 docuit
3971 2746 4030 2801 d.

2430 2831 2621 2887 Thom.
2654 2830 2711 2885 in
2740 2833 2796 2901 4,
2814 2828 3120 2903 dist.20,q.
3142 2832 3290 2888 unic.
3317 2841 3422 2891 art.
3440 2839 3496 2905 ⁴,
3519 2837 3869 2908 quaestiunc.
3895 2841 3956 2907 2,
3977 2844 4036 2891 et

2432 2920 2736 2977 Panormit.
2767 2920 2818 2975 in
2845 2922 3013 2991 capit.
3047 2920 3505 2995 Ace-edentibus,
3535 2923 3603 2981 de
3627 2941 3844 2982 excess.
3877 2940 4036 2996 prae·

2432 3008 2526 3066 lat.
2559 3025 2714 3065 num.
2747 3015 2804 3080 4,
2836 3024 2966 3067 cum
3005 3010 3154 3083 aliis,
3186 3028 3318 3069 cum
3357 3018 3535 3070 tamen
3575 3014 4034 3088 indulgentiarum

2432 3098 2717 3155 concessio
2756 3098 3004 3156 videatur
3053 3107 3212 3157 actus
3261 3103 3489 3159 maxime
3544 3104 3842 3175 spiritualis
3897 3106 4036 3161 inter

2432 3203 2642 3259 omnes,
2661 3189 2754 3261 qui
2783 3188 3357 3261 sunt-iurisdictionis.
3389 3194 3427 3249 E
3455 3196 3732 3250 contrario
3762 3210 3895 3251 vero
3922 3197 4038 3266 epi-

2433 3294 2637 3349 scopus
2689 3286 3086 3347 consecratus,
3130 3278 3259 3337 licet
3303 3282 3485 3338 nullos
3513 3283 3764 3341 subditos
3815 3284 4034 3351 habeat,

2438 3374 2620 3440 potest
2658 3366 2827 3424 valide
2873 3366 3094 3425 efficere
3131 3384 3320 3426 omnes
3348 3380 3509 3428 actus
3537 3376 3790 3445 proprios
3828 3373 4038 3431 ordinis

2431 3458 2782 3530 episcopalis.
2801 3458 3054 3525 Quamvis
3081 3459 3247 3530 enim,
3281 3465 3342 3517 ut
3367 3470 3516 3518 recte
3545 3464 3690 3532 liant,
3718 3464 4032 3520 necessaria

2434 3548 2506 3605 sit
2533 3547 2750 3603 licentia
2777 3549 3112 3619 superioris3
3147 3554 3327 3605 tamen
3357 3552 3400 3607 si
3442 3551 3648 3625 absque
3680 3553 3770 3609 tali
3816 3554 4038 3609 lieentia

2431 3636 2741 3701 confirmet,
2772 3636 2853 3693 vel
2891 3637 3132 3707 ordinet3
3175 3638 3347 3696 valida
3386 3648 3472 3696 est
3497 3642 3767 3699 ordinatio
3815 3652 3874 3699 et
3897 3658 4036 3699 con-

2430 3728 2682 3794 firmatio,
2711 3732 2772 3783 ut
2789 3732 2874 3782 est
2893 3734 3110 3785 certum
3132 3729 3277 3799 apud
3308 3745 3516 3787 omnes.
3543 3733 3687 3805 Ergo
3735 3733 4036 3791 character

2431 3832 2530 3873 seu
2572 3817 2915 3873 consecratio
2943 3817 3264 3889 episcopalis
3293 3836 3399 3875 non
3439 3830 3527 3877 est
3552 3822 3883 3895 principium
3933 3840 4036 3895 per

2433 3923 2492 3964 se
2518 3907 2748 3963 alicuius
2769 3912 2929 3963 actus
2951 3906 3370 3978 iurisdictionis3
3399 3910 3550 3966 nullo
3573 3926 3706 3985 ergo
3733 3912 3900 3968 modo
3928 3914 4034 3971 dici

2431 4002 2647 4069 potest,
2677 3994 2826 4069 quod
2855 3996 2924 4053 sit
2962 3996 3266 4053 iurisdictio
3293 4001 3501 4070 activa,
3533 4016 3708 4073 neque
3738 4012 3904 4073 actu,
3942 4020 4036 4060 ne-

2431 4102 2540 4159 que
2567 4084 2786 4155 habitu3
2835 4084 3276 4158 quandoquidem
3306 4090 3422 4145 sine
3472 4088 3562 4145 illo
3599 4092 3866 4162 principio
3897 4095 4036 4151 liunt

2429 4192 2618 4233 omnes
2647 4183 2808 4232 actus
2835 4175 3222 4234 iurisdictionis
3249 4178 3602 4250 episcopalis,
3630 4188 3688 4237 et
3713 4182 3938 4254 quando
3967 4186 4032 4240 il·

2431 4266 2526 4323 lud
2567 4267 2706 4323 inest
2731 4282 2860 4322 cum
2902 4264 3306 4335 iurisdictione,
3339 4266 3520 4323 solum
3561 4284 3618 4323 se
3662 4269 3825 4327 habet
3871 4274 4036 4344 quasi

2429 4357 2866 4413 concomitanter
2895 4362 3153 4426 respectu
3189 4358 3470 4413 actionum
3501 4374 3670 4429 purae
3703 4360 4032 4419 iurisdictio·

2427 4448 2534 4517 nis,
2554 4445 2635 4502 vel
2656 4430 2725 4503 ’ut
2745 4444 2988 4502 cunditio
3013 4443 3280 4517 quaedam
3304 4448 3611 4519 significans
3634 4464 3950 4520 personam,
3979 4462 4035 4509 et

2427 4536 2772 4593 constituens
2799 4533 3033 4591 habilem
3061 4534 3128 4591 ad
3160 4536 3292 4591 alias
3321 4539 3565 4595 actiones
3595 4541 3767 4612 magis
3807 4557 4022 4599 sacras.

2507 4632 2557 4685 8.
2591 4626 2660 4683 Et
2686 4625 3041 4681 confirmatur
3069 4626 3275 4695 primo,
3307 4629 3432 4699 quia
3463 4636 3687 4699 propter
3715 4630 3858 4689 hanc
3890 4647 4028 4689 cau·

2429 4731 2544 4773 sam
2575 4722 2690 4772 tota
2718 4714 3020 4771 iurisdictio
3045 4716 3374 4785 episcopalis
3403 4720 3670 4774 committi
3699 4727 3882 4792 potest
3921 4738 4028 4777 non

771 4820 883 4871 est:
915 4814 995 4867 sic
1020 4810 1161 4865 enim
1188 4806 1412 4893 simplex
1440 4804 1702 4863 sacerdos
1728 4821 1797 4863 ex
1825 4808 1874 4862 vi
1901 4806 2249 4863 ordinationis
2280 4806 2360 4861 ni·
2423 4806 2708 4877 episcopo,
2760 4819 2864 4859 non
2913 4802 3089 4860 solum
3119 4804 3295 4876 quoad
3337 4815 3661 4876 potestatem
3685 4851 3700 4876 ,
3731 4811 3828 4868 sed
3863 4814 4030 4869 etiam

772 4905 842 4962 hil
872 4902 994 4977 plus
1024 4900 1187 4957 habet
1217 4896 1610 4969 superioritatis
1642 4894 1726 4953 vel
1756 4895 2167 4969 iurisdictionis,
2191 4910 2358 4969 quam

772 4994 938 5053 veluti
976 4988 1333 5062 capacitatem
1374 4986 1673 5058 proximam
1721 4985 1787 5042 ad
1827 4988 2268 5059 superioritatem
2303 4990 2361 5041 et

772 5083 1197 5141 iurisdictionem
1239 5079 1295 5133 in
1336 5076 1453 5133 soro
1496 5076 1855 5149 poenitentiae
1889 5074 2282 5148 exercendam,
2313 5076 2358 5131 si

770 5176 1117 5246 detur31unc
1148 5174 1327 5226 autem
1352 5168 1495 5222 sieut
1518 5167 1761 5238 superior
1785 5181 1889 5224 non
1918 5174 2025 5237 est,
2050 5167 2121 5223 ita
2149 5182 2252 5224 nec
2276 5166 2358 5224 iu·

772 5264 1144 5323 ris-dictionem
1176 5257 1372 5316 habere
1398 5256 1507 5314 dici
1534 5261 1736 5327 potest.

2426 4903 2493 4954 ut
2517 4894 2604 4952 illa
2645 4910 2740 4966 per
2768 4895 3012 4965 seipsum
3041 4895 3116 4950 uti
3145 4896 3342 4968 possit3
3377 4912 3476 4953 nec
3504 4899 3683 4956 solum
3713 4909 3901 4971 potest
3934 4902 4033 4960 de·

2427 4987 2629 5060 legari,
2660 4982 2754 5041 sed
2795 4986 2956 5041 etiam
2987 4983 3262 5040 ordinaria
3301 4984 3451 5055 dari,
3487 4994 3548 5043 ut
3586 4997 3672 5044 est
3699 4998 3920 5047 certum
3961 4992 4030 5049 de

2427 5075 2612 5134 multis
2643 5074 2949 5142 abbatibus,
2979 5082 3035 5130 et
3064 5073 3129 5130 de
3158 5074 3410 5145 praelatis
3439 5075 3784 5151 religionum,
3807 5078 3876 5137 de
3907 5083 4032 5153 qui·

2430 5166 2534 5223 bus
2563 5165 2724 5237 paulo
2766 5163 2906 5220 inl'ra
2944 5162 3222 5238 dicemus3
3253 5178 3386 5238 ergo
3426 5167 3644 5238 signum
3676 5176 3782 5238 est,
3827 5186 4024 5229 conse-

2427 5257 2727 5314 cretionem
2769 5254 3008 5327 episcopi
3035 5269 3144 5313 non
3183 5252 3316 5314 dare
3346 5255 3460 5314 ullo
3489 5256 3654 5316 modo
3697 5266 4026 5331 potestatem
