4325 6267
1760 370 1970 419 CAPUT
1997 372 2062 417 V.

356 505 408 557 8.
439 498 828 555 Verumtamen
859 498 1142 571 responsio
1171 497 1306 556 baec
1330 496 1380 554 id
1403 510 1602 569 negare
1623 494 1859 563 videtur,

262 587 416 660 quod
453 587 651 660 reliqui
693 594 954 645 auctores
991 588 1282 661 utriusque
1309 586 1574 659 opinionis
1601 592 1860 658 tanquam

263 684 490 734 certum
527 684 874 750 supponunt,
903 676 1002 733 nisi
1032 677 1263 734 sortasse
1293 677 1345 733 in
1375 675 1552 733 verbis
1579 676 1651 732 sit
1681 674 1860 748 aliqua

264 768 673 840 aequivocatio.
703 768 927 824 Certum
953 773 1039 824 est
1063 767 1226 837 enim,
1253 766 1304 822 in
1330 765 1413 822 bis
1437 765 1723 823 effectibus
1747 780 1864 821 mo-

263 856 509 927 ralibus,
551 860 644 930 qui
685 872 714 912 a
755 857 1036 914 voluntate
1074 855 1330 929 pendent,
1359 857 1570 929 agentia
1597 870 1704 911 non
1735 868 1864 925 ope·

265 947 382 1003 rari
419 947 537 1004 sine
575 948 869 1004 intentione
911 946 994 1003 vel
1037 947 1182 1004 ultra
1209 948 1591 1018 intentionem,
1623 943 1864 1017 obligare

269 1042 456 1093 autem
485 1052 584 1109 per
613 1036 788 1110 legem
818 1044 904 1093 est
931 1036 1160 1093 effectus
1189 1034 1433 1106 moralis,
1455 1041 1513 1091 et
1538 1031 1776 1107 pendens
1799 1049 1866 1089 ex

270 1124 526 1183 libertate
567 1124 914 1199 legislatoris3
957 1139 1088 1198 ergo
1133 1132 1194 1182 ut
1219 1126 1338 1193 fiat,
1367 1123 1676 1180 necessaria
1701 1122 1864 1179 estin

265 1208 588 1288 legislatore
613 1216 832 1271 intentio
857 1222 915 1271 et
941 1215 1194 1271 voluntas
1221 1214 1388 1283 illius,
1418 1213 1554 1269 alias
1573 1214 1727 1268 tieret
1747 1212 1865 1267 sine

269 1304 584 1376 intentione3
618 1303 766 1377 quod
799 1309 1088 1377 repugnat.
1119 1304 1289 1361 Minor
1313 1302 1534 1360 evidens
1562 1318 1659 1374 per
1679 1316 1737 1357 se
1757 1309 1862 1371 est;

270 1398 328 1450 et
364 1393 488 1451 ideo
529 1393 670 1450 idem
711 1401 906 1450 auctor
943 1393 1146 1450 t’atetur
1167 1435 1182 1462 ,
1213 1392 1386 1466 legem
1422 1394 1706 1465 requirere
1732 1405 1866 1446 con-

272 1498 508 1539 cursum
539 1483 854 1540 voluntatis.
885 1484 1050 1540 Maior
1072 1490 1257 1539 autem
1281 1482 1587 1539 communis
1607 1486 1694 1537 est
1715 1480 1864 1537 tbeo-

273 1571 532 1644 logorum
551 1614 566 1643 ,
597 1573 708 1629 imo
745 1580 802 1629 et
829 1572 1142 1628 iuristarum
1161 1612 1176 1642 ,
1205 1570 1300 1643 qui
1328 1570 1430 1627 boc
1459 1586 1622 1626 sensu
1649 1568 1863 1637 dicunt,

274 1668 438 1720 actus
479 1662 757 1737 agentium
795 1678 906 1718 non
946 1662 1158 1735 operari
1196 1660 1341 1718 ultra
1381 1661 1736 1717 intentionem
1773 1672 1868 1713 eo·

271 1768 428 1823 rum,
456 1767 575 1826 arg.
608 1769 661 1809 c.
693 1751 795 1809 ult.
829 1750 898 1808 de
923 1750 1182 1823 praeben.
1207 1756 1265 1808 et
1284 1755 1504 1806 constat
1529 1746 1864 1805 inductione.

272 1842 418 1899 Nam
437 1841 542 1898 bac
563 1840 772 1899 ratione
792 1839 1288 1897 excommunicatio
1307 1839 1412 1896 lata
1434 1839 1552 1894 sine
1573 1836 1864 1893 intentione

274 1930 478 2003 ligandi
513 1946 622 1986 non
663 1928 822 2001 ligat,
865 1934 922 1986 et
959 1927 1230 1985 absolutio
1263 1928 1390 1985 data
1428 1928 1542 1983 sine
1568 1926 1866 1982 intentione

276 2018 730 2078 absolvendi·non
759 2018 949 2089 solvit3
981 2024 1038 2075 et
1063 2018 1205 2075 idem
1234 2024 1320 2075 est
1337 2016 1405 2074 de
1427 2015 1657 2073 caeteris
1678 2028 1865 2071 sacra-

275 2110 506 2169 mentis:
536 2116 592 2167 et
619 2109 864 2166 similiter
891 2117 1105 2181 votum,
1135 2107 1563 2178 matrimonium,
1585 2111 1644 2164 et
1669 2104 1866 2161 similia

275 2200 428 2257 sacta
465 2200 578 2256 sine
619 2200 918 2256 intentione
956 2213 1066 2254 non
1107 2197 1307 2255 valent.
1350 2197 1508 2254 Ratio
1535 2200 1718 2251 autem
1755 2200 1864 2263 est,

274 2290 410 2363 quia
448 2295 558 2347 tota
596 2289 772 2346 virtus
809 2286 998 2345 talium
1035 2294 1264 2344 actuum
1292 2294 1474 2343 manat
1501 2301 1532 2341 a
1560 2285 1863 2348 voluntate,

278 2386 382 2436 aut
417 2380 688 2437 mediante
715 2377 834 2448 illa3
865 2378 996 2435 item
1025 2376 1116 2433 illa
1144 2384 1251 2448 est,
1278 2392 1414 2450 quae
1441 2375 1536 2433 dat
1559 2390 1682 2433 esse
1707 2372 1866 2448 quasi

275 2468 488 2541 sorma3
531 2483 656 2525 nam
697 2473 858 2524 actus
897 2468 1135 2524 exterior
1175 2467 1289 2523 sine
1328 2462 1618 2523 interitione
1645 2480 1752 2521 non
1781 2469 1868 2521 est

275 2573 446 2614 verus
486 2564 648 2614 actus
673 2554 895 2612 moralis
921 2554 1028 2611 sub
1051 2554 1144 2611 illa
1169 2556 1376 2613 ratione
1403 2554 1522 2625 tali,
1551 2552 1646 2610 sed
1676 2554 1861 2611 fictus.

354 2651 412 2706 9.
443 2646 600 2705 Unde
625 2647 680 2703 in
705 2644 950 2717 exemplo
976 2647 1088 2702 voti
1116 2652 1334 2701 certum
1359 2644 1604 2701 existimo
1632 2659 1742 2701 non
1772 2643 1868 2702 ob·

277 2737 484 2811 ligare,
517 2737 560 2793 si
589 2737 796 2794 sactum
825 2736 895 2792 sit
929 2737 1046 2791 sine
1073 2734 1368 2791 intentione
1397 2732 1692 2806 obligandi,
1728 2734 1866 2788 utin

277 2833 445 2885 tract.
475 2826 567 2884 Vl.
599 2824 672 2883 de
696 2823 879 2897 Κεῖῳ.
913 2824 1023 2881 dixi
1034 2843 1052 2897 3
1085 2824 1234 2881 sicut
1261 2830 1450 2880 autem
1475 2822 1548 2879 ibi
1575 2823 1716 2879 solet
1738 2822 1867 2895 fingi

277 2933 448 2975 casus
474 2958 491 2987 ,
517 2916 576 2973 in
601 2931 714 2989 quo
749 2914 948 2987 aliquis
976 2919 1170 2971 voveat
1195 2928 1326 2970 cum
1353 2912 1646 2969 intentione
1671 2926 1872 2967 roven-

273 3007 355 3079 di,
387 3011 444 3063 et
469 3004 630 3062 simul
660 3004 855 3061 babeat
880 3005 1235 3061 intentionem
1267 3018 1374 3059 non
1403 3018 1460 3057 se
1480 2999 1771 3075 obligandi,
1797 3000 1872 3056 ita

277 3096 492 3153 fledina
533 3094 760 3152 similem
798 3094 950 3167 fingit
974 3094 1026 3150 in
1055 3092 1400 3167 legislatore,
1429 3093 1524 3167 qui
1553 3090 1751 3148 babeat
1775 3108 1871 3148 vo-

277 3187 552 3243 luntatem
576 3183 963 3257 praecipiendi,
996 3191 1051 3240 et
1076 3200 1185 3240 non
1213 3182 1509 3257 obligandi,
1539 3189 1596 3239 et
1619 3188 1752 3239 tunc
1775 3184 1868 3255 ait,

278 3275 630 3332 nibilominus
655 3274 920 3347 obligare.
945 3274 1356 3341 Verumtamen,
1383 3274 1428 3329 si
1447 3274 1744 3346 ignorantia
1764 3288 1872 3329 non

275 3364 622 3437 intercedat,
651 3363 770 3419 illae
800 3362 1124 3419 intentiones
1151 3368 1282 3419 sunt
1302 3370 1692 3436 repugnantes,
1715 3368 1774 3418 et
1795 3361 1876 3417 in-

277 3454 566 3511 volventes
593 3452 1080 3510 contradictionem
1098 3493 1114 3522 ,
1147 3454 1194 3509 si
1223 3454 1369 3524 prior
1396 3453 1620 3509 intentio
1647 3454 1721 3508 sit
1746 3466 1874 3515 vere

277 3551 336 3601 et
355 3559 466 3599 non
489 3543 610 3599 ficte
631 3540 879 3613 vovendi,
898 3548 994 3598 aut
1011 3540 1403 3615 praecipiendi,
1419 3542 1546 3614 quia
1564 3540 1700 3597 velle
1720 3556 1873 3613 prae-

274 3636 462 3707 cipere
503 3632 632 3689 nibil
661 3630 810 3688 aliud
841 3638 962 3703 est,
993 3646 1158 3705 quam
1189 3630 1324 3688 velle
1355 3630 1615 3704 obligare,
1646 3635 1742 3687 aut
1769 3629 1874 3685 sal-

277 3732 396 3782 tem
422 3722 560 3781 velle
587 3722 858 3779 insinuare
877 3722 1216 3779 voluntatem
1238 3718 1528 3794 obligandi,
1556 3728 1610 3778 et
1631 3720 1769 3777 idem
1789 3727 1876 3778 est

277 3830 410 3871 cum
445 3813 804 3884 proportione
829 3812 882 3868 in
911 3818 1058 3867 roto.
1091 3812 1144 3869 Si
1171 3818 1356 3869 autem
1384 3810 1474 3867 illa
1499 3812 1728 3867 intentio
1756 3810 1876 3867 talis

275 3920 388 3961 non
416 3904 508 3976 sit,
539 3902 636 3959 sed
665 3902 845 3958 solum
871 3901 1110 3957 exterius
1137 3900 1526 3975 praecipiendi,
1557 3905 1653 3957 aut
1675 3915 1876 3957 voven·

275 3993 368 4064 di,
412 3992 530 4048 sine
569 3990 736 4048 dubio
763 3990 894 4047 nibil
925 3991 1012 4061 tit,
1043 4004 1144 4046 nec
1183 3990 1357 4047 fertur
1391 4004 1522 4046 vera
1548 3988 1666 4059 lex,
1695 3989 1880 4045 antiit

277 4098 478 4139 verum
516 4088 735 4139 votum.
775 4082 1000 4137 Certum
1033 4088 1120 4137 est
1153 4080 1330 4153 enim,
1369 4094 1529 4153 posse
1557 4080 1668 4135 fieri
1697 4080 1877 4135 fictam

277 4171 735 4245 promissionem,
779 4186 920 4243 quae
960 4184 1066 4225 non
1111 4167 1340 4242 obliget,
1385 4168 1474 4225 illa
1511 4177 1695 4226 autem
1725 4168 1876 4227 nullo

275 4262 390 4319 alio
416 4259 579 4318 modo
619 4260 732 4317 lieri
772 4265 982 4332 potest,
1013 4264 1070 4315 et
1095 4258 1232 4315 idem
1262 4266 1347 4315 est
1373 4275 1504 4315 cum
1533 4260 1877 4332 proportione

273 4351 350 4408 de
393 4355 719 4422 praecepto,
750 4355 807 4404 et
832 4347 954 4405 ideo
984 4348 1028 4404 si
1057 4346 1274 4405 subdito
1303 4353 1603 4417 constaret,
1634 4348 1882 4419 superio-

271 4456 434 4507 rem,
481 4438 606 4496 licet
642 4437 883 4510 proferat
920 4436 1088 4493 verba
1127 4439 1506 4509 praeceptiva,
1543 4452 1649 4493 non
1679 4436 1880 4493 babere

274 4530 524 4588 animum
554 4526 846 4602 obligandi,
877 4526 992 4583 sine
1020 4525 1186 4583 dubio
1216 4542 1324 4581 non
1353 4524 1709 4598 obligaretur,
1737 4526 1876 4582 utin

273 4621 435 4678 dicto
475 4634 610 4676 casu
641 4618 708 4674 de
735 4616 1296 4673 excommunicatione
1323 4631 1513 4672 omnes
1541 4615 1754 4672 dicunt.
1785 4614 1880 4672 Vel

271 4710 433 4767 sicut
458 4723 489 4764 e
516 4705 790 4763 contrario
817 4707 893 4761 ait
915 4704 974 4763 d.
1003 4703 1236 4761 Thomas
1264 4710 1321 4762 2.
1354 4709 1411 4775 2,
1441 4720 1497 4776 q.
1529 4707 1657 4778 10⁴,
1679 4711 1784 4761 art.
1818 4710 1876 4774 2,

275 4797 625 4854 voluntatem
667 4794 997 4867 superioris,
1041 4808 1393 4867 quacumque
1434 4794 1642 4850 ratione
1668 4796 1880 4850 innote-

273 4893 413 4944 scat
447 4885 692 4945 subdito.
732 4900 852 4941 esse
880 4882 1154 4957 quoddam
1187 4890 1564 4955 praeceptum,
1596 4883 1743 4957 quod
1771 4900 1876 4941 non

275 4982 472 5051 potest
499 4975 751 5049 intelligi,
781 4974 887 5031 nisi
911 4972 980 5030 de
1008 4971 1112 5030 hac
1139 4973 1418 5055 voluntate
1439 4973 1732 5047 obligandi.

371 5072 460 5124 1⁰.
490 5066 550 5121 ln
593 5080 729 5121 casu
771 5070 958 5120 autern
983 5062 1052 5119 de
1078 5064 1382 5119 iuramento
1411 5078 1518 5118 non
1545 5070 1632 5120 est
1657 5066 1878 5121 omnino

271 5156 476 5214 eadem
506 5156 678 5227 ratio;
709 5168 834 5209 nam
865 5158 1046 5226 potest
1061 5148 1185 5227 qui's
1205 5151 1404 5210 babere
1425 5150 1771 5210 intentionem
1794 5154 1880 5213 iu-

279 5246 478 5319 randi,
507 5244 561 5302 id
591 5250 678 5303 est
711 5242 1018 5302 adducendi
1057 5244 1230 5301 Deum
1272 5243 1324 5299 in
1353 5248 1572 5315 testem,
1602 5248 1656 5301 et
1684 5242 1879 5302 nibilo-

3369 356 3444 418 21

1935 495 2111 551 minus
2151 494 2349 551 babere
2388 496 2743 553 intentionem
2768 511 2875 552 non
2906 512 2965 554 se
2991 495 3289 570 obligandi3
3318 503 3376 553 et
3402 498 3521 555 ideo

1937 584 1980 639 si
2007 591 2142 641 tunc
2172 586 2351 643 oritur
2376 585 2633 657 obligatio
2664 586 2841 661 (quod
2864 587 2967 645 sub
2988 587 3234 661 opinione
3255 588 3387 661 est),
3413 604 3517 647 non

1929 681 2015 730 est
2040 690 2104 731 ex
2129 677 2349 746 propria
2372 674 2669 746 voluntate,
2694 675 2789 732 sed
2810 683 3101 750 praecepto
3122 678 3383 749 naturali,
3408 694 3519 752 quo

1933 766 2317 838 unusquisque
2346 772 2566 823 tenetur
2593 765 2771 822 facere
2798 782 2987 824 verum
3018 766 3091 841 id,
3114 768 3165 823 in
3189 768 3348 824 cuius
3369 769 3520 825 t'esti-

1933 855 2178 912 monium
2206 858 2375 915 Deum
2406 855 2652 926 adduxit,
2684 862 2749 913 ut
2774 856 2882 914 late
2910 856 3017 913 dixi
3045 859 3287 915 tract.V.
3320 855 3392 913 de
3412 862 3519 915 Re-

1932 942 2032 1016 159.
2067 945 2157 1001 lib.
2194 951 2251 1015 2,
2282 962 2407 1019 cap.
2443 948 2496 1004 7.
2526 948 2595 1002 At
2624 962 2751 1003 vero
2772 946 3021 1020 obligatio
3040 946 3175 1021 legis
3196 964 3303 1005 non
3329 951 3517 1005 nisiex

1937 1035 2215 1091 voluntate
2256 1034 2583 1109 legislatoris
2620 1038 2747 1092 oriri
2777 1043 2973 1108 potest,
3002 1043 3058 1094 et
3094 1037 3215 1095 ideo
3244 1046 3405 1095 actus
3431 1038 3520 1095 ille

1935 1124 2231 1183 voluntatis
2258 1126 2601 1183 necessarius
2628 1133 2733 1183 est.
2764 1127 2836 1183 Et
2854 1128 2924 1183 ita
2944 1135 3094 1191 recte
3114 1127 3249 1184 dixit
3272 1129 3433 1185 Gabr.
3460 1134 3516 1187 3.

1934 1216 1989 1274 d.
2035 1218 2137 1285 37,
2170 1222 2683 1290 quantumcumque
2724 1216 3035 1273 notificetur
3068 1215 3321 1274 voluntas
3360 1234 3518 1290 supe-

1934 1306 2118 1377 rioris,
2145 1308 2247 1363 nisi
2276 1323 2373 1379 per
2400 1308 2547 1364 illam
2568 1306 2697 1363 velit
2718 1306 2884 1379 ligare
2910 1306 3234 1379 inferiorem,
3266 1324 3370 1363 non
3390 1322 3521 1364 con-

1935 1405 2162 1469 surgere
2201 1396 2605 1469 obligationem.
2649 1396 2767 1453 Dixi
2802 1402 3012 1468 autem,
3046 1396 3145 1451 nisi
3172 1394 3244 1452 sit
3269 1396 3521 1469 aequivo-

1933 1485 2081 1541 catio
2119 1485 2169 1541 in
2202 1485 2413 1555 verbis,
2452 1485 2580 1559 qnia
2611 1484 2842 1541 tortasse
2879 1486 3250 1542 necessarium
3278 1498 3384 1542 non
3414 1492 3518 1557 est,

1935 1580 2000 1630 ut
2035 1572 2314 1646 legislator
2340 1572 2549 1630 directe
2576 1578 2632 1630 et
2656 1578 2909 1645 expresse
2938 1575 3214 1646 concipiat
3240 1572 3524 1647 obligatio-

1935 1677 2058 1718 nem
2087 1660 2319 1733 subditi,
2343 1668 2399 1720 et
2424 1662 2700 1719 voluntate
2724 1663 2933 1720 seratur
2954 1664 3008 1719 in
3030 1663 3207 1736 illam3
3231 1664 3363 1720 satis
3381 1662 3524 1720 enim

1933 1766 2054 1807 esse
2085 1757 2297 1823 potest,
2329 1757 2390 1807 ut
2416 1752 2562 1821 velit,
2592 1769 2645 1807 v.
2678 1767 2733 1825 g.
2762 1752 3168 1825 praescribere,
3200 1758 3263 1809 ut
3288 1767 3377 1808 res
3406 1759 3523 1809 tan-
3564 1814 3573 1823 ,

1935 1846 2054 1897 tum
2082 1840 2279 1913 valeat,
2312 1840 2395 1897 vel
2426 1847 2487 1897 ut
2514 1841 2634 1898 talis
2663 1848 2823 1899 actus
2850 1842 2919 1899 sit
2944 1842 2997 1897 in
3027 1844 3251 1899 materia
3271 1857 3523 1902 necessa-

1933 1928 2016 1986 ria
2063 1918 2487 2002 temperantiae,
2524 1929 2609 1986 vel
2656 1936 2720 1988 ut
2770 1930 2997 1989 contuse
3036 1929 3164 1988 velit
3211 1932 3523 2003 praecipere

1933 2024 2201 2091 quantum
2249 2024 2458 2092 potest3
2504 2018 2597 2076 sed
2628 2018 2761 2077 baec
2790 2034 2983 2093 parum
3011 2019 3289 2092 differunt,
3320 2020 3446 2093 quia
3473 2019 3521 2075 in

1934 2105 2020 2162 his
2049 2106 2303 2165 omnibus
2329 2108 2632 2165 includitur
2660 2108 2885 2166 intentio
2912 2108 3201 2181 obligandi,
3230 2116 3440 2165 etcum
3464 2109 3524 2165 il-

1937 2197 2002 2254 lis
2025 2200 2247 2255 omnino
2270 2207 2542 2272 repugnat
2560 2198 2759 2256 babere
2780 2200 3129 2256 intentionem
3152 2214 3261 2255 non
3286 2197 3524 2271 obligan-

1933 2286 2021 2357 di,
2059 2288 2158 2343 nisi
2185 2302 2419 2360 operans
2448 2304 2677 2362 prorsus
2705 2291 2939 2362 ignoret,
2968 2287 3099 2361 quid
3126 2286 3273 2357 velit,
3304 2293 3361 2344 et
3392 2294 3521 2343 tunc

1935 2376 2168 2447 ipsamet
2204 2378 2515 2449 ignorantia
2550 2376 2831 2449 impediret
2855 2391 3084 2448 prorsus
3120 2391 3305 2434 veram
3334 2376 3522 2432 volun-

1936 2470 2105 2521 tatem
2150 2462 2450 2537 obligandi,
2491 2472 2657 2539 atque
2686 2464 2821 2522 adeo
2849 2480 3031 2521 veram
3061 2464 3253 2539 legem,
3284 2472 3349 2522 ut
3374 2465 3425 2520 in
3454 2466 3524 2521 si·

1935 2554 2053 2610 mili
2093 2553 2162 2611 de
2201 2559 2333 2613 voto
2372 2554 2510 2625 dixi3
2550 2556 2715 2628 igitur
2742 2554 2921 2628 quoad
2950 2556 3329 2612 necessitatem
3360 2555 3523 2611 huius

1936 2643 2240 2701 voluntatis
2281 2658 2409 2700 vera
2458 2644 2571 2700 sine
2619 2642 2784 2701 dubio
2824 2651 2911 2701 est
2948 2644 3081 2701 baec
3124 2643 3365 2701 secunda
3405 2658 3527 2699 sen-

1937 2733 2126 2789 tentia.

2021 2824 2106 2879 11.
2122 2822 2275 2879 Unde
2294 2838 2437 2897 quae
2458 2838 2559 2895 pro
2580 2822 2662 2879 bis
2686 2824 3026 2897 opinionibus
3043 2823 3387 2897 adduximus,
3400 2839 3527 2881 sua-

1935 2908 2068 2968 dere
2095 2911 2374 2983 videntur,
2401 2919 2696 2987 utrumque
2718 2920 2903 2971 actum
2930 2914 3235 2973 intellectus
3259 2921 3315 2971 et
3332 2912 3525 2971 volun-

1939 3000 2062 3058 tatis
2097 3016 2221 3057 esse
2248 3001 2314 3059 ad
2344 3002 2520 3075 legem
2546 3004 2939 3070 necessarium,
2971 3011 3026 3061 et
3051 3004 3171 3061 ideo
3201 3011 3522 3077 potestesse

1937 3093 2100 3147 tertia
2137 3092 2317 3163 opinio
2344 3091 2565 3165 dicens,
2600 3091 2773 3165 legem
2810 3095 3100 3165 componi,
3131 3100 3189 3151 et
3210 3094 3523 3152 coalescere

1937 3194 2004 3235 ex
2035 3184 2161 3236 actu
2194 3180 2483 3252 utriusque
2510 3183 2797 3253 potentiae.
2829 3183 2961 3250 Quia
2982 3182 3034 3237 in
3057 3181 3141 3239 bis
3162 3183 3329 3239 rebus
3352 3200 3527 3239 mora-

1940 3268 2090 3326 libus
2123 3286 2232 3326 nou
2272 3277 2491 3342 oportet
2531 3286 2799 3344 quaerere
2842 3272 3099 3329 unitatem
3140 3273 3439 3344 perlectam
3475 3279 3532 3330 et

1940 3359 2276 3434 simplicem3
2319 3359 2413 3417 sed
2455 3367 2635 3432 potest
2660 3376 2779 3433 res,
2810 3376 2951 3435 quae
2978 3363 3255 3419 moraliter
3282 3379 3389 3419 una
3417 3370 3522 3436 est,

1941 3463 2006 3505 ex
2043 3447 2232 3505 multis
2260 3448 2483 3525 physice
2508 3448 2797 3520 distinctis,
2826 3457 2885 3507 et
2912 3465 2969 3506 se
2998 3457 3190 3508 mutuo
3218 3451 3529 3508 iuvantibus

1940 3546 2217 3596 constare.
2250 3540 2339 3596 Sic
2367 3556 2499 3612 ergo
2529 3540 2613 3597 lex
2642 3539 2753 3597 duo
2780 3540 3027 3614 requirit,
3058 3542 3349 3598 motionem
3376 3549 3432 3599 et
3450 3541 3528 3597 di·

1942 3628 2273 3696 rectionem,
2316 3628 2612 3686 bonitatem
2654 3630 2752 3704 (ut
2777 3631 2859 3687 sic
2887 3629 3091 3699 dicam)
3131 3638 3187 3687 et
3224 3631 3525 3699 veritatem,

1944 3717 1998 3775 id
2022 3724 2108 3775 est
2133 3718 2397 3775 iudicium
2422 3726 2641 3775 rectum
2665 3717 2733 3775 de
2762 3718 2983 3792 agendis
3009 3726 3068 3776 et
3090 3718 3427 3777 voluntatem
3454 3718 3530 3776 es-

1943 3808 2171 3865 ticacem
2212 3806 2461 3864 movendi
2504 3806 2570 3863 ad
2608 3807 2727 3878 illa,
2756 3815 2815 3865 et
2840 3808 2959 3865 ideo
2984 3823 3049 3865 ex
3082 3815 3211 3866 actu
3240 3806 3531 3865 voluntatis

1943 3903 2001 3954 et
2025 3897 2333 3954 intellectus
2360 3906 2617 3953 constane
2645 3903 2843 3969 potest.
2876 3898 2948 3954 Et
2983 3896 3118 3954 baec
3146 3897 3413 3954 sententia
3435 3899 3533 3955 tri-

1945 3985 2038 4043 bui
2063 3984 2205 4043 solet
2228 3988 2390 4060 Greg.
2423 3986 2474 4041 in
2512 3990 2560 4059 t,
2588 3984 2644 4043 d.
2677 3991 2770 4054 ⁴8,
2801 4003 2858 4060 q.
2890 3988 3039 4043 unic.
3073 3978 3167 4043 sed
3196 3987 3265 4043 ibi
3295 3987 3399 4044 boc
3428 4004 3531 4044 non

1945 4075 2217 4148 disputat,
2262 4090 2363 4132 nec
2404 4074 2553 4132 aliud
2581 4075 2731 4140 dicit,
2764 4077 2864 4132 nisi
2890 4092 3040 4150 eum,
3071 4077 3165 4151 qui
3192 4076 3474 4134 discordat
3500 4093 3531 4132 a

1947 4166 2227 4222 voluntate
2256 4163 2581 4236 beneplaciti
2608 4164 2724 4237 Dei,
2756 4180 2915 4240 agere
2943 4172 3137 4223 contra
3165 4165 3335 4239 legem
3356 4174 3532 4223 aeter-

1945 4270 2098 4323 nam,
2135 4262 2194 4311 et
2232 4254 2431 4329 allegat
2463 4256 2604 4327 Aug.
2636 4259 2730 4313 22.
2762 4262 2971 4313 contra
2999 4259 3309 4324 Faustum,
3346 4273 3399 4313 c.
3432 4259 3525 4315 27.

2784 4332 2991 4349 ’,βψ-μ

1927 4344 2219 4401 'dicentem
2237 4342 2457 4425 ,legem
2488 4351 2762 4419 aeternam
2788 4360 2909 4401 esse
2938 4336 3199 4402 rationem
3227 4345 3310 4401 vel
3342 4329 3533 4422 ιὀΙυιι·

1948 4440 2117 4491 tatem
2146 4422 2270 4506 Dei,
2302 4434 2392 4489 ubt
2420 4436 2563 4508 Aug
2596 4433 2726 4489 nihil
2765 4434 3109 4492 determinat.
3140 4439 3303 4509 Magis
3331 4438 3533 4495 indicat

1949 4514 2088 4580 banc
2118 4522 2439 4579 sententiam
2467 4520 2676 4579 Gabriel
2709 4526 2764 4595 3,
2796 4522 2853 4579 d.
2883 4526 2975 4595 37,
3006 4540 3061 4599 q.
3095 4528 3243 4582 unic.
3270 4528 3325 4581 in
3356 4529 3532 4598 princ.

1947 4614 2041 4670 ubi
2081 4628 2212 4670 cum
2252 4612 2322 4669 de
2358 4612 2475 4684 lege
2516 4619 2773 4683 externa,
2804 4629 2902 4670 seu
2928 4630 3066 4687 quae
3094 4621 3179 4671 est
3204 4617 3257 4672 in
3288 4616 3530 4689 subdito,

1947 4702 2203 4770 dixisset,
2232 4717 2354 4758 esse
2380 4704 2615 4774 siquam
2641 4716 2869 4770 verum,
2916 4708 3231 4763 creaturae
3264 4709 3533 4764 rationa-

1945 4792 1996 4849 12
2023 4790 2449 4864 notfflcmiwm
2487 4794 2684 4871 rectae
2708 4794 2966 4848 rationis
2994 4791 3305 4862 dictantis,
3353 4794 3535 4869 liqari

1945 4898 2110 4949 eain,
2155 4887 2264 4938 etc.
2316 4879 2588 4951 declarat,
2638 4878 2865 4938 dictum
2913 4898 3035 4939 esse
3078 4882 3381 4953 dictantis,
3434 4902 3537 4943 seu

1946 4970 2219 5046 Hyantis,
2265 4978 2376 5028 etc.
2421 4970 2505 5028 ad
2551 4969 2943 5033 innuendam.
2989 4972 3143 5045 quod
3180 4980 3345 5033 recta
3380 4979 3539 5033 ratio

1938 5064 2367 5138 praecipientis
2392 5076 2519 5118 una
2543 5077 2678 5117 cum
2702 5060 3004 5119 voluntate
3030 5067 3117 5119 est
3140 5068 3298 5119 ratio
3318 5062 3537 5138 obliqu-

1947 5154 2124 5209 tionis
2163 5149 2462 5224 inferioris
2478 5195 2493 5217 ,
2541 5148 2609 5206 td
2644 5156 2756 5217 est,
2803 5168 2917 5223 quo
2941 5148 3195 5222 inferior
3220 5151 3528 5225 obltyatur.

1947 5245 2054 5300 Lex
2083 5248 2263 5300 autem
2292 5249 2375 5299 est
2402 5241 2618 5314 propria
2636 5243 2792 5297 ’ratio
2820 5240 3183 5314 obligationis;
3216 5244 3378 5299 sentit
3402 5258 3535 5316 ergo
