4325 6267
1802 368 2013 417 CAPUT
2041 370 2157 416 XV.

353 496 521 555 rabile
547 503 635 553 est
658 495 907 553 debitum
936 494 1241 551 honorandi
1278 499 1569 567 parentes,
1598 492 1749 548 sicut
1788 506 1819 548 a
1858 490 1951 547 de·

354 587 642 661 pendentia
693 603 726 644 a
764 588 875 644 Deo
916 583 1267 658 inseparabile
1315 591 1399 641 est
1446 580 1687 641 debitum
1736 578 1949 637 colendi

352 676 556 751 ipsam.
589 678 661 734 Et
698 678 825 734 hinc
854 680 1005 749 patet
1041 673 1285 732 secunda
1320 689 1477 747 pars,
1509 688 1634 729 nam
1664 673 1711 727 si
1740 672 1811 727 sit
1838 685 1953 727 ser-

354 782 445 823 mo
472 766 541 823 de
562 766 778 834 debito,
810 780 985 839 aeque
1010 764 1369 838 inseparabile
1394 770 1482 819 est
1508 768 1793 834 sumptum
1822 774 1954 817 cum

351 856 732 929 proportione,
762 870 864 912 seu
894 855 1177 928 supposita
1213 854 1550 913 emanatione
1578 869 1609 909 a
1637 851 1730 910 tali
1757 866 1947 921 causa3

351 946 398 1003 si
428 960 559 1003 vero
578 947 651 1002 sit
677 959 860 1003 sermo
888 943 957 1001 de
984 944 1222 1017 actibus,
1250 943 1455 1017 quihus
1476 936 1705 1000 solvitur
1730 940 1835 997 hoc
1858 940 1952 996 de-

347 1036 526 1093 bitum
544 1077 559 1105 ,
594 1035 739 1092 sicut
762 1040 945 1107 potest
971 1036 1119 1091 Deus
1147 1033 1361 1102 facere,
1396 1041 1456 1089 ut
1492 1032 1656 1089 bomo
1686 1030 1798 1086 sine
1825 1044 1953 1099 pec-

348 1132 476 1183 cato
505 1140 787 1199 nunquam
818 1125 871 1180 in
914 1130 1027 1181 tota
1056 1124 1163 1179 vita
1200 1129 1457 1179 exerceat
1493 1126 1681 1179 actum
1722 1118 1948 1175 honoris

348 1216 503 1273 circa
536 1222 815 1287 parentes,
846 1215 920 1270 ita
947 1219 1131 1286 potest
1155 1214 1319 1269 etiam
1349 1212 1552 1281 facere,
1582 1216 1648 1267 ut
1666 1224 1949 1281 nunquam

350 1314 613 1365 exerceat
630 1311 817 1362 actum
839 1304 1027 1360 cultus
1048 1301 1236 1376 divini3
1261 1318 1393 1375 ergo
1414 1301 1500 1358 vel
1522 1306 1719 1357 neutra
1736 1305 1823 1355 est
1844 1298 1952 1356 dis·

348 1398 621 1468 pensatio,
635 1393 719 1450 vel
740 1396 793 1451 in
818 1400 1053 1467 utroque
1075 1398 1366 1465 praecepto
1387 1389 1684 1463 dispensari
1706 1393 1905 1460 potest.

429 1488 517 1543 12.
540 1486 639 1542 Est
658 1484 828 1557 igitur
852 1489 1051 1556 quarta
1073 1484 1277 1555 opinio,
1303 1495 1447 1555 quae
1470 1478 1721 1555 absolute
1742 1484 1799 1535 et
1820 1477 1947 1533 sim-

347 1575 561 1648 pliciter
600 1573 799 1646 docet,
848 1573 981 1630 haec
1022 1574 1325 1645 praecepta·
1355 1570 1611 1642 Decalogi
1639 1584 1758 1625 esse
1786 1568 1947 1624 indis·

345 1663 643 1738 pensabilia
676 1665 839 1720 etiam
868 1679 966 1735 per
990 1663 1285 1735 potentiam
1311 1661 1404 1719 Dei
1432 1658 1759 1717 absolutam.
1785 1658 1951 1714 Tenet

344 1755 402 1811 d.
436 1754 669 1811 Thomas
697 1769 756 1826 q.
795 1755 923 1821 100,
952 1758 1058 1809 art.
1090 1758 1146 1824 8,
1175 1758 1233 1808 et
1259 1751 1331 1808 ibi
1359 1751 1599 1807 Caietan.
1633 1753 1689 1804 et
1716 1746 1827 1820 alii,
1849 1748 1947 1802 So-

347 1853 441 1903 tus
482 1843 575 1900 m».
610 1848 666 1901 2.
696 1841 769 1899 de
794 1846 937 1899 inst.
977 1857 1033 1915 q.
1070 1847 1135 1915 3,
1167 1847 1271 1898 art.
1306 1846 1371 1913 8,
1408 1840 1619 1897 Victor.
1650 1836 1841 1893 relect.
1872 1834 1946 1892 de

340 1932 629 1993 homicid.
665 1933 887 2005 Viguer.
932 1934 985 1988 in
1026 1932 1208 1988 Instit.
1254 1929 1487 2001 theolog.
1533 1943 1659 1999 cap.
1708 1932 1796 1993 15,
1824 1932 1859 1992 s
1894 1930 1943 1997 1,

347 2040 517 2081 versu
550 2026 604 2094 7,
636 2024 891 2079 vincent.
924 2023 973 2077 in
1005 2020 1241 2096 speculo
1269 2018 1486 2076 moral.
1516 2018 1607 2075 lib.
1641 2022 1691 2087 1,
1716 2022 1858 2090 part.
1884 2020 1941 2085 2,

343 2114 475 2171 dist.
506 2117 562 2184 6,
590 2112 903 2170 Altisiodor.
932 2114 983 2169 in
1005 2113 1231 2169 Summa
1250 2109 1344 2166 lib.
1374 2114 1431 2179 3,
1458 2114 1625 2166 tract.
1652 2110 1706 2179 7,
1731 2123 1855 2179 cap.
1894 2113 1942 2178 1,

346 2222 405 2279 q.
440 2210 497 2276 5,
527 2201 788 2261 Richard.
822 2203 873 2256 in
906 2206 962 2273 3,
993 2201 1120 2258 dist.
1154 2203 1249 2270 31,
1280 2207 1386 2256 art.
1422 2203 1473 2263 t,
1498 2213 1553 2269 q.
1584 2202 1637 2267 5,
1662 2203 1720 2254 et
1748 2196 1816 2252 ibi
1844 2197 1946 2251 Pa-

346 2293 533 2350 ludan.
566 2292 834 2363 Bassolis,
864 2297 922 2347 et
946 2291 1067 2362 alii,
1098 2288 1333 2347 Abulen.
1368 2289 1419 2344 in
1448 2294 1541 2347 20.
1574 2294 1745 2361 caput
1771 2284 1943 2344 Exodi

341 2398 400 2455 q.
428 2386 525 2454 35,
546 2388 605 2439 ει
628 2380 807 2437 nolin.
844 2387 979 2437 tom.
1005 2384 1060 2451 6,
1087 2386 1313 2437 tractat.
1352 2384 1407 2451 5,
1438 2378 1640 2449 disput.
1671 2379 1766 2450 57,
1788 2392 1847 2433 n.
1883 2380 1939 2433 6.

344 2470 787 2529 Fundamentum
821 2470 877 2527 d.
923 2470 1160 2527 Thomae
1184 2476 1300 2541 est,
1344 2470 1470 2542 quia
1498 2484 1591 2539 ea,
1635 2482 1775 2540 quae
1813 2482 1943 2522 con·

344 2565 515 2617 tinent
546 2561 894 2617 intrinsecam
927 2558 1194 2616 rationem
1223 2559 1463 2615 iustitiae
1492 2566 1548 2613 et
1572 2555 1764 2627 debiti,
1782 2556 1943 2613 indis-

342 2650 641 2725 peneahilia
670 2657 831 2721 sunt,
866 2648 963 2706 sed
992 2648 1305 2705 huiusmodi
1347 2655 1481 2705 sunt
1508 2654 1799 2719 praecepta
1840 2648 1941 2703 De-

340 2742 553 2815 cetegi,
596 2756 752 2814 ergo.
794 2742 960 2798 Maior
1000 2746 1192 2812 patet,
1229 2740 1357 2813 quia
1394 2738 1629 2810 implicat
1666 2734 1942 2792 contradi-

340 2832 601 2902 ctionem,
632 2847 756 2888 esse
784 2829 1029 2888 debitum
1067 2836 1123 2886 et
1160 2846 1267 2886 non
1308 2844 1430 2886 esse
1470 2827 1744 2899 debitum,
1787 2826 1935 2900 quod

339 2927 525 2977 autem
570 2919 951 2993 dispensatur,
978 2933 1045 2975 eo
1088 2918 1203 2993 ipso
1229 2918 1287 2974 fit
1313 2916 1647 2985 indebitum;
1677 2918 1723 2974 si
1752 2922 1935 2973 autem

336 3010 503 3067 habet
524 3009 765 3066 debitum
805 3008 1180 3081 inseparabile,
1210 3007 1521 3064 necessario
1558 3004 1692 3062 illud
1719 3005 1935 3077 retinet,

335 3115 471 3175 ergo
508 3107 783 3173 repugnat
813 3098 1165 3170 dispensare,
1196 3096 1346 3171 quod
1389 3094 1701 3154 huiusmodi
1736 3102 1843 3152 est.
1874 3097 1941 3151 Et

335 3188 457 3246 ideo
506 3188 584 3246 ait
621 3188 679 3245 d.
722 3188 984 3256 Thomas,
1037 3203 1139 3245 nec
1180 3190 1354 3245 Deum
1393 3186 1704 3259 dispensare
1747 3200 1933 3257 posse,

335 3280 467 3351 quia
498 3294 609 3335 non
634 3284 815 3351 potest
848 3293 1011 3351 agere
1047 3284 1240 3335 contra
1277 3292 1438 3333 suam
1464 3276 1753 3346 iustitiam,
1784 3273 1936 3347 quod

338 3376 516 3425 tamen
566 3376 773 3442 ageret,
804 3369 851 3424 si
894 3368 1169 3425 licentiam
1206 3366 1363 3423 daret
1402 3364 1635 3423 faciendi
1674 3364 1753 3438 id,
1783 3362 1933 3438 quod

336 3474 435 3531 per
462 3475 521 3515 se
548 3466 604 3516 et
628 3460 923 3516 intrinsece
951 3458 1215 3514 iniustum
1242 3464 1351 3513 est.

414 3550 565 3606 Hanc
595 3564 727 3605 vero
752 3548 1013 3605 rationem
1040 3549 1367 3620 impugnant
1402 3553 1661 3603 auctores
1700 3544 1931 3603 aliarum

338 3641 681 3711 opinionum,
712 3638 839 3711 quia
868 3637 952 3694 vel
974 3638 1109 3711 petit
1129 3638 1477 3710 principium,
1502 3638 1585 3693 vel
1609 3651 1781 3709 aeque
1804 3652 1932 3707 pro·

337 3728 489 3786 cedit
514 3731 567 3785 in
600 3730 752 3786 omni
780 3734 1075 3801 praecepto
1110 3736 1167 3784 et
1192 3726 1593 3799 dispensatione
1632 3726 1770 3781 eius.
1804 3728 1933 3781 Pro-

334 3819 519 3893 batur,
561 3818 691 3894 quia
727 3820 772 3875 si
808 3820 879 3875 sit
906 3834 1132 3890 sensus,
1162 3823 1339 3876 stante
1365 3823 1421 3873 et
1448 3823 1698 3874 manente
1726 3814 1929 3884 debito,

330 3924 441 3964 non
471 3924 633 3980 posse
657 3908 1110 3980 dispensationem
1132 3906 1331 3963 habere
1354 3906 1564 3976 locum,
1581 3906 1685 3961 hoc
1706 3904 1930 3969 inomni

334 4000 454 4072 lege
489 3998 671 4055 locum
702 3996 881 4067 habet,
910 3996 1039 4069 quia
1065 4002 1335 4069 repugnat
1362 3997 1699 4067 dispensare,
1726 4001 1788 4050 ut
1818 4010 1931 4049 ma·

330 4096 494 4146 nente
532 4088 715 4145 debito
747 4088 878 4160 legis
914 4086 1075 4143 liceat
1110 4101 1267 4158 agere
1316 4091 1509 4141 contra
1549 4084 1761 4157 iegem3
1805 4100 1929 4141 nam

332 4178 473 4235 ratio
502 4176 921 4255 dispensationis
951 4176 1204 4232 consistit
1231 4175 1281 4231 in
1302 4174 1431 4246 hoc,
1459 4180 1519 4231 ut
1540 4172 1756 4231 auferat
1780 4172 1930 4230 debi-

330 4275 449 4323 tum
482 4266 641 4339 legis,
667 4271 724 4322 et
750 4264 869 4321 ideo
911 4264 963 4320 in
1004 4264 1111 4321 illis
1154 4264 1401 4321 terminis
1439 4262 1806 4320 contradictio
1842 4262 1927 4319 in·

325 4354 599 4427 volvitur,
639 4355 719 4411 vel
748 4362 835 4411 est
863 4369 1083 4423 sensus,
1114 4352 1221 4409 hoc
1249 4352 1492 4409 debitum
1517 4368 1622 4408 non
1648 4366 1809 4425 posse
1828 4367 1928 4408 au·

324 4444 458 4501 ferri
510 4445 564 4501 in
605 4444 911 4517 praeceptis
952 4442 1315 4514 naturalibus,
1346 4447 1399 4498 et
1439 4442 1544 4498 hoc
1586 4441 1926 4513 probandum

328 4542 449 4591 est:
484 4549 615 4591 cum
646 4533 751 4591 hoc
778 4548 911 4606 ergo
940 4534 1267 4602 assumitur,
1298 4532 1627 4603 principium
1653 4532 1876 4604 petitur.

416 4628 503 4683 13.
536 4622 939 4695 Respondetur,
960 4620 1165 4693 duplex
1191 4635 1311 4678 esse
1338 4620 1603 4691 debitum,
1628 4619 1774 4677 aliud
1800 4636 1930 4693 pro-

326 4715 533 4771 cedens
564 4712 632 4769 ab
658 4714 773 4785 ipsa
802 4711 921 4785 lege
948 4718 1213 4785 tanquam
1231 4710 1461 4767 effectus
1482 4710 1623 4783 eius,
1649 4710 1793 4768 etde
1818 4710 1924 4767 hoc

326 4802 579 4876 procedit
604 4809 795 4875 aperte
821 4799 1091 4872 obiectio3
1124 4806 1301 4857 tamen
1329 4799 1385 4856 d.
1419 4800 1653 4856 Thomas
1691 4800 1742 4855 in
1772 4799 1923 4856 dicta

323 4895 535 4949 ratione
576 4907 681 4948 non
710 4891 955 4963 loquitur
984 4889 1053 4947 de
1084 4890 1186 4946 hoc
1215 4888 1417 4947 debito.
1449 4888 1610 4945 Aliud
1650 4895 1736 4945 est
1773 4888 1923 4945 debi-

328 4990 449 5038 tum
478 4982 801 5054 proveniens
830 4996 895 5037 ex
922 4980 1217 5036 intrinseca
1238 4981 1593 5051 proportione
1616 4978 1754 5035 inter
1776 4978 1921 5035 obie-

324 5078 485 5128 ctum
535 5078 593 5127 ει
626 5077 817 5126 actum
855 5069 1237 5140 comparatum
1274 5066 1344 5124 ad
1381 5072 1594 5125 rectam
1632 5069 1919 5138 rationem,

328 5175 427 5217 seu
460 5168 715 5216 naturam
750 5158 1090 5230 rationalem,
1119 5164 1176 5214 et
1202 5157 1267 5215 de
1306 5157 1415 5214 hoc
1452 5156 1636 5216 debito
1674 5157 1923 5230 procedit

326 5250 465 5307 ratio
499 5248 559 5305 d.
585 5248 843 5305 Thomae.
872 5238 1033 5318 Nam,
1064 5252 1127 5304 ut
1152 5262 1313 5320 saepe
1339 5246 1547 5306 dictum
1574 5254 1680 5321 est,
1714 5248 1797 5305 lex
1826 5264 1921 5306 na-

485 5358 660 5401 SnAntz
672 5388 683 5407 .
705 5358 763 5402 De
782 5357 963 5410 Leoibm
976 5378 1029 5387 -
1042 5356 1147 5399 Pars
1164 5356 1199 5399 1.

1274 5452 1295 5485 h

3405 352 3529 453 137

2026 491 2217 548 turalis
2246 492 2496 564 prohibet
2529 509 2616 565 ea,
2655 509 2798 568 quae
2833 493 3140 551 secundum
3180 509 3237 549 se
3277 493 3419 550 mala
3455 499 3603 557 sunt,

2022 585 2296 652 quatenus
2324 582 2450 640 talia
2479 588 2638 654 sunt,
2665 591 2720 639 et
2759 582 2880 641 ideo
2915 586 3172 656 supponit
3209 582 3260 638 in
3298 582 3422 655 ipsis
3462 582 3610 639 obie-

2022 671 2129 725 ctis
2158 686 2258 727 seu
2288 672 2503 728 actibus
2530 672 2888 729 intrinsecum
2916 671 3181 745 debitum,
3208 677 3400 738 utnon
3425 686 3610 728 amen·

2023 766 2140 832 tur,
2156 774 2256 816 seu
2280 776 2385 818 non
2407 762 2556 817 fiant:
2581 768 2639 819 ει
2657 778 2689 817 e
2709 763 2984 819 contrario
3006 763 3270 835 praecipit
3288 762 3453 833 bona,
3476 778 3612 835 qua-

2022 858 2188 907 tenus
2216 840 2569 909 intrinsecam
2597 854 2988 909 connexionem
3029 858 3084 909 et
3111 852 3490 909 necessitatem
3519 852 3612 908 ha-

2020 939 2149 996 bent
2176 956 2308 996 cum
2335 948 2536 998 natura
2574 942 2852 1014 rationali,
2887 942 2989 998 hoc
3028 948 3212 998 autem
3249 940 3494 999 debitum
3529 942 3609 997 in·-

2019 1028 2321 1101 separabile
2361 1037 2468 1101 est,
2513 1047 2622 1088 non
2663 1033 2793 1104 quia
2832 1048 2940 1089 non
2979 1033 3052 1087 sit
3090 1031 3452 1104 dispensabile
3494 1032 3605 1106 (sic

2019 1118 2163 1174 enim
2193 1124 2477 1190 peteretur
2503 1120 2873 1194 principium),
2904 1119 2998 1177 sed
3019 1122 3460 1193 quiaintrinsece
3482 1138 3612 1193 sup-

2018 1208 2242 1279 ponitur
2266 1211 2322 1265 in
2352 1210 2482 1281 ipsis
2509 1210 2676 1267 rebus
2717 1217 2842 1267 ante
2879 1226 3092 1268 omnem
3137 1211 3306 1283 legem
3343 1214 3609 1269 extrinse-

2016 1314 2163 1371 cam,
2195 1305 2251 1356 et
2274 1298 2396 1357 ideo
2426 1302 2702 1358 stantibus
2729 1300 2931 1358 eisdem
2952 1298 3119 1358 rebus
3147 1302 3350 1358 auferri
3380 1318 3482 1358 non
3513 1318 3607 1373 po-

2016 1394 2154 1458 test,
2188 1390 2318 1460 quia
2362 1406 2469 1448 non
2497 1389 2696 1463 pendet
2732 1407 2801 1449 ex
2839 1394 3147 1449 extrinseca
3175 1392 3488 1464 voluntate,
3516 1408 3608 1448 ne-

2017 1493 2129 1549 que
2148 1484 2236 1534 est
2256 1494 2345 1534 res
2367 1478 2552 1553 aliqua
2574 1480 2847 1548 distincta,
2873 1481 2971 1539 sed
2990 1482 3148 1556 quasi
3170 1481 3366 1539 modus
3385 1484 3604 1539 omnino

2017 1567 2352 1624 intrinsecus
2381 1584 2476 1626 seu
2505 1572 2664 1641 quasi
2693 1570 2900 1643 relatio,
2932 1587 3074 1645 quae
3103 1572 3349 1643 impediri
3379 1586 3486 1627 non
3509 1588 3605 1642 po·

2019 1664 2161 1728 test,
2207 1659 2384 1729 posito
2425 1657 2774 1717 fundamento
2801 1669 2859 1718 et
2886 1663 3134 1719 termino.
3169 1663 3239 1718 Et
3271 1661 3411 1718 hanc
3442 1664 3611 1718 ratio-

2016 1760 2139 1800 nem
2181 1747 2546 1821 confirmant,
2588 1764 2730 1821 quae
2771 1751 2921 1807 circa
2963 1750 3094 1807 alias
3136 1752 3416 1822 opiniones
3457 1750 3603 1807 dicta

2016 1842 2171 1908 sunt,
2199 1843 2258 1893 et
2281 1853 2424 1910 quae
2453 1839 2504 1894 in
2532 1842 2712 1911 capite
2739 1840 2827 1897 Vl.
2859 1840 3120 1897 diximus.

2091 1926 2238 1982 Haec
2279 1927 2444 1999 igitur
2484 1930 2777 1999 sententia,
2829 1930 3134 1988 formaliter
3172 1936 3230 1987 et
3267 1931 3486 2003 proprie
3529 1930 3606 1985 lo·

2014 2016 2236 2091 quendo
2258 2060 2273 2088 ,
2305 2034 2434 2074 vera
2461 2026 2564 2075 est.
2596 2019 2728 2087 Quia
2757 2036 2885 2076 vero
2917 2036 3114 2093 negare
3141 2036 3246 2076 non
3280 2035 3598 2093 possumus,

2016 2108 2189 2163 Deum
2228 2107 2519 2180 aliquando
2547 2108 2801 2181 efficere,
2833 2116 2895 2166 ut
2919 2117 3079 2167 actus
3108 2110 3180 2166 ilii
3210 2102 3515 2166 materiales
3547 2111 3606 2166 li·

2013 2203 2196 2266 ceant,
2225 2198 2318 2270 qui
2347 2195 2500 2270 alias,
2530 2214 2638 2255 non
2667 2200 3057 2256 interveniente
3083 2201 3193 2256 Deo
3222 2200 3337 2273 ipso
3357 2241 3373 2271 ,
3403 2202 3602 2257 eteius

2011 2290 2299 2356 potestate,
2329 2285 2479 2342 licite
2506 2287 2619 2343 fieri
2649 2303 2761 2344 non
2782 2288 3018 2361 possint,
3043 2288 3162 2345 ideo
3193 2295 3252 2345 ut
3278 2290 3606 2362 intelligatur

2010 2375 2288 2450 quomodo
2315 2376 2424 2432 hoc
2451 2376 2566 2449 liat,
2596 2384 2654 2435 et
2678 2394 2782 2435 cur
2810 2378 2902 2435 illa
2926 2394 3033 2435 non
3058 2380 3148 2451 sit,
3173 2394 3274 2436 nec
3298 2378 3602 2451 appelletur

2008 2467 2368 2541 dispensatio,
2398 2474 2618 2539 oportet
2643 2466 2980 2543 distinguere
3007 2471 3062 2525 in
3091 2472 3202 2526 Deo
3230 2470 3405 2526 varias
3433 2472 3600 2528 ratio-

2010 2574 2127 2615 nes.
2162 2560 2262 2615 Est
2300 2559 2444 2614 enim
2481 2570 2773 2629 supremus
2802 2558 3109 2633 legislator3
3153 2561 3294 2617 unde
3323 2560 3507 2633 habet,
3541 2568 3602 2617 ut

2011 2651 2188 2720 possit
2215 2664 2356 2705 nova
2384 2654 2440 2705 et
2468 2650 2612 2704 varia
2639 2656 2932 2721 praecepta
2962 2652 3277 2723 imponere:
3318 2659 3403 2708 est
3438 2653 3600 2710 etiam

2007 2754 2302 2810 supremus
2330 2740 2618 2809 Dominus,
2647 2739 2741 2812 qui
2769 2745 2951 2811 potest
2974 2739 3208 2797 dominia
3236 2746 3479 2807 mutare,
3515 2741 3597 2797 vel

2007 2828 2344 2886 concedere:
2377 2834 2465 2885 est
2489 2828 2616 2886 item
2645 2844 2939 2900 supremus
2961 2829 3145 2902 iudex,
3171 2830 3266 2903 qui
3291 2837 3470 2903 potest
3492 2847 3591 2902 pu-

2008 2920 2146 2990 nire,
2176 2916 2262 2973 vel
2293 2918 2588 2989 unicuique
2616 2918 2844 2975 reddere
2867 2916 3016 2993 quod
3035 2920 3084 2975 ei
3106 2919 3354 2976 debetur.
3373 2922 3594 2993 Dispen-

2006 3009 2143 3064 satio
2171 3022 2307 3079 ergo
2338 3009 2553 3079 proprie
2583 3009 2818 3079 pertinet
2841 3007 2905 3065 ad
2936 3012 3109 3066 Deum
3139 3009 3244 3065 suh
3267 3012 3440 3082 prima
3461 3027 3595 3067 con-

2006 3097 2358 3169 sideratione,
2389 3098 2520 3170 quia
2561 3096 2806 3154 eiusdem
2849 3102 3135 3171 potestatis
3174 3104 3259 3155 est
3300 3100 3509 3172 tollere,
3538 3107 3593 3157 et

2005 3187 2249 3243 condere
2277 3186 2483 3260 legem:
2526 3188 2709 3261 itaque
2745 3192 2808 3243 ut
2833 3186 3171 3261 intelligatur
3201 3192 3344 3246 Deus
3373 3189 3590 3262 dispen-

2004 3291 2151 3349 sare,
2171 3283 2410 3349 oportet,
2428 3283 2489 3332 ut
2510 3276 2714 3333 utendo
2733 3277 2851 3334 sola
2869 3278 2961 3335 illa
2980 3279 3378 3353 iurisdictione,
3401 3286 3458 3336 et
3479 3296 3588 3337 non

2004 3366 2345 3441 adiungendo
2375 3373 2701 3438 potestatem
2729 3366 3108 3424 dominativam
3128 3409 3143 3439 ,
3173 3384 3270 3441 per
3306 3384 3472 3441 quam
3500 3385 3590 3426 res

2003 3460 2151 3531 ipsas
2191 3458 2478 3529 immutet,
2509 3456 2676 3513 licere
2709 3456 2900 3529 iaciat,
2931 3457 3082 3529 quod
3120 3465 3272 3513 antea
3311 3474 3418 3514 non
3457 3459 3590 3515 lice-

2004 3550 2119 3618 bat,
2151 3548 2286 3603 Nam
2324 3547 2367 3601 si
2405 3562 2503 3619 per
2538 3545 2832 3602 dominium
2871 3560 3037 3603 snum
3065 3553 3236 3621 mutet
3265 3548 3583 3620 humanum,

2003 3638 2107 3695 hoc
2137 3654 2244 3694 non
2271 3639 2378 3694 erit
2401 3638 2738 3709 dispensare,
2771 3636 2865 3695 sed
2897 3637 3088 3695 tollere
3116 3640 3398 3695 materiam
3429 3639 3586 3712 legis,

2004 3737 2067 3785 ut
2092 3744 2157 3783 ex
2185 3727 2556 3799 superioribus
2581 3732 2821 3784 constat.
2853 3727 3076 3795 Quoties
3114 3744 3246 3800 ergo
3272 3730 3416 3785 Deus
3459 3729 3589 3786 facit

1999 3818 2210 3873 licitum
2238 3822 2424 3874 actum
2445 3858 2458 3885 ,
2489 3815 2583 3888 qui
2610 3817 2728 3874 iure
2773 3824 2999 3873 naturae
3028 3817 3312 3874 videbatur
3353 3818 3590 3891 prohibi-

2002 3915 2113 3979 tus,
2133 3922 2414 3979 nunquam
2437 3905 2488 3962 id
2511 3906 2641 3963 facit
2663 3913 2723 3961 ut
2745 3922 2917 3979 purus
2941 3905 3242 3980 legislator,
3258 3908 3357 3964 sed
3383 3910 3588 3967 utendo

2000 3997 2105 4053 alia
2130 4002 2430 4069 potestate,
2461 4001 2516 4051 et
2541 3995 2661 4051 ideo
2690 4012 2796 4052 non
2825 3995 3122 4069 dispensat.

2076 4088 2194 4143 Hoc
2224 4085 2406 4143 videre
2435 4085 2562 4141 iicet
2587 4087 2644 4140 in
2669 4086 2930 4157 exemplis
2960 4087 3168 4156 positis.
3186 4086 3413 4155 Quando
3441 4088 3584 4144 enim

2000 4179 2145 4234 Deus
2188 4175 2462 4247 praecepit
2501 4174 2748 4269 Abrahae
2787 4175 3086 4232 interficere
3124 4175 3322 4249 filium,
3367 4177 3419 4233 id
3459 4178 3590 4233 fecit

2002 4272 2264 4338 tanquam
2308 4266 2564 4321 Dominus
2615 4264 2754 4321 vitae
2801 4271 2857 4321 et
2904 4267 3124 4336 mortis3
3169 4268 3212 4323 si
3258 4267 3399 4324 enim
3441 4270 3584 4325 Deus

1994 4356 2112 4427 ipse
2141 4370 2238 4425 per
2266 4370 2323 4409 se
2342 4355 2524 4425 ipsum
2553 4352 2814 4410 voluisset
2843 4355 3146 4411 interlicere
3167 4358 3340 4427 Isaac,
3367 4373 3472 4414 non
3503 4360 3584 4414 in-

1994 4442 2263 4516 diguisset
2287 4442 2706 4514 dispensatione,
2734 4441 2831 4499 sed
2852 4459 2920 4501 ex
2941 4460 3044 4500 suo
3063 4444 3304 4501 dominio
3327 4445 3377 4502 id
3397 4446 3582 4505 facere

1997 4544 2216 4605 posset:
2263 4532 2454 4589 eodem
2488 4546 2620 4604 ergo
2659 4530 2820 4589 modo
2859 4536 3034 4605 potuit
3072 4535 3148 4591 uti
3175 4535 3480 4594 Abrahamo
3521 4547 3583 4595 ut

1994 4622 2382 4693 instrumento,
2414 4626 2469 4677 et
2503 4622 2756 4694 quintum
2794 4629 3148 4696 praeceptum
3191 4640 3294 4681 non
3333 4626 3581 4697 prohibet

1992 4726 2114 4768 esse
2140 4714 2568 4768 instrumentum
2599 4711 2688 4768 Dei
2715 4712 2767 4767 in
2795 4713 3092 4787 occisione,
3121 4714 3168 4770 si
3204 4717 3320 4787 ipse
3360 4732 3584 4789 praece·

1993 4802 2155 4873 perit.
2185 4801 2334 4859 Idem
2361 4802 2524 4858 sentit
2558 4800 2612 4857 d.
2645 4802 2892 4885 Thomas·
2913 4801 2982 4859 de
3019 4803 3162 4859 facto
3191 4806 3362 4862 Oseae
3403 4807 3464 4862 in·
3495 4824 3580 4865 as-

1993 4890 2259 4949 sumenda
2285 4892 2514 4949 muliere
2551 4892 2865 4961 fornicaria,
2899 4900 2962 4949 ut
2999 4900 3149 4965 patet
3186 4894 3334 4952 dicto
3375 4906 3482 4953 art.
3519 4904 3576 4955 8.

1991 4981 2059 5038 ad
2093 4986 2148 5049 3,
2177 4990 2236 5038 et
2261 4987 2318 5040 2.
2350 4987 2381 5040 2
2410 5023 2424 5053 ,
2452 4997 2508 5055 q.
2549 4985 2672 5039 154.
2703 4983 2892 5038 Potest
2929 4984 3072 5038 enim
3101 4986 3246 5040 Deus
3287 4987 3578 5044 transferre

1993 5072 2047 5126 in
2077 5072 2258 5127 virum
2286 5069 2585 5127 dominium
2613 5068 2858 5127 mulieris
2885 5072 2997 5129 sine
3039 5088 3314 5131 consensu
3340 5079 3494 5149 eius,
3522 5086 3581 5134 et

1994 5160 2071 5217 ita
2104 5160 2330 5217 efficere
2365 5160 2648 5217 vinculum
2683 5162 2822 5217 inter
2860 5162 3010 5235 illos,
3055 5164 3266 5221 ratione
3299 5166 3462 5223 cuius
3489 5166 3580 5222 illa

1992 5247 2195 5321 copula
2219 5250 2323 5307 iam
2351 5247 2642 5307 fornicaria
2669 5265 2778 5308 non
2807 5251 2894 5307 sit.

2761 5352 2766 5359 ’
3068 5356 3117 5399 is
