4325 6267
795 289 916 354 132

717 437 942 504 pactum
971 438 1028 488 et
1054 432 1334 488 vinculum
1365 431 1601 487 humana
1631 431 1908 486 voluntate
1937 426 2307 496 contrahitur,

718 529 775 580 et
815 521 936 577 ideo
968 537 1034 577 ex
1076 521 1178 577 bac
1219 526 1376 592 parte
1416 520 1673 576 mutabile
1700 525 1784 576 est
1811 519 2003 576 saltem
2033 531 2130 588 per
2160 522 2311 587 pote·

719 619 918 666 statem
948 609 1253 680 publicam,
1284 625 1408 680 cap.
1444 614 1605 666 Inter
1631 606 2001 682 corporalia,
2037 605 2104 662 de
2133 611 2307 660 trans-

715 698 809 755 lat.
853 701 1027 770 episc.
1071 705 1126 754 et
1167 697 1284 754 ideo
1326 713 1422 769 per
1463 697 1709 754 camdem
1751 695 1980 752 relaxari
2011 700 2223 765 potest,
2254 699 2311 764 et

715 795 1114 860 consequenter
1144 788 1308 845 etiam
1335 794 1515 859 potest
1543 786 1809 843 naturalis
1847 785 2136 857 obligatio,
2169 797 2308 855 quae

713 893 778 934 ex
810 878 898 934 illo
929 879 1195 946 nascitur,
1229 874 1310 931 rel
1339 877 1564 946 mutari,
1597 875 1678 932 vel
1711 874 1932 930 aut'erri.
1965 875 2036 930 Et
2061 870 2308 929 declara-

715 974 805 1023 tur
834 966 1096 1037 amplius,
1127 965 1256 1037 quia
1293 963 1426 1020 illud
1464 969 1688 1035 pactum
1717 963 1856 1020 inter
1884 962 2166 1034 proprium
2194 961 2308 1031 epi-

715 1072 944 1127 scopum
975 1064 1034 1111 et
1060 1071 1216 1110 suam
1246 1052 1538 1109 ecclesiam
1567 1068 1629 1108 ex
1663 1058 1856 1108 natura
1877 1051 1957 1107 rei
1983 1049 2308 1106 subordina-

715 1153 806 1203 tur
833 1160 1092 1216 supremo
1132 1143 1374 1214 pastori,
1406 1142 1478 1197 ita
1508 1125 1570 1197 u’t
1595 1143 1648 1196 in
1675 1141 1767 1198 illo
1797 1147 1960 1213 pacto
1987 1139 2306 1196 includatur

714 1235 952 1291 conditio
996 1231 1253 1289 offerendi
1296 1247 1354 1286 se
1398 1231 1694 1287 ministerio
1735 1231 1857 1286 talis
1884 1229 2148 1286 ecclesiae
2177 1244 2307 1284 cum

712 1321 1158 1379 subordinatione
1199 1319 1268 1376 ad
1308 1335 1629 1391 supremum
1659 1321 1974 1388 Pastorem,
2007 1320 2101 1390 qui
2140 1316 2307 1372 habet

712 1415 766 1469 in
809 1413 900 1469 illa
939 1410 1174 1468 ecclesia
1213 1408 1646 1467 excellentiorem
1678 1415 2003 1478 potestatem
2033 1415 2090 1464 et
2117 1409 2308 1463 imme-

713 1504 914 1559 diatam
944 1501 1102 1558 etiam
1132 1515 1345 1556 curam.
1370 1497 1596 1567 Quando
1620 1505 1807 1554 autem
1831 1497 2074 1553 Pontifex
2092 1495 2307 1568 dispen-

716 1599 802 1648 sat
831 1592 880 1646 in
911 1589 1225 1661 residentia,
1246 1588 1361 1660 ipse
1384 1588 1605 1657 statuit,
1630 1585 1908 1658 quomodo
1934 1601 2032 1656 pro
2055 1585 2146 1641 tali
2173 1594 2309 1641 tem-

714 1698 846 1754 pore
889 1678 1289 1752 providendum
1331 1678 1402 1734 sit
1441 1676 1532 1734 tali
1574 1674 1870 1746 ecclesiae,
1901 1681 1956 1732 et
1982 1675 2138 1748 quasi
2166 1690 2307 1730 onus

713 1771 856 1826 illius
889 1770 942 1825 in
971 1784 1030 1825 se
1057 1769 1318 1839 suscipit,
1345 1771 1401 1822 et
1427 1764 1549 1822 inde
1571 1771 1972 1836 consequenter
1992 1764 2075 1832 fit,
2099 1770 2165 1820 ut
2186 1779 2309 1835 pro-

716 1862 870 1932 prius
903 1859 1201 1930 episcopus
1232 1855 1489 1912 liberetur
1516 1853 1787 1927 personali
1816 1853 2169 1926 obligatione,
2202 1869 2307 1911 non

715 1965 813 2021 per
845 1946 1304 2019 dispensationem
1340 1946 1393 2000 in
1433 1952 1728 2016 praecepto
1757 1943 2024 2011 naturali,
2055 1943 2151 1998 sed
2179 1943 2307 2015 quia

714 2039 804 2095 illo
847 2038 1008 2094 modo
1053 2035 1111 2092 re
1141 2050 1269 2092 vera
1297 2033 1484 2105 implet
1511 2039 1732 2104 pactum
1761 2048 1894 2088 cum
1921 2046 2018 2087 sua
2047 2031 2304 2102 ecclesia,

714 2145 777 2183 ex
809 2144 923 2199 quo
949 2126 1043 2182 illa
1071 2125 1328 2198 obligatio
1359 2122 1638 2194 praecepti
1667 2120 1971 2176 oriebatur.
1998 2119 2091 2176 Vel
2125 2121 2307 2190 potius

712 2218 968 2288 impletur
1007 2215 1096 2270 illa
1137 2212 1396 2284 obligatio
1439 2210 1542 2267 alio
1586 2209 1746 2266 modo
1789 2207 2005 2265 incluso
2045 2210 2210 2265 etiam
2250 2211 2305 2265 in

713 2309 827 2378 ipso
868 2312 1032 2378 pacto
1050 2345 1066 2370 ,
1113 2300 1452 2376 providendo
1479 2300 1749 2357 ecclesiae
1779 2299 1940 2356 modo
1967 2301 2307 2372 praescripto

711 2414 742 2454 a
784 2411 1044 2468 supremo
1084 2397 1309 2449 Pastore
1349 2407 1416 2448 ex
1457 2389 1764 2446 rationabili
1793 2403 1992 2456 causa,
2027 2388 2132 2445 hoc
2161 2389 2305 2445 enim

712 2485 946 2558 supponi
983 2483 1174 2552 debet,
1204 2483 1330 2554 quia
1369 2480 1504 2536 baec
1545 2484 1630 2534 est
1656 2477 1798 2534 iusta
1826 2475 2068 2533 conditio
2089 2519 2104 2550 ,
2136 2494 2305 2550 quam

717 2574 998 2631 vinculum
1029 2573 1208 2644 ipsum
1238 2569 1483 2626 includit.

797 2668 883 2722 19.
917 2662 997 2718 Ad
1026 2667 1286 2734 quartum
1323 2658 1634 2730 exemplum
1661 2657 1728 2715 de
1757 2657 2156 2731 impedimentis
2187 2658 2308 2715 irri-

719 2754 958 2811 tantibus
1001 2749 1120 2807 iure
1163 2748 1426 2820 naturali,
1459 2763 1608 2803 nunc
1637 2747 2000 2818 supponimus
2027 2762 2149 2801 esse
2179 2761 2306 2817 pro-

713 2842 974 2908 babilius,
1005 2841 1056 2894 in
1099 2839 1294 2895 talibus
1332 2835 1727 2908 impedimentis
1767 2851 1876 2891 nou
1905 2851 2062 2906 posse
2091 2835 2307 2907 dispen-

716 2932 824 2988 sari
853 2933 1304 3002 per-potestatem
1335 2926 1628 2981 humanam
1647 2966 1662 2995 ,
1697 2930 1760 2980 ut
1784 2924 1933 2996 quod
1963 2923 2180 2996 aliquis,
2213 2926 2306 2996 qui

715 3019 1119 3078 matrimonium
1159 3033 1290 3073 cum
1319 3031 1426 3090 una
1458 3015 1763 3081 contraxit,
1793 3020 1850 3069 et
1878 3016 2305 3086 consummavit,

713 3111 872 3168 aliam
913 3108 1116 3179 ducat,
1160 3107 1328 3178 priori
1367 3104 1611 3176 vivente,
1659 3102 1740 3160 vel
1781 3108 2030 3158 manente
2073 3106 2307 3174 utroque

714 3199 936 3256 vinculo
977 3195 1186 3266 valido,
1221 3194 1303 3250 vel
1339 3192 1604 3250 dissoluto
1643 3192 1840 3264 priori3
1876 3198 2135 3247 neutrum
2163 3195 2304 3248 enim

713 3291 824 3347 lieri
869 3295 1051 3361 potest
1090 3303 1186 3359 per
1228 3286 1520 3341 humanam
1550 3289 1915 3355 potestatem,
1947 3280 2197 3353 idemque
2224 3290 2311 3339 est

713 3381 764 3436 in
795 3377 1080 3436 similibus.
1125 3373 1276 3432 Unde
1319 3374 1452 3428 haec
1497 3371 1743 3443 exempla
1776 3373 1954 3441 potius
1985 3371 2306 3426 confirmant

713 3471 944 3540 primam
976 3465 1332 3522 assertionem
1353 3483 1368 3532 3
1393 3476 1518 3516 nam
1547 3459 1682 3515 haec
1704 3457 2089 3529 impedimenta
2112 3503 2123 3528 ,
2148 3460 2191 3515 si
2215 3475 2309 3516 na·

715 3557 912 3614 turalia
957 3561 1118 3623 sunt,
1162 3566 1226 3607 ex
1269 3565 1409 3621 pura
1452 3549 1659 3605 ratione
1691 3546 1953 3618 pendent,
1983 3563 2089 3604 non
2117 3565 2185 3604 ex
2216 3566 2309 3604 vo-

717 3648 927 3703 luntate
949 3642 1208 3699 humana.
1233 3639 1385 3696 Unde
1407 3653 1516 3694 non
1541 3636 1820 3693 credimus
1837 3679 1852 3706 ,
1877 3653 1996 3693 esse
2018 3637 2306 3710 aliquando

715 3738 766 3791 in
797 3733 1047 3790 Ecclesia
1067 3731 1442 3801 dispensatum
1471 3727 1521 3782 in
1551 3726 1896 3782 matrimonio
1918 3727 2058 3782 inter
2086 3727 2301 3799 iratres3

715 3829 760 3882 si
792 3832 972 3881 tamen
1001 3821 1056 3878 id
1079 3821 1286 3876 factum
1310 3823 1427 3888 est,
1452 3815 1788 3896 credendum
1810 3823 1928 3886 est,
1951 3816 2167 3873 sactum
2188 3832 2307 3873 esse

715 3912 1058 3971 adhaerendo
1102 3909 1339 3981 opinioni
1366 3906 1599 3980 dicenti,
1630 3905 1764 3962 illud
1796 3922 1901 3964 non
1933 3921 2052 3962 esse
2079 3906 2307 3978 impedi-

714 4010 959 4063 mentum
991 4001 1210 4057 irritans
1237 3998 1352 4054 iure
1381 4003 1609 4053 naturae
1628 4037 1642 4062 ,
1674 3995 1740 4052 de
1770 4011 1881 4068 quo
1911 3995 2071 4067 plura
2097 3995 2148 4050 in
2178 4012 2304 4066 pro-

713 4096 836 4167 pria
868 4091 1092 4148 materia
1109 4129 1125 4161 ,
1157 4093 1214 4143 et
1241 4084 1444 4158 aliquid
1466 4084 1728 4141 addemus
1756 4085 1806 4139 in
1831 4085 2007 4154 capite
2029 4088 2299 4158 sequenti.

791 4182 907 4238 Alia
947 4193 1076 4235 vero
1103 4175 1351 4247 exempla
1378 4173 1505 4229 nihil
1534 4173 1743 4229 faciunt
1779 4171 1845 4228 ad
1885 4188 2142 4246 causam3
2178 4191 2302 4230 nam

712 4276 762 4330 in
787 4269 1079 4344 privilegiis
1105 4265 1446 4322 decimarum
1469 4279 1574 4318 non
1598 4261 1892 4334 derogatur
1915 4264 2018 4318 iuri
2047 4271 2299 4335 naturae,

710 4362 806 4419 sed
848 4361 1117 4417 humanae
1157 4353 1611 4430 determinationi.
1645 4353 1776 4420 Quia
1815 4352 1944 4408 licet
1971 4356 2301 4412 sustentatio

641 4492 652 4504 .
709 4453 1088 4508 ministrorum
1127 4442 1411 4500 Ecclesiae
1452 4442 1522 4498 sit
1558 4441 1624 4498 de
1668 4443 1784 4497 iure
1814 4447 2044 4498 naturae
2069 4483 2084 4512 ,
2119 4452 2299 4500 tamen

671 4539 904 4596 ·modus
945 4543 1000 4593 et
1037 4533 1350 4592 distributio
1393 4530 1534 4587 illius
1577 4531 1755 4587 oneris
1781 4531 1924 4586 inter
1952 4531 2167 4600 fideles,
2198 4533 2301 4588 hu-

707 4629 848 4685 mani
877 4626 1012 4683 iuris
1043 4630 1098 4680 et
1125 4621 1330 4679 arbitrii
1357 4625 1480 4690 est,
1509 4624 1564 4674 et
1593 4619 1641 4673 in
1675 4619 1778 4674 hoc
1802 4625 2014 4676 tantum
2039 4622 2096 4677 tit
2118 4623 2302 4694 aliqua

600 4749 606 4754 -
704 4717 1046 4785 immutatio,
1093 4719 1153 4769 ut
1195 4713 1300 4767 late
1339 4708 1612 4765 declaravi
1656 4715 1875 4764 tractat.
1909 4710 1972 4766 11.
2007 4708 2080 4766 de
2105 4710 2295 4784 Reliq.

705 4807 795 4863 lib.
824 4812 882 4878 l,
907 4819 1031 4874 cap.
1071 4806 1154 4858 14.
1184 4799 1502 4856 Immunitas
1523 4797 1684 4855 etiam
1709 4798 2088 4856 ecclesiastica
2109 4801 2295 4873 quoad

706 4909 963 4968 personas
993 4891 1145 4966 (dato
1167 4887 1316 4963 quod
1338 4888 1409 4945 sit
1428 4886 1496 4944 de
1519 4887 1634 4944 iure
1655 4886 1834 4944 divino
1857 4888 2116 4962 naturali,
2141 4891 2292 4963 quod

2167 303 2369 350 Ltnssn
2396 303 2473 350 11.

2382 441 2532 483 nunc
2561 444 2669 484 non
2698 431 2938 503 agimus)
2972 447 3078 488 uon
3108 433 3376 505 violatur,
3400 447 3501 489 nec
3528 433 3792 490 minuitur
3828 435 3885 488 in
3908 450 3991 499 se,

2383 525 2441 574 et
2483 525 2650 588 prout
2687 535 2809 575 esse
2852 527 3031 593 potest
3069 523 3123 577 in
3163 529 3457 594 praecepto
3500 521 3767 594 naturali,
3812 539 3880 580 ex
3920 541 3991 578 eo

2382 605 2529 677 qnod
2559 609 2885 666 auctoritate
2915 611 3191 666 pontificis
3221 611 3495 668 interdum
3525 611 3723 684 aliquis
3744 611 3988 668 clericus

2384 695 2625 764 privetur
2648 695 2770 767 illa,
2795 705 2854 754 et
2873 699 3131 769 potestati
3158 699 3327 756 laicae
3350 700 3678 757 subiiciatur
3696 742 3712 770 ,
3738 698 3823 755 vel
3846 702 3979 772 quia

2378 789 2511 840 tunc
2557 791 2797 854 potestas
2836 787 3211 844 ecclesiastica
3254 787 3404 845 subit
3445 789 3713 844 rationem
3754 789 3993 844 ministri

2378 873 2685 943 Pontificis,
2730 875 2814 930 vel
2855 884 3006 932 certe
3054 879 3201 949 quia
3245 878 3384 934 ratio
3425 877 3689 935 naturalis
3732 893 3845 933 non
3884 878 3991 934 alio

2381 960 2541 1017 modo
2568 961 2739 1019 dictat
2766 964 2906 1020 hanc
2930 965 3326 1022 immunitatem
3348 1008 3364 1038 ,
3390 967 3486 1022 nisi
3510 983 3643 1024 cum
3666 965 3978 1040 dependen-

2378 1050 2451 1104 tia
2488 1057 2544 1106 et
2584 1052 3027 1112 subordinatione
3068 1055 3135 1116 ad
3175 1072 3493 1127 supremum
3534 1055 3978 1112 ecclesiasticum

2378 1144 2692 1210 pastorem3
2741 1148 2796 1197 et
2836 1143 2909 1200 ita
2950 1143 3020 1199 ibi
3060 1143 3214 1201 nulla
3240 1145 3533 1201 intervenit
3558 1145 3898 1216 dispensatio
3926 1148 3979 1199 in

2375 1229 2495 1283 inre
2519 1230 2746 1287 naturali
2764 1233 3127 1304 praeceptivo.
3144 1233 3281 1300 Quia
3300 1235 3389 1290 ius
3414 1232 3661 1289 naturale
3684 1250 3794 1290 non
3822 1249 3977 1305 prae-

2377 1316 2536 1387 cipit,
2571 1317 2643 1372 ita
2684 1318 2915 1376 clericos
2955 1336 3074 1376 esse
3114 1321 3384 1378 immunes
3406 1363 3421 1392 ,
3454 1328 3517 1378 ut
3540 1322 3709 1378 etiam
3737 1338 3803 1379 ex
3836 1325 3983 1378 iusta

2375 1420 2543 1462 causa
2586 1422 2691 1462 non
2733 1410 2910 1478 possit
2933 1403 3346 1467 ecclesiasticds
3378 1411 3687 1482 praelatus,
3721 1427 3980 1482 praeser-

2376 1496 2474 1551 tim
2516 1511 2842 1568 supremus,
2873 1513 2966 1553 eos
3006 1497 3229 1555 brachio
3262 1499 3531 1556 saeculari
3562 1501 3849 1556 remittere
3869 1542 3885 1568 ,
3919 1506 3983 1556 ut

2375 1590 2462 1640 est
2503 1600 2598 1656 per
2637 1600 2697 1640 se
2740 1591 2950 1642 notum.
2984 1588 3331 1660 Quapropter
3357 1587 3578 1660 quando
3606 1587 3715 1644 hoc
3744 1590 3835 1658 iit,
3870 1606 3981 1646 non

2377 1672 2557 1729 solnm
2600 1691 2707 1732 non
2750 1684 2839 1731 est
2866 1675 3127 1732 relaxatio
3152 1677 3290 1732 iuris
3318 1677 3580 1733 naturalis
3606 1718 3619 1749 ,
3652 1692 3849 1734 verum
3878 1694 3977 1749 po-

2376 1762 2485 1816 tius
2513 1770 2597 1820 est
2616 1765 2761 1822 iusta
2780 1764 3033 1821 executio
3056 1765 3290 1821 iustitiae
3307 1806 3322 1837 ,
3347 1781 3515 1838 quam
3537 1765 3781 1822 divinum
3804 1773 3862 1822 et
3884 1783 3981 1822 na-

2379 1850 2552 1908 turale
2594 1853 2677 1908 ius
2720 1853 2910 1910 dictat.
2954 1852 3069 1909 Alia
3112 1869 3238 1910 vero
3265 1854 3550 1926 exempla,
3582 1870 3725 1928 quae
3757 1855 3985 1913 Felinus

2375 1938 2444 1993 ibi
2486 1940 2684 1998 citatus
2726 1941 2983 2016 adducit,
3014 1943 3257 2015 prudens
3287 1944 3514 2015 omitto,
3547 1946 3676 2018 quia
3704 1946 3886 2002 multa
3914 1963 3981 2002 ex

2376 2027 2537 2085 dictis
2580 2031 2994 2102 excluduntur3
3040 2031 3141 2087 alia
3181 2031 3477 2102 probabilia
3516 2048 3623 2089 non
3665 2042 3834 2104 sunt3
3878 2034 3984 2090 alia

2378 2133 2506 2173 vero
2530 2135 2635 2174 non
2662 2120 2728 2176 ad
2753 2128 3095 2193 praesentem
3118 2135 3345 2178 causam
3370 2123 3660 2195 pertinent,
3686 2123 3783 2180 sed
3807 2139 3984 2198 quae-

2377 2207 2607 2263 stionem
2634 2207 2702 2264 de
2727 2208 3129 2281 dispensatione
3150 2211 3205 2266 in
3225 2211 3343 2267 iure
3364 2211 3544 2268 divino
3568 2213 3808 2284 positivo
3837 2213 3983 2270 inira

2377 2310 2479 2350 suo
2511 2295 2634 2352 loco
2667 2298 3007 2354 tractandam
3038 2299 3333 2371 attingunt.

2450 2383 2532 2440 Ad
2562 2388 2825 2444 rationem
2850 2389 3176 2460 respondeo,
3203 2389 3529 2446 confirmare
3551 2391 3857 2447 secundam
3886 2409 3981 2450 as·

2377 2476 2673 2532 sertionem
2697 2517 2712 2548 ,
2742 2483 2801 2532 et
2828 2493 2937 2533 non
2968 2476 3268 2549 procedere
3294 2485 3493 2535 contra
3522 2481 3775 2550 primam.
3810 2482 3869 2536 ln
3894 2481 3983 2538 bis

2374 2565 2519 2619 enim
2550 2565 2999 2638 obligationibus,
3024 2581 3166 2638 quae
3196 2565 3434 2639 pendent
3459 2582 3526 2624 ex
3554 2582 3861 2641 consensu,
3892 2569 3976 2626 vel

2376 2658 2537 2724 pacto
2579 2654 2853 2725 humano,
2897 2655 3151 2728 frequens
3192 2670 3312 2712 esse
3354 2662 3535 2728 potest
3562 2657 3649 2712 illa
3670 2659 3977 2714 necessitas

2375 2741 2754 2818 dispensandi,
2798 2751 2854 2800 et
2890 2744 3010 2801 ideo
3040 2752 3469 2803 consentaneum
3496 2752 3580 2802 est
3606 2745 3823 2803 divinae
3850 2763 3981 2819 pro-

2377 2830 2667 2906 videntiae,
2700 2841 2761 2891 ut
2790 2833 2935 2891 illam
2962 2840 3289 2907 potestatem
3318 2835 3601 2908 reliquerit
3622 2837 3677 2892 in
3699 2837 3975 2894 Ecclesia.

2377 2921 2494 2989 Qua
2525 2926 2729 2980 ratione
2761 2925 2815 2979 in
2850 2925 3177 2982 tractatibus
3204 2923 3277 2981 de
3304 2927 3646 2983 iuramento
3666 2931 3721 2982 et
3741 2931 3873 2983 voto
3893 2929 3989 2983 nsi

2378 3027 2595 3067 sumus.
2629 3013 2765 3068 item
2792 3015 3021 3069 materia
3048 3015 3169 3070 talis
3196 3014 3543 3087 obligationis
3568 3012 3636 3071 de
3660 3030 3718 3071 se
3740 3023 3827 3072 est
3856 3033 3979 3072 mu-

2378 3099 2551 3155 tabilis
2590 3108 2646 3157 et
2686 3100 2951 3157 variabilis
2974 3142 2988 3170 ,
3036 3108 3093 3158 et
3132 3101 3367 3159 humana
3395 3103 3649 3160 voluntas
3681 3115 3847 3176 saepe
3877 3105 3979 3161 im-

2378 3186 2676 3256 prudenter
2704 3192 2979 3246 consentit
3000 3191 3053 3246 in
3078 3189 3467 3264 obligationem
3488 3191 3749 3264 aliquam,
3774 3200 3833 3249 et
3856 3195 3979 3251 ideo

2378 3277 2604 3332 materia
2632 3277 2719 3334 illa
2756 3284 2886 3350 apta
2913 3286 3032 3335 erat
3058 3278 3126 3335 ad
3153 3286 3479 3352 potestatem
3506 3281 3880 3354 dispensandi.
3912 3287 3983 3341 At

2376 3381 2506 3422 vero
2544 3367 2765 3439 quando
2794 3367 2881 3426 lex
2906 3369 3171 3425 naturalis
3202 3369 3405 3444 obligat
3430 3387 3495 3426 ex
3525 3371 3577 3426 vi
3607 3372 3785 3427 solius
3813 3375 3985 3428 ratio-

2375 3455 2455 3510 nis
2498 3455 2549 3510 in
2592 3457 2817 3513 materia
2855 3457 3251 3529 independente
3290 3475 3322 3514 a
3371 3459 3537 3529 potori
3566 3475 3846 3517 consensu
3876 3460 3982 3516 hu-

2378 3559 2537 3600 mano
2555 3586 2570 3616 ,
2602 3561 2709 3601 non
2740 3545 2918 3602 solum
2947 3562 3069 3604 esse
3098 3562 3205 3602 non
3234 3555 3414 3620 potest
3435 3550 3734 3604 necessitas
3755 3549 3978 3622 dispen-

2376 3635 2597 3690 sationis
2623 3676 2638 3705 ,
2672 3635 2769 3692 sed
2796 3637 2961 3694 etiam
2992 3635 3065 3692 illi
3096 3644 3394 3708 repugnat,
3423 3653 3549 3693 nam
3572 3640 3619 3694 si
3648 3653 3738 3694 res
3762 3639 3833 3695 sit
3852 3655 3985 3712 pro-

2376 3723 2543 3780 hibita
2566 3724 2768 3782 ratione
2791 3725 3049 3796 naturali,
3075 3731 3159 3782 est
3180 3727 3473 3784 intrinsece
3494 3728 3654 3785 mala:
3674 3745 3820 3801 quae
3843 3745 3979 3804 ergo

2374 3819 2556 3884 potest
2594 3829 2715 3870 esse
2752 3815 3046 3871 necessitas
3072 3814 3483 3888 dispensationis
3523 3818 3577 3873 in
3613 3817 3705 3874 tali
3734 3817 3895 3892 lege?
3924 3821 3981 3876 Si

2376 3917 2504 3958 vero
2532 3903 2601 3958 sit
2639 3910 2963 3976 praecepta,
2998 3903 3081 3960 vel
3113 3911 3443 3961 occurrente
3474 3907 3825 3980 necessitate,
3858 3909 3980 3965 talis

2375 3989 2457 4048 lex
2490 4008 2594 4046 non
2626 3992 2911 4065 obligabit,
2936 3999 2992 4048 et
3021 4009 3127 4049 non
3155 3994 3255 4050 erit
3280 3995 3593 4052 necessaria
3615 3994 3976 4069 dispensatim

2375 4081 2455 4138 vel
2500 4081 2541 4137 si
2586 4097 2691 4138 non
2732 4082 2982 4138 obstante
3010 4085 3333 4140 necessitate
3363 4084 3449 4142 lex
3476 4084 3681 4158 obligat
3708 4101 3772 4142 ex
3805 4087 3856 4142 vi
3890 4105 3979 4144 ra-

2372 4170 2555 4242 tionis,
2587 4171 2807 4228 omissio
2836 4171 2979 4248 itlius
3004 4177 3089 4228 est
3116 4173 3408 4230 intrinsece
3439 4173 3582 4230 mala
3622 4175 3675 4229 in
3706 4174 3803 4230 tali
3834 4177 3967 4232 arti-

2372 4259 2533 4332 culo,
2564 4266 2621 4316 et
2647 4259 2764 4316 ideo
2792 4259 2941 4316 nulla
2964 4267 3283 4333 potestesse
3306 4263 3599 4320 necessitas
3624 4264 3975 4334 permittendi

2370 4347 2539 4404 illam.
2574 4349 2641 4405 Et
2668 4349 2745 4404 ita
2774 4355 2998 4405 cessant
3025 4349 3273 4422 reliqua,
3307 4366 3448 4422 quae
3480 4351 3554 4408 ibi
3580 4350 3967 4424 adducuntur,

2371 4452 2513 4510 quae
2541 4437 2739 4494 habere
2770 4445 2996 4509 possent
3020 4437 3255 4512 aliquem
3282 4438 3527 4496 colorem
3556 4456 3657 4513 pro
3684 4443 3809 4496 iure
3836 4442 3969 4499 divi-

2370 4544 2439 4584 no
2469 4529 2697 4600 positivo
2720 4571 2733 4599 ,
2756 4533 2813 4584 et
2833 4530 2887 4583 in
2911 4545 3013 4586 suo
3038 4528 3161 4586 loco
3186 4529 3609 4602 tractabuntur,
3636 4545 3763 4586 nam
3786 4532 3859 4589 ad
3880 4533 3965 4588 ius

2371 4619 2617 4676 naturale
2659 4634 2769 4673 non
2810 4625 2961 4674 recte
3001 4618 3519 4676 accommodantur.
3552 4619 3711 4687 Quod
3751 4621 3967 4678 veroin

2370 4709 2469 4764 tine
2500 4708 2715 4776 additur
2744 4708 2812 4766 de
2839 4708 3315 4780 interpretatione,
3350 4708 3401 4764 in
3432 4724 3557 4779 cap.
3592 4709 3732 4768 xvi.
3768 4715 3977 4768 tracta-

2369 4797 2529 4854 bitur.
