4325 6267
1753 353 1966 422 turm·
1991 357 2194 406 xvm.

321 475 418 532 illo
436 477 866 536 extraordinario
887 478 1050 537 modo
1092 479 1276 538 divino
1304 479 1390 537 vel
1417 478 1665 553 angelico
1688 481 1936 538 notitiam

325 563 464 638 legis
490 587 507 638 3
537 582 666 625 nam
697 569 812 625 sine
839 566 1006 625 dubio
1037 568 1374 642 obligaretur
1401 568 1550 643 lege,
1580 569 1706 643 quia
1742 569 1831 626 lex
1868 567 1934 626 de

321 669 388 710 se
413 657 522 712 iam
558 656 898 714 sufficienter
925 656 1231 731 obligabat,
1262 665 1319 716 et
1348 658 1790 731 impedimentum
1807 663 1937 714 -erat

321 743 687 817 accidentale,
722 745 872 820 quod
899 745 1181 804 sublatum
1209 755 1312 818 θεῖς
1341 755 1398 804 et
1424 748 1552 804 nibil
1580 747 1769 817 refert,
1785 739 1937 820 ‹fuod

321 850 423 907 per
454 835 605 892 hunc
634 837 718 894 vel
755 837 943 908 illum,
977 837 1080 894 hoc
1111 837 1196 894 vel
1224 836 1318 894 illo
1347 836 1507 894 modo
1537 837 1838 895 auferatur.
1863 836 1936 896 Et

319 926 402 980 ita
447 925 785 983 sufficienter
825 941 1154 998 responsum
1197 932 1284 983 est
1321 924 1392 982 ad
1433 925 1836 1000 obiectionem,
1878 933 1936 983 et

321 1013 509 1072 omnia
538 1015 772 1073 clariora
799 1016 930 1074 fient
957 1017 1009 1073 in
1035 1023 1244 1088 puncto
1275 1015 1566 1090 sequenti.·

3396 340 3523 404 225

2005 479 2088 553 di;
2134 496 2265 554 ergo
2307 485 2493 540 statim
2533 480 2755 556 obligat.
2787 482 2977 556 Dices,
3011 481 3193 539 statim
3220 475 3441 555 quidem
3466 483 3608 540 inci-

2004 584 2134 641 pere
2166 570 2436 644 obligare,
2468 588 2577 629 non
2605 578 2783 629 tamen
2806 571 2991 629 statim
3013 571 3257 645 obligare
3280 578 3449 629 totam
3479 588 3607 646 pro-

2004 659 2623 740 vinciamKRespondeo
2665 661 2913 736 negando
2955 662 3432 736 consequentiam,
3476 664 3605 736 quia

2002 747 2192 820 incipit
2223 754 2353 806 tunc
2384 759 2643 824 tanquam
2669 751 3007 808 sufficienter
3030 751 3403 825 promulgata,
3426 759 3483 809 et
3503 768 3606 824 pu-

2001 836 2199 894 blicata
2240 854 2337 911 per
2380 845 2597 912 tempus
2634 839 2768 898 illud
2794 839 3035 898 duorum
3064 843 3367 912 mensium,
3397 848 3454 898 et
3477 841 3603 898 ideo

2001 925 2107 981 iam
2135 931 2314 998 potest
2344 929 2554 997 subito,
2586 934 2640 985 et
2667 929 2719 983 in
2750 924 3056 1001 momento,
3083 937 3146 986 ut
3166 932 3246 986 sic
3270 929 3450 987 dicam
3472 971 3488 1002 ,
3518 937 3603 986 to·

1917 1065 1928 1076 .
2003 1020 2115 1071 tam
2143 1017 2485 1086 provinciam
2513 1017 2781 1089 obligare,
2811 1024 2869 1074 et
2896 1017 3001 1074 hoc
3031 1018 3351 1090 significavit
3378 1019 3468 1075 illa
3495 1020 3608 1075 Au-

1889 1135 1909 1148 „
2001 1103 2239 1160 theutica
2259 1103 2479 1162 dicens:
2506 1107 2647 1163 Post
2668 1109 3141 1163 insinuationem
3162 1105 3480 1180 sufficienti
3497 1108 3609 1165 hoc

847 1191 1125 1301 CAPUT
1171 1161 1406 1264 xvm.

482 1387 572 1442 De
599 1387 890 1461 tempore,
923 1389 992 1442 in
1019 1402 1134 1459 quo
1162 1384 1263 1443 lex
1289 1388 1500 1462 incipit
1525 1383 1790 1460 obliqare

793 1474 1119 1534 secundum
1145 1478 1240 1534 ins
1270 1475 1462 1534 civile.

901 1653 1361 1719 summarium

323 1841 376 1890 1.
405 1837 616 1901 Quando
649 1841 732 1892 lex
766 1841 998 1903 obligare
1024 1841 1236 1905 incipiat
1267 1839 1550 1892 secundum
1573 1841 1654 1892 ius
1671 1839 1842 1891 civile.
1865 1865 1935 1876 —

391 1907 446 1959 2.
472 1909 729 1962 Probatur
753 1909 977 1962 secunda
1001 1923 1121 1974 pars
1143 1910 1650 1974 conclusionis—3.
1677 1911 1932 1961 Probatur

395 1979 552 2028 tertia
575 1992 716 2044 pars.
738 2007 809 2018 —
826 1981 881 2032 4.
909 1979 1264 2044 Respondetur
1289 1981 1352 2030 ad
1376 1980 1706 2030 fundamenta
1730 1985 1935 2030 contra·

392 2047 500 2098 riae
535 2051 845 2101 sententiae.
868 2071 936 2091 -ψ-
956 2049 1007 2099 5.
1035 2049 1164 2111 Quid
1188 2049 1460 2101 dicendum
1484 2049 1548 2100 de
1573 2050 1785 2114 regibus
1800 2084 1816 2110 ,
1841 2048 1933 2112 qui

391 2129 492 2168 non
543 2125 920 2183 recognoscunt
965 2120 1284 2183 superiorem
1332 2119 1385 2169 in
1435 2120 1826 2183 temporalibus.
1863 2145 1934 2156 —

391 2187 444 2236 6.
484 2187 649 2251 Leges
686 2190 820 2239 latae
857 2189 922 2238 ab
966 2187 1299 2240 inferioribus
1334 2189 1724 2252 magistratibus
1759 2189 1934 2238 statim

389 2257 652 2320 obligant,
679 2259 724 2308 si
749 2259 900 2308 aliam
925 2256 1404 2308 determinationem
1429 2270 1528 2308 non
1554 2258 1932 2322 exprimant.—

390 2321 442 2376 7.
468 2329 548 2376 An
573 2328 656 2377 lex
681 2327 877 2391 obliget
897 2329 1208 2391 ignorantes.
1225 2327 1358 2378 -8.
1380 2327 1658 2378 Concordia
1676 2327 1934 2378 dictarum

395 2395 790 2459 opinionum.—
808 2397 912 2446 Lex
948 2397 1145 2460 obligat
1170 2398 1465 2460 ignorantes
1491 2397 1657 2462 quoad
1682 2397 1934 2449 sufficien-

377 2465 546 2530 tiam,
571 2479 675 2518 non
697 2466 866 2531 quoad
891 2465 1232 2518 efficientiam.

300 2609 306 2614 ’
413 2626 463 2682 1.
511 2625 776 2697 Superest
811 2639 980 2698 ergo,
1024 2631 1090 2683 ut
1128 2624 1430 2698 dicamus..
1459 2623 1678 2699 quando
1719 2625 1936 2697 incipiat

322 2709 567 2785 obligare
599 2714 681 2770 lex
711 2713 886 2770 civilis
907 2713 1213 2771 secundum
1235 2717 1320 2772 ius
1343 2714 1521 2773 civile.
1546 2713 1772 2783 Quidam
1792 2715 1932 2770 enim

319 2800 568 2858 moderni
603 2802 824 2876 dicunt,
857 2804 1042 2861 statim
1070 2819 1102 2860 a
1139 2803 1512 2877 publicatione
1541 2805 1814 2877 obligare,
1845 2819 1932 2859 so-

319 2888 550 2964 lumque
595 2893 874 2966 excipiunt
915 2892 1060 2967 leges
1103 2896 1436 2965 pertinentes
1477 2894 1549 2952 ad
1581 2879 1927 2950 testamenta.

318 2981 480 3037 Ratio
522 2988 610 3038 est
631 3024 646 3054 ,
677 2983 808 3055 quia
843 2979 967 3039 illae
995 2983 1142 3040 solae
1171 2991 1430 3056 exceptae
1457 2983 1666 3040 suntin
1690 2982 1932 3040 Anthen-

319 3072 431 3128 tica
469 3074 548 3130 Ut
571 3087 760 3129 novae
780 3075 1223 3130 constitutiones
1240 3117 1256 3141 ,
1284 3073 1570 3130 collatione
1601 3077 1687 3131 15.
1713 3073 1789 3129 De
1811 3087 1932 3128 cae·

318 3162 454 3218 teris
492 3168 676 3218 autem
703 3162 834 3220 nibil
861 3162 1098 3235 disponit
1124 3163 1212 3219 ius
1239 3163 1428 3235 civile,
1453 3170 1512 3220 et
1535 3162 1658 3218 ideo
1681 3161 1935 3220 succedit

320 3250 410 3308 lex
441 3257 696 3309 naturae.
726 3251 1088 3309 Nihilominus
1116 3251 1410 3309 dicendum
1439 3257 1524 3308 est
1549 3252 1755 3323 primo:
1783 3249 1927 3324 leges

319 3342 717 3413 imperatorum
750 3358 858 3398 non
884 3341 1152 3414 incipiunt
1178 3340 1415 3415 obligare
1447 3341 1590 3398 intra
1614 3341 1757 3397 duos
1780 3355 1929 3396 men-

321 3445 415 3486 ses
453 3447 485 3487 a
525 3430 893 3504 publicatione
921 3430 1068 3488 sacta
1095 3433 1148 3487 in
1177 3446 1505 3504 unaquaque
1532 3431 1842 3503 provincia,
1873 3435 1931 3486 et

319 3525 450 3591 post
481 3519 624 3576 duos
653 3535 868 3577 menses
898 3519 1082 3577 statim
1111 3518 1350 3593 obligant
1375 3525 1543 3577 totam
1566 3519 1926 3592 provinciam,

319 3608 428 3665 nisi
471 3607 618 3666 aliud
658 3609 711 3667 in
747 3610 864 3681 ipsa
904 3609 1022 3682 lege
1049 3625 1370 3682 expressum
1399 3611 1490 3665 sit.
1523 3609 1667 3664 Hace
1697 3609 1926 3664 assertio

317 3705 411 3758 est
429 3700 741 3758 communis
769 3699 1065 3757 doctorum
1092 3699 1380 3773 utriusque
1402 3699 1556 3769 iuris,
1580 3702 1747 3770 atque
1765 3695 1926 3752 etiam

319 3788 740 3863 theologorum,
785 3803 924 3862 quos
966 3789 1019 3845 in
1063 3777 1168 3846 hoc
1208 3787 1344 3845 etin
1373 3785 1718 3860 praecedenti
1745 3787 1926 3858 capite

318 3876 509 3935 retuli.
543 3879 618 3936 Et
654 3877 1070 3935 fundamentum
1109 3875 1316 3949 primae
1355 3876 1526 3948 partis
1550 3880 1665 3948 est,
1695 3877 1827 3948 quia
1853 3875 1925 3931 ita

319 3967 586 4023 statuitur
615 3965 668 4023 in
695 3965 788 4023 illa
813 3965 1170 4038 Autbentica,
1201 3965 1364 4023 cuius
1394 3963 1672 4037 dispositio
1697 3978 1926 4038 genera·

317 4055 388 4112 lis
415 4059 500 4110 est
525 4053 706 4127 quoad
745 4069 933 4112 omnes
960 4053 1108 4127 leges
1137 4053 1320 4110 civiles
1344 4055 1760 4126 imperatorum,
1783 4059 1849 4109 ut
1868 4054 1923 4109 in

314 4145 500 4216 capite
536 4142 887 4215 praecedenti
913 4142 1204 4202 fundatum
1225 4149 1338 4216 est3
1364 4143 1450 4199 ille
1471 4143 1614 4200 enim
1636 4142 1923 4200 discursus

312 4231 406 4292 bic
435 4238 523 4290 est
558 4231 933 4308 applicandus.
960 4233 1030 4290 Et
1055 4232 1200 4305 apud
1227 4249 1314 4290 me
1342 4231 1924 4289 multumconiirmant

312 4321 458 4380 hanc
509 4329 720 4395 partem
759 4322 926 4381 verba
963 4323 1054 4380 Pii·
1078 4322 1166 4380 IV.
1200 4323 1254 4378 in
1279 4320 1430 4378 bulla
1457 4336 1557 4394 pro
1585 4320 1799 4378 concilii
1828 4321 1923 4378 tri-

313 4410 524 4470 dentini
553 4412 1022 4486 promulgatione,
1061 4411 1155 4469 ubi
1191 4412 1329 4469 inter
1356 4411 1491 4468 alias
1519 4410 1753 4468 rationes
1782 4409 1922 4468 desi·

316 4500 521 4575 gnandi
560 4493 780 4559 certum
809 4508 1025 4572 tempus
1052 4516 1154 4575 pro
1182 4499 1401 4560 concilii
1429 4500 1754 4572 obligatione
1782 4499 1923 4558 hanc

316 4592 497 4662 ponit:
549 4594 630 4648 Et
668 4593 802 4647 iure
841 4593 1027 4648 etiam
1053 4591 1349 4647 communi
1377 4590 1679 4646 sancit-um
1707 4593 1824 4656 est,
1857 4593 1926 4645 ut

319 4681 765 4736 constitutiones
789 4694 978 4736 novae
998 4681 1115 4736 vim
1129 4693 1246 4736 non
1260 4681 1378 4734 nisi
1389 4682 1526 4753 post
1538 4682 1765 4734 certum
1785 4681 1925 4733 tem·

309 4761 433 4844 pus
463 4768 786 4826 obtineant.
811 4768 911 4827 Ubi
935 4767 1080 4825 clare
1109 4764 1336 4824 attendit
1355 4766 1424 4824 ad
1450 4764 1656 4823 dictam
1682 4764 1924 4823 Anthen-

321 4860 487 4916 ticam
512 4901 526 4930 ,
556 4859 688 4932 quia
726 4860 783 4915 in
823 4858 943 4915 iure
973 4856 1113 4914 civili
1141 4873 1252 4915 non
1277 4861 1364 4914 est
1388 4855 1494 4913 alia
1522 4855 1640 4930 lex,
1671 4871 1812 4930 quae
1837 4856 1925 4912 ius

320 4962 617 5007 commune
643 4947 790 5004 circa
821 4945 926 5003 boc
955 4949 1178 5002 statuat.

400 5041 459 5098 ,2.
485 5037 739 5095 Secunda
760 5051 892 5094 vero
913 5050 1039 5107 pars
1059 5040 1303 5107 constat,
1329 5033 1454 5108 quia
1475 5034 1769 5092 transactis
1789 5032 1928 5092 duo-

321 5127 430 5185 bus
461 5127 744 5186 mensibus
771 5127 858 5184 lex
885 5141 994 5182 non
1021 5124 1348 5198 impeditur,
1370 5121 1468 5182 sed
1497 5123 1678 5197 potius
1708 5123 1928 5181 iuvatur

318 5217 446 5275 iure
475 5216 782 5290 communi3
815 5215 932 5289 ipsa
958 5221 1143 5273 autem
1169 5213 1238 5272 de
1264 5229 1324 5273 se
1349 5213 1512 5274 habet
1546 5213 1658 5274 vim
1686 5211 1927 5287 obligan-

493 5330 668 5378 Sumz
681 5363 695 5386 .
715 5329 776 5378 De
790 5327 973 5386 Leuibus
987 5345 1045 5364 ·-
1058 5327 1164 5372 Pars
1183 5326 1217 5373 l.

1999 1195 2259 1267 tempore
2301 1195 2573 1252 omnibus
2614 1193 2999 1266 ntanffestam
3048 1211 3185 1253 eam
3230 1200 3601 1254 constituere.

1997 1281 2099 1339 Est
2136 1283 2279 1339 enim
2323 1283 2782 1342 considerandum
2801 1328 2816 1355 ,
2848 1283 3025 1358 legem
3055 1284 3202 1341 illam
3231 1285 3445 1343 civilem
3473 1301 3606 1357 sup-

1999 1385 2202 1442 ponere
2231 1371 2647 1431 insinuationem
2676 1373 2954 1446 publicam
2984 1373 3035 1429 in
3060 1372 3289 1447 singulis
3312 1374 3605 1446 provinciis

1998 1460 2320 1518 faciendam.
2365 1463 2433 1519 Et
2473 1464 2601 1536 quia
2642 1461 2794 1520 nulla
2834 1465 3132 1536 provincia.
3156 1463 3328 1520 civilis
3368 1470 3456 1520 est
3492 1470 3607 1520 tam

1999 1547 2136 1622 lata,
2181 1552 2311 1624 quin
2354 1552 2612 1609 bimestre
2643 1561 2861 1625 tempus
2891 1552 3135 1611 sufficiat
3162 1553 3227 1610 ad
3256 1552 3605 1610 deserendam

2000 1653 2100 1711 per
2119 1645 2289 1697 totam
2313 1641 2455 1698 illam
2481 1641 3198 1714 promulgationem-factam
3221 1643 3275 1697 in
3294 1641 3601 1715 Metropoli,

2000 1728 2122 1785 ideo
2163 1737 2345 1802 potest
2384 1733 2585 1803 optime
2627 1731 2712 1788 lex
2748 1731 2921 1788 civilis
2950 1732 3136 1788 statim
3164 1731 3405 1804 obligare
3435 1736 3608 1788 totam

2000 1819 2357 1890 provinciam,
2401 1819 2600 1892 elapsis
2639 1820 2856 1878 duobus
2896 1821 3197 1878 mensibus.
3238 1822 3310 1878 Et
3356 1821 3459 1877 hoc
3500 1827 3606 1894 est,

2003 1905 2153 1979 quod
2194 1908 2475 1972 Navarrus
2515 1909 2679 1981 dixit,
2711 1908 2843 1966 illud
2872 1918 3089 1982 tempus
3117 1909 3458 1982 designatum
3487 1925 3608 1967 esse

2002 2011 2111 2052 non
2139 1997 2320 2054 solum
2351 2005 2575 2071 propter
2598 1998 2891 2056 tollendam
2913 2001 3301 2073 ignorantiam,
3328 1999 3421 2057 sed
3443 2001 3607 2058 etiam

2001 2090 2068 2141 ut
2093 2084 2179 2143 lex
2208 2087 2370 2145 simul
2399 2089 2619 2160 incipiat
2647 2104 2834 2146 omnes
2860 2089 3121 2162 obligare.
3147 2091 3502 2150 Nihilominus
3524 2088 3621 2146 ta·'

2003 2189 2128 2231 men
2170 2176 2264 2233 ubi
2302 2193 2408 2234 non
2438 2185 2585 2234 esset
2612 2181 2919 2236 necessaria
2946 2183 3171 2252 propria
3195 2187 3252 2238 et
3278 2182 3499 2254 publica
3527 2179 3608 2238 in-

2003 2266 2245 2322 sinuatio
2281 2268 2336 2323 in
2376 2267 2604 2340 singulis
2643 2269 2934 2341 provinciis
2957 2313 2971 2341 ,
3002 2277 3059 2326 et
3086 2270 3270 2344 aliqua
3296 2287 3424 2344 pars
3452 2269 3607 2343 regni

2001 2362 2150 2412 esset
2178 2361 2286 2412 tarn
2316 2356 2559 2428 distans,
2592 2363 2655 2414 ut
2682 2364 2900 2430 tempus
2928 2357 3166 2416 duorum
3198 2360 3467 2417 mensium
3494 2375 3603 2416 non

2002 2444 2287 2502 sufficeret
2326 2445 2392 2503 ad
2438 2447 2687 2504 notitiam
2726 2447 2858 2520 legis
2888 2448 3017 2506 illuc
3044 2448 3421 2513 deserendam,
3453 2451 3605 2506 sicut

2001 2539 2089 2591 est
2105 2550 2252 2593 nunc
2278 2537 2561 2593 mexicana
2584 2538 2771 2594 civitas
2786 2545 3043 2610 respectu
3058 2540 3275 2610 matriti,
3292 2546 3424 2596 tunc
3444 2540 3607 2596 etiam

2005 2629 2133 2694 post
2153 2624 2376 2696 elapsos
2394 2625 2533 2682 duos
2564 2641 2807 2699 menses,
2834 2643 2942 2684 non
2963 2626 3225 2701 obligaret
3252 2628 3337 2686 lex
3357 2628 3602 2685 homines

2001 2713 2234 2784 regionis
2260 2713 2433 2783 illius,
2465 2715 2561 2772 sed
2590 2715 2856 2773 servanda
2884 2723 3031 2774 esset
3058 2717 3247 2790 regula
3276 2716 3411 2790 legis
3441 2725 3602 2775 natu-

2001 2815 2096 2858 rae
2124 2817 2293 2875 supra
2319 2802 2625 2877 declarata,
2658 2807 2786 2878 quia
2812 2805 2949 2862 alius
2980 2797 3177 2864 modus
3204 2807 3423 2865 excedit
3448 2813 3602 2882 pote·

2001 2898 2203 2949 statem
2230 2891 2555 2966 humanam,
2588 2902 2651 2952 ut
2680 2893 2892 2952 dictum
2918 2905 3023 2952 est.

2081 2985 2134 3039 3.
2166 2982 2346 3039 Tertia
2378 2998 2505 3054 pars
2528 2985 2846 3040 assertionis
2870 3025 2885 3057 ,
2909 3000 3051 3058 quae
3072 2985 3446 3057 exceptionem
3466 3001 3601 3044 con-

2000 3070 2169 3142 tinet,
2192 3072 2475 3130 manifesta
2495 3075 2611 3146 est,
2632 3072 2931 3130 dummodo
2952 3074 3018 3132 de
3040 3075 3251 3147 eodem,
3279 3076 3362 3133 vel
3387 3076 3603 3150 aequali

1999 3157 2307 3232 legislatore
2348 3161 2698 3234 intelligatur.
2740 3163 2875 3220 Nam
2915 3163 2960 3220 si
2998 3165 3069 3219 sit
3091 3165 3342 3236 inferior,
3372 3165 3461 3221 ille
3487 3180 3601 3222 non

1998 3251 2197 3322 poterit
2224 3250 2513 3307 immutare
2540 3267 2837 3309 commune
2866 3253 2973 3325 ius,
3004 3253 3210 3310 etiamsi
3238 3269 3302 3311 cx
3332 3260 3598 3327 potestate

1999 3338 2098 3395 sibi
2137 3340 2433 3395 commissa
2473 3338 2649 3413 legem
2690 3339 2831 3396 serre
2872 3348 3091 3415 posset,
3122 3359 3245 3399 nam
3279 3344 3597 3418 intelligitur

1997 3425 2124 3483 data
2145 3425 2451 3485 secundum
2482 3427 2565 3484 ius
2593 3443 2917 3499 commune,
2940 3431 3040 3486 nisi
3063 3431 3207 3488 aliud
3228 3433 3590 3504 exprimatur.

1995 3515 2118 3587 lpse
2157 3531 2289 3572 vero
2329 3516 2581 3589 princeps
2624 3533 2918 3590 supremus
2946 3525 3121 3590 potest
3148 3518 3414 3594 derogare
3442 3503 3596 3581 com·-

1996 3605 2147 3672 muni
2177 3604 2280 3662 iuri
2307 3605 2565 3680 positivo,
2588 3612 2643 3663 et
2658 3605 2783 3663 ideo
2808 3607 2851 3663 si
2876 3607 2999 3664 velit
3019 3608 3257 3683 obligare
3278 3626 3373 3682 per
3396 3609 3595 3685 legem,

1972 3685 2123 3750 'ante
2165 3692 2306 3750 duos
2348 3709 2564 3750 menses
2591 3700 2803 3768 potest,
2834 3697 2983 3752 sicut
3008 3698 3171 3754 etiam
3198 3706 3378 3769 potest
3406 3699 3598 3756 maiori

1995 3789 2240 3855 tempore
2276 3783 2657 3856 obligationem
2684 3783 2929 3842 differre:
2960 3793 3180 3860 oportet
3206 3794 3422 3863 autem,
3451 3795 3515 3846 ut
3544 3783 3600 3846 t‘n

1993 3887 2094 3929 sua
2133 3871 2253 3944 lege
2294 3872 2346 3930 id
2385 3875 2517 3930 satis
2556 3871 2817 3932 declaret.
2860 3874 3014 3934 Unde
3055 3876 3228 3934 obiter
3254 3877 3596 3952 intelligitur,

1993 3976 2162 4034 quam
2188 3960 2297 4018 vim
2324 3963 2498 4034 possit
2523 3961 2725 4020 babere
2752 3963 2804 4018 in
2826 3961 2944 4037 lege
2966 3965 3306 4037 imperatoris
3328 3964 3603 4040 particula

1991 4065 2069 4107 ex
2096 4052 2236 4108 tunc
2263 4050 2351 4107 vel
2377 4053 2612 4118 statim,
2649 4051 2695 4107 si
2722 4050 2866 4110 dicat
2890 4053 2943 4109 in
2971 4053 3121 4128 lege,
3154 4061 3217 4112 ut
3242 4054 3388 4113 iacta
3417 4055 3595 4128 publi-

1993 4139 2239 4211 catione,
2260 4153 2329 4197 ex
2355 4145 2491 4196 tunc
2518 4139 2604 4196 vel
2634 4139 2814 4197 statim
2844 4141 3060 4215 obliget.
3086 4144 3277 4200 Posset
3300 4145 3443 4202 enim
3471 4145 3597 4219 quis

1994 4227 2183 4285 similia
2207 4228 2377 4285 verba
2401 4227 2702 4307 referre'ad
2724 4233 2940 4302 tempus
2964 4237 3090 4302 post
3111 4233 3451 4304 completum
3472 4250 3599 4307 spa-

1991 4317 2130 4376 tium
2156 4315 2395 4375 duorum
2424 4319 2722 4394 mensium,
2748 4322 2877 4393 quia
2902 4324 2987 4376 est
3012 4320 3359 4380 favorabilior
3380 4325 3597 4396 exposi-

1991 4407 2096 4478 tio,
2121 4413 2177 4464 et
2201 4413 2289 4464 est
2316 4421 2561 4474 consona
2589 4409 2693 4467 iuri
2718 4411 3029 4481 communi,
3061 4412 3340 4484 evitatque
3360 4410 3593 4486 deroga-

1993 4495 2198 4554 tionem
2223 4495 2391 4552 illius.
2422 4495 2782 4554 Nihilominus
2810 4503 2991 4555 tamen
3020 4499 3355 4572 probabilius
3382 4507 3489 4574 est,
3519 4502 3595 4559 le-

1993 4600 2091 4658 ges
2131 4585 2210 4642 sic
2253 4584 2538 4658 loquentes
2564 4585 2831 4660 derogare
2858 4588 2962 4645 iuri
2992 4590 3300 4662 communi,
3329 4596 3385 4647 et
3412 4591 3596 4650 statim

1995 4673 2263 4746 obligare,
2308 4679 2370 4730 ut
2406 4673 2576 4730 verba
2615 4681 2843 4746 sonant,
2888 4676 3019 4748 quia
3058 4676 3125 4734 ad
3154 4677 3261 4736 boc
3289 4686 3593 4755 ponuntur,

1996 4762 2125 4821 alias
2141 4763 2429 4836 ‘superflua
2450 4768 2599 4835 sunt,
2623 4772 2679 4821 et
2698 4765 2909 4822 nullum
2937 4765 3139 4824 babent
3158 4767 3440 4841 effectum,
3464 4771 3598 4843 quia
3688 4775 3692 4780 '

1995 4853 2110 4908 sine
2133 4851 2229 4909 illis
2254 4852 2341 4909 lex
2362 4851 2629 4926 obligaret
2650 4862 2779 4926 post
2796 4852 2934 4911 duos
2956 4871 3172 4913 menses
3195 4858 3379 4915 statim
3400 4865 3459 4915 et
3478 4857 3595 4914 sine

1995 4955 2175 4997 mora.
2208 4939 2365 5008 Quod
2405 4946 2526 5008 erat
2551 4946 2662 4998 tam
2690 4943 3055 5012 manifestum,
3088 4953 3151 5004 ut
3177 4947 3383 5004 non'sit
3410 4949 3601 5005 verisi-

1995 5030 2156 5101 mile,
2202 5029 2325 5086 addi
2364 5029 2484 5088 illas
2524 5031 2822 5103 particulas
2864 5041 3087 5107 propter
3126 5036 3297 5093 solam
3329 5037 3597 5095 maiorem

1997 5118 2454 5188 declarationem,
2478 5125 2537 5177 et
2564 5119 2681 5179 ideo
2710 5121 2929 5195 quando
2958 5123 3259 5198 adduntur,
3284 5128 3398 5184 sine
3428 5126 3596 5183 dubio

1993 5209 2050 5268 id
2075 5210 2134 5268 tit
2159 5207 2229 5267 ad
2256 5207 2641 5269 celebrandam
2666 5208 3071 5287 obligationem.
3101 5209 3329 5282 Quando
3360 5229 3489 5274 vero
3511 5214 3601 5277 lex
3702 5235 3729 5258 s
