4325 6267
838 336 963 405 292

754 485 919 543 etiam
946 478 1419 555 philosophorum.
1462 480 1695 552 Propter
1734 492 1902 554 quam
1942 492 2172 537 causam
2207 475 2342 535 dixit

756 574 961 648 optime
986 571 1154 629 Arist.
1187 576 1241 628 3.
1272 568 1449 628 Polie.
1480 586 1536 627 c.
1572 572 1625 629 7.
1656 570 1808 627 circa
1832 570 2018 639 tinem,
2048 567 2226 642 legem
2246 566 2342 623 de-

756 664 886 723 bere
910 664 962 720 in
993 660 1275 735 republica
1300 658 1587 717 dominari.
1618 660 1783 733 Nam,
1814 666 1877 717 ut
1901 659 1975 716 ibi
1996 664 2147 715 recte
2169 656 2340 729 expli-

756 760 859 813 cat·
887 751 948 825 d,
986 750 1250 823 Thomas,
1278 750 1412 807 dum
1450 765 1559 807 non
1602 750 1852 806 occurrit
1888 747 2172 806 sufficiens
2202 747 2340 803 ratio

758 841 1061 916 excipiendi
1086 838 1287 917 aliquid
1316 856 1348 897 a
1373 838 1490 913 lege
1508 882 1522 910 ,
1552 838 1717 897 etiam
1756 839 1872 912 ipse
1900 840 2153 912 princeps
2181 836 2345 895 debet

751 934 827 993 illi
850 933 1074 1005 subiici,
1112 939 1167 990 et
1220 929 1526 989 secundum
1566 930 1715 987 illam
1758 930 1933 1004 legem
1972 928 2060 985 vel
2100 929 2340 1002 operari,

758 1026 846 1083 vel
871 1024 1147 1093 iudicare..
1178 1022 1305 1097 quia
1332 1022 1465 1079 alias
1490 1020 1695 1079 inutilis
1723 1019 1968 1078 redditur
1995 1016 2081 1077 lex
2101 1062 2115 1091 ,
2144 1025 2201 1076 et
2227 1033 2344 1075 res·

758 1116 979 1189 publica
1006 1112 1387 1189 perturbatur.

848 1210 935 1266 11.
967 1206 1045 1263 Ex
1075 1203 1277 1279 quibus
1304 1201 1651 1276 intelligitur,
1680 1198 1960 1275 quomodo
1990 1198 2344 1272 accipiendae

756 1302 890 1354 sunt
907 1296 1143 1353 rationes
1162 1292 1520 1364 extrinsecae,
1534 1306 1675 1365 quae
1695 1290 1763 1347 ad
1783 1288 2176 1373 ostendendam
2201 1288 2343 1347 hanc

756 1388 1045 1444 veritatem
1075 1382 1381 1441 afferuntur
1400 1425 1414 1453 ,
1454 1381 1695 1453 scilicet,
1723 1380 1996 1451 scandali,
2026 1378 2346 1436 deformita-

754 1478 823 1535 tis
852 1490 1091 1549 mortun,
1119 1480 1232 1531 etc.
1258 1474 1401 1530 Sunt
1419 1470 1563 1529 enim
1588 1473 1817 1543 optimae
1839 1469 1905 1527 ad
1926 1467 2343 1542 declarandum,

755 1566 1029 1642 quomodo
1067 1564 1333 1639 pertineat
1359 1562 1425 1619 ad
1462 1577 1757 1620 commune
1796 1561 2003 1618 bonum
2026 1601 2041 1632 ,
2092 1566 2153 1618 ut
2191 1566 2346 1631 pote-

758 1666 877 1716 stas
916 1657 1175 1730 principis
1215 1656 1283 1712 sit
1322 1653 1544 1711 limitata
1584 1653 1747 1709 modo
1788 1667 1955 1725 supra
1988 1648 2157 1707 dicto.
2193 1650 2350 1707 Sicut

756 1750 899 1806 enim
934 1749 993 1805 in
1019 1743 1395 1818 superioribus
1424 1740 1712 1801 tractando
1739 1742 1805 1800 de
1832 1741 2154 1817 obligatione
2182 1740 2345 1797 adve-

753 1853 951 1895 narum
999 1833 1069 1892 ad
1114 1832 1409 1892 servandas
1458 1832 1604 1907 leges
1652 1832 1959 1906 territorii,
2004 1831 2344 1905 dicebamus,

756 1926 1075 1987 scandalum
1112 1940 1232 1983 esse
1260 1926 1627 1981 extrinsecum
1664 1925 1934 1981 motivum
1958 1964 1975 1994 ,
2014 1938 2124 1979 non
2162 1922 2345 1994 proxi-

755 2034 933 2091 mam,
975 2023 1034 2073 et
1070 2016 1423 2073 intrinsecam
1463 2015 1729 2070 rationem
1769 2013 2130 2087 obligationis.
2175 2014 2250 2071 lta
2293 2012 2348 2067 in

756 2108 1029 2183 praesenti
1068 2105 1322 2180 obligatio
1348 2121 1460 2161 non
1488 2103 1664 2162 oritur
1693 2102 1933 2176 proxime
1958 2118 2025 2160 ex
2045 2102 2155 2159 illis
2185 2100 2349 2158 ratio-

754 2201 916 2259 nibus
951 2198 1271 2257 extrinsecis
1290 2239 1304 2268 ,
1336 2194 1432 2253 sed
1458 2210 1524 2253 ex
1553 2196 1669 2269 ipsa
1698 2196 1843 2269 lege:
1875 2193 1996 2251 illae
2025 2205 2153 2251 vero
2181 2194 2350 2250 ratio-

757 2304 855 2347 nes
886 2289 1123 2347 indicant
1146 2287 1527 2345 necessitatem
1564 2283 1931 2343 constituendi
1959 2286 2133 2358 legem
2160 2285 2235 2341 ita
2262 2299 2350 2340 re-

757 2380 1009 2456 gularem
1034 2386 1092 2437 et
1114 2377 1474 2449 inflexibilem,
1506 2382 1567 2434 ut
1591 2377 1671 2434 sic
1698 2376 1899 2447 dicam,
1930 2382 1993 2434 ut
2018 2381 2196 2433 totum
2221 2390 2348 2431 cor·

759 2490 867 2546 pus
898 2488 1029 2529 cum
1055 2471 1235 2544 capite
1262 2468 1481 2542 obliget.
1515 2469 1585 2525 Et
1624 2466 1729 2524 hoc
1767 2464 1923 2539 plane
1964 2468 2134 2525 sensit
2174 2467 2346 2524 Caiet.

758 2579 889 2621 cum
920 2562 1079 2630 dixit,
1118 2559 1257 2618 banc
1298 2559 1677 2633 obligationem
1720 2558 1973 2631 principis
2010 2564 2066 2615 et
2105 2557 2348 2615 subdito-

758 2668 885 2711 rum
922 2652 1079 2725 sequi
1104 2666 1170 2708 ex
1196 2650 1477 2723 principiis
1505 2648 1639 2723 legis
1668 2646 1929 2710 naturalis
1956 2689 1972 2721 ,
2010 2647 2240 2704 diversis
2271 2653 2353 2704 ta-

760 2760 905 2801 men.
935 2744 1071 2799 Nam
1092 2743 1144 2799 in
1168 2739 1388 2799 subdito
1412 2740 1662 2813 sequitur
1685 2754 1753 2796 ex
1772 2738 1863 2795 illo
1885 2738 2174 2811 principio:
2205 2737 2352 2796 Obe-

762 2831 1043 2891 diendum
1083 2836 1171 2888 est
1210 2833 1543 2906 superiori,
1591 2830 1645 2885 in
1686 2828 1927 2900 principe
1966 2843 2098 2885 vero
2134 2842 2202 2884 ex
2233 2826 2346 2885 illo:

763 2929 981 2984 Patere
1006 2922 1223 2997 leqem,
1262 2936 1445 2995 quam
1470 2922 1596 2995 ipse
1624 2916 1830 2975 tuleris
1847 2937 1868 2986 ;
1902 2924 2081 2975 tamen
2124 2918 2275 2973 sicut
2299 2917 2353 2973 in

764 3015 985 3073 subdito
1014 3012 1276 3085 obligatio
1304 3010 1483 3067 solum
1512 3008 1823 3068 radicaliter
1850 3009 2099 3082 sequitur
2120 3024 2188 3089 ex
2207 3007 2355 3066 dicto

764 3106 1052 3180 principi03
1083 3102 1327 3176 proxime
1356 3110 1485 3158 vero
1512 3115 1577 3157 ex
1607 3099 1745 3174 lege,
1774 3100 1849 3157 ita
1876 3098 2355 3173 proportionaliter

766 3199 818 3253 in
853 3195 1095 3269 principe
1120 3189 1528 3264 intelligendum
1556 3196 1659 3247 est.

844 3292 931 3347 12.
963 3286 1045 3343 Ex
1090 3299 1203 3357 quo
1241 3284 1407 3340 etiam
1444 3288 1699 3353 constat,
1732 3296 1801 3338 an
1842 3279 1977 3339 baec
2020 3280 2275 3355 obligatio
2301 3282 2357 3338 in

763 3378 1011 3453 principe
1041 3373 1272 3433 dicenda
1291 3372 1365 3430 sit
1388 3370 1673 3444 naturalis,
1698 3370 1784 3429 vel
1806 3372 2035 3443 positiva
2056 3369 2256 3445 diviua,
2273 3371 2356 3428 vel

764 3470 1022 3539 humana,
1056 3464 1299 3523 estenim
1326 3462 1591 3521 naturalis
1622 3463 1675 3519 in
1702 3460 1917 3532 radice,
1948 3464 2076 3535 quia
2104 3462 2358 3535 sequitur

764 3577 832 3619 ex
862 3562 978 3632 ipsa
1010 3557 1221 3613 ratione
1249 3553 1503 3625 naturali,
1526 3550 1803 3625 quomodo
1823 3550 1957 3609 dixit
1976 3550 2130 3609 Bald.
2154 3552 2208 3609 in
2229 3551 2266 3608 l.
2295 3557 2353 3625 2,

765 3652 828 3709 C.
857 3650 925 3707 de
968 3648 1153 3704 servit.
1202 3660 1354 3701 num.
1402 3648 1471 3703 40
1494 3686 1510 3715 ,
1542 3643 1845 3715 principem
1884 3641 2108 3715 obligari
2143 3642 2210 3698 ad
2239 3658 2357 3699 ser-

762 3738 995 3797 vandam
1018 3750 1176 3793 suam
1197 3734 1371 3809 legem
1382 3750 1450 3791 ex
1467 3732 1725 3789 discursu
1746 3732 1989 3790 rationis.
2013 3732 2172 3801 Quod
2193 3734 2356 3790 etiam

764 3829 932 3888 habet
962 3828 1163 3887 Decius
1189 3826 1239 3881 in
1264 3840 1387 3896 cap.
1427 3827 1473 3881 1.
1501 3823 1567 3880 de
1586 3826 1807 3881 constit.
1837 3823 1965 3881 lect.
2000 3828 2050 3896 1,
2074 3840 2228 3881 num.
2261 3830 2352 3882 15.

767 3922 1014 3980 Proxime
1046 3932 1181 3973 vero
1206 3922 1265 3973 et
1290 3914 1585 3971 formaliter
1610 3913 1703 3970 illa
1740 3913 1998 3987 obligatio
2036 3919 2121 3971 est
2160 3916 2349 3985 positi·

767 4029 865 4081 va,
898 4012 1031 4085 quia
1054 4022 1121 4065 ex
1150 4006 1268 4080 lege
1296 4004 1519 4077 positiva
1554 4005 1804 4061 nascitur
1830 4046 1844 4075 ,
1884 4010 1949 4062 ut
1986 4003 2198 4061 dictum
2239 4011 2346 4077 est,

766 4109 825 4161 et
854 4101 1047 4159 eodem
1090 4096 1252 4156 modo
1292 4095 1398 4153 dici
1436 4101 1618 4167 potest
1644 4095 1902 4169 obligatio
1930 4094 2166 4152 bumana
2193 4097 2354 4153 abso-

767 4194 911 4263 lute,
956 4190 1088 4248 licet
1124 4188 1234 4245 dici
1273 4186 1448 4260 possit
1485 4183 1669 4242 divina
1708 4200 1775 4242 ex
1816 4184 2145 4261 hypothesi,
2192 4184 2244 4241 id
2271 4192 2358 4243 est

768 4280 1078 4356 supposito,
1115 4276 1261 4351 quod
1291 4276 1377 4332 lex
1403 4274 1640 4347 feratur,
1668 4283 1725 4333 et
1752 4275 1821 4333 ob
1860 4275 2006 4332 illam
2036 4290 2266 4332 causam
2293 4278 2351 4332 in

767 4390 836 4431 ea
868 4379 1049 4447 potest
1073 4384 1171 4443 per
1198 4367 1470 4424 hominem
1507 4364 1845 4439 dispensari,
1890 4368 2057 4423 etiam
2097 4373 2354 4440 respectu

767 4461 1029 4541 principis
1048 4502 1065 4534 ,
1094 4464 1157 4516 ut
1184 4456 1321 4515 infra
1347 4454 1669 4513 videbimus.

762 4564 772 4573 ·
852 4557 941 4611 13.
970 4552 1204 4619 Quaeret
1228 4562 1355 4604 vero
1384 4546 1598 4622 aliquis,
1621 4562 1690 4603 an
1719 4546 1972 4620 princeps
2000 4548 2251 4620 superior
2271 4553 2353 4604 te·-

770 4648 967 4701 neatur
992 4642 1157 4698 etiam
1186 4652 1405 4695 servare
1433 4642 1660 4709 statuta,
1690 4650 1790 4693 seu
1815 4635 1963 4709 leges
1992 4637 2348 4709 municipales

770 4733 1177 4808 provinciarum
1216 4728 1316 4785 sibi
1354 4727 1730 4785 subiectarum
1757 4768 1773 4800 ,
1812 4727 2003 4784 saltem
2041 4727 2261 4801 quando
2293 4728 2346 4783 in

770 4825 873 4883 illis
901 4820 1193 4895 provinciis
1218 4823 1493 4886 moratur,
1526 4816 1607 4875 vel
1638 4818 1693 4873 in
1720 4817 1799 4873 eis
1828 4818 2229 4890 peregrinatur.
2262 4817 2352 4873 Vi-

771 4914 888 4974 deri
912 4912 1053 4971 enim
1080 4916 1291 4985 potest,
1322 4916 1453 4966 tunc
1477 4908 1637 4966 etiam
1678 4922 1802 4965 esse
1840 4906 2192 4980 obligandum
2220 4897 2346 4979 pro-

770 5012 892 5079 pter
921 5002 1336 5061 uniformitatem
1374 5014 1625 5070 morum,
1656 5002 1711 5054 et
1750 4995 1815 5053 ad
1858 4995 2077 5055 vitanda
2118 4996 2349 5053 scanda-

770 5098 851 5168 la,
880 5102 989 5155 etc.
1020 5092 1373 5151 Nihilominus
1400 5088 1688 5147 dicendum
1715 5094 1818 5158 est,
1848 5103 1957 5144 non
1988 5090 2180 5159 teneri,
2207 5102 2350 5161 quae

773 5194 862 5246 est
898 5185 1205 5245 communis
1244 5178 1535 5253 resolutio,
1578 5184 1643 5236 ut
1681 5177 1865 5235 videre
1903 5176 2032 5235 licet
2070 5179 2122 5234 in
2165 5176 2348 5234 Felino

768 5292 889 5351 cap.
912 5281 962 5337 1.
986 5275 1053 5334 de
1074 5273 1298 5333 constit.
1322 5286 1477 5328 num.
1505 5272 1599 5343 30,
1622 5268 1719 5343 qui
1739 5266 1905 5325 refert
1921 5265 2083 5325 Card.
2108 5281 2265 5325 cons.
2281 5271 2338 5325 2.

2205 350 2410 402 unm
2421 352 2518 401 .111
2527 380 2544 400 ο

2407 476 2555 537 Idem
2579 478 2853 556 Tiraquel.
2883 481 3127 541 referens
3147 480 3280 543 alios
3295 483 3420 543 loco
3443 502 3612 561 supra
3629 488 3796 547 citato
3813 506 3871 545 n.
3892 494 3994 549 38.

2410 570 2570 627 Ratio
2595 577 2711 643 est,
2741 572 2868 645 quia
2897 572 3020 629 talia
3049 578 3253 631 statuta
3273 574 3382 634 lata
3402 578 3618 635 suntab
3640 578 3874 637 inferiori
3897 596 4010 652 po-

2410 665 2606 717 testate
2635 669 2690 719 et
2718 662 3111 735 iurisdictione,
3136 671 3192 722 et
3215 664 3336 723 ideo
3366 682 3476 724 non
3503 668 3702 725 habent
3729 670 3836 727 vim
3857 668 4002 727 obli-

2411 748 2571 823 gandi
2598 766 2725 809 eum
2746 792 2762 821 ,
2793 752 2886 826 qui
2913 754 2968 809 in
2995 752 3184 811 eodem
3214 755 3336 813 loco
3364 752 3879 831 habet'superiorem
3906 761 4002 817 iu-

2411 839 2803 899 risdictionem.
2833 842 2950 911 Qua
2977 844 3184 903 ratione
3209 844 3402 905 dicunt
3425 849 3588 905 etiam
3627 849 4004 907 communiter

2411 931 2760 1013 canonistas,
2799 932 3038 1008 legatum
3069 936 3344 995 Pontificis
3369 978 3385 1007 ,
3426 937 3558 995 dum
3599 944 3687 996 est
3723 940 3782 995 in
3809 939 4003 1013 aliquo

2411 1022 2766 1094 episcopatu,
2797 1039 2904 1080 non
2943 1023 3167 1098 obligari
3207 1026 3572 1098 peculiaribus
3611 1029 3821 1103 legibus
3849 1028 3998 1086 illius

2411 1112 2783 1184 episcopatus.
2815 1114 2926 1171 lmo
2959 1113 3108 1173 addit
3133 1116 3472 1191 Tiraquellus
3497 1134 3666 1191 supra
3695 1133 3824 1176 cum
3852 1117 3998 1191 aliis,

2411 1200 2544 1259 licet
2582 1202 2688 1259 tale
2727 1208 2994 1263 statutum
3033 1206 3366 1278 particulare
3414 1208 3778 1282 approbatum
3817 1210 3890 1267 sit
3927 1208 4004 1266 ab

2413 1290 2644 1364 ipsomet
2686 1294 2960 1368 principe,
3005 1296 3350 1355 nihilominus
3387 1313 3494 1356 non
3537 1300 3778 1374 obligare
3819 1299 4000 1357 illum.

2413 1382 2486 1439 Et
2509 1383 2646 1440 ratio
2691 1384 2844 1441 reddi
2883 1393 3096 1457 potest,
3128 1388 3256 1461 quia
3294 1404 3402 1446 non
3441 1390 3709 1462 approbat
3733 1388 3866 1446 illud
3893 1404 3996 1460 pro

2415 1477 2531 1529 tota
2558 1488 2659 1530 sua
2688 1473 3002 1548 republica,
3033 1475 3129 1532 sed
3155 1484 3370 1535 tantum
3397 1494 3498 1551 pro
3523 1479 3884 1536 determinato
3913 1478 3998 1533 lo-

2414 1577 2514 1633 co,
2551 1569 2608 1619 et
2646 1562 2768 1621 ideo
2811 1564 2960 1622 nulla
2999 1568 3138 1624 ratio
3178 1570 3326 1641 cogit
3350 1576 3517 1641 caput
3542 1571 3710 1627 totius
3736 1569 4003 1642 reipubli-

2415 1666 2544 1720 cae,
2581 1659 2644 1709 ut
2671 1653 2744 1709 illi
2772 1654 3060 1713 subdatur.
3094 1658 3210 1713 Hoc
3241 1671 3370 1716 vero
3397 1674 3499 1731 ego
3539 1658 3771 1717 libenter
3798 1659 4002 1715 limita-

2413 1757 2562 1811 rem,
2591 1744 2694 1800 nisi
2737 1744 2859 1800 talis
2901 1744 3059 1803 locus
3097 1754 3246 1804 esset
3283 1752 3440 1822 quasi
3481 1750 3704 1821 propria
3739 1749 4002 1806 habitatio

2411 1832 2582 1903 ipsius
2612 1834 2904 1909 principis,
2939 1841 3001 1893 ut
3025 1844 3111 1893 est
3137 1838 3307 1894 Roma
3337 1856 3392 1895 v.
3417 1856 3472 1912 g.
3500 1847 3757 1912 respectu
3787 1840 4004 1897 Pontifi-

2415 1922 2498 1978 cis
2515 1963 2531 1995 ,
2561 1922 2645 1979 vel
2685 1927 2904 1997 propria
2929 1928 3086 1983 curia
3111 1934 3368 1999 respectu
3401 1930 3574 2001 regist
3597 1945 3732 1985 nam
3759 1944 3902 2002 quae
3925 1928 4006 1985 ibi

2413 2012 2738 2085 generaliter
2780 2016 3044 2073 servanda
3081 2024 3402 2075 statuuntur
3427 2034 3526 2091 per
3553 2034 3867 2091 supremam
3896 2034 4000 2075 au-

2415 2102 2723 2159 ctoritatem
2753 2104 3038 2177 ipsiusmet
3064 2107 3324 2180 principis
3351 2152 3366 2181 ,
3405 2124 3532 2166 eum
3560 2110 3720 2166 etiam
3761 2108 4005 2183 obligare

2417 2192 2672 2249 videntur
2691 2234 2706 2264 ,
2738 2195 2866 2267 quia
2893 2196 3111 2268 speciali
3137 2199 3343 2256 ratione
3371 2216 3428 2255 se
3457 2199 3621 2257 habet
3641 2207 3902 2274 tanquam
3923 2200 4006 2256 ci-

2421 2282 2569 2354 vilis,
2597 2289 2654 2340 et
2679 2285 2987 2343 membrum
3015 2287 3163 2343 illius
3191 2287 3336 2345 loci..

2499 2377 2586 2432 14.
2616 2375 2772 2433 Circa
2798 2376 3104 2433 secundum
3130 2385 3398 2449 punctum
3419 2380 3486 2437 de
3507 2380 3557 2435 vi
3583 2381 3836 2437 coactiva
3863 2378 4006 2453 legis

2416 2466 2758 2536 eommunis,
2787 2466 3052 2523 resolutio
3080 2474 3194 2540 est,
3223 2469 3393 2542 legem
3423 2485 3534 2527 non
3571 2468 3810 2543 obligare
3853 2471 4006 2541 prin·

2416 2557 2596 2627 cipem
2623 2555 2804 2628 quoad
2833 2558 2938 2613 vim
2967 2560 3291 2615 coactivam.
3335 2561 3418 2618 lta
3455 2560 3619 2618 docet
3657 2560 3816 2617 divus
3848 2561 3996 2617 Tho-

2417 2660 2558 2716 mas,
2580 2644 2724 2702 dicta
2749 2644 3016 2703 solutione
3043 2647 3109 2704 ad
3135 2653 3188 2719 3,
3211 2650 3362 2707 etita
3381 2652 3602 2725 exponit
3625 2650 3800 2724 legem
3825 2654 4010 2708 Prin-

2418 2751 2551 2811 ceps
2580 2751 2748 2808 supra
2773 2736 2994 2794 citatam
3021 2779 3035 2811 ,
3064 2744 3118 2795 et
3145 2740 3301 2812 alias,
3345 2758 3486 2815 quae
3525 2741 3749 2813 dicunt,
3791 2742 3999 2814 princi-

2419 2842 2544 2898 pem
2575 2842 2683 2883 non
2716 2825 2864 2900 ligari
2895 2826 3133 2902 legibus,
3167 2831 3376 2888 scilicet
3413 2832 3598 2905 quoad
3636 2833 3744 2889 vim
3786 2832 3997 2889 coacti·

2421 2933 2574 2989 vam,
2605 2932 2774 2991 quam
2814 2920 3144 2976 sententiam
3181 2926 3240 2977 et
3277 2921 3776 2994 interpretationem
3803 2922 3892 2980 alii
3919 2939 4010 2980 se-

2421 3014 2688 3081 quuntur.
2719 2997 2874 3064 Ratio
2901 3024 3032 3065 vero
3057 3015 3173 3080 est,
3204 3013 3336 3084 quia
3370 3014 3585 3069 coactio
3610 3028 3675 3069 ex
3704 3013 4010 3070 intrinseca

2422 3098 2632 3156 ratione
2663 3113 2761 3154 sua
2790 3098 3060 3172 postulat,
3094 3107 3156 3158 ut
3180 3100 3248 3158 ab
3275 3103 3586 3159 extrinseco
3604 3104 3916 3174 proveniat,
3938 3107 4003 3159 ut

2423 3193 2638 3245 constat
2676 3202 2741 3245 ex
2777 3186 3160 3262 philosophia,
3199 3205 3333 3266 ergo
3375 3193 3632 3265 princeps
3671 3208 3780 3249 non
3821 3198 4013 3264 potest

2423 3292 2621 3351 cogere
2643 3276 2882 3351 seipsum
2909 3294 3005 3351 per
3033 3294 3190 3337 suam
3217 3282 3411 3355 legem.
3433 3282 3544 3339 Nec
3573 3282 3738 3339 etiam
3765 3282 3890 3355 cogi
3911 3299 4008 3354 po-

2422 3374 2526 3425 test
2556 3384 2588 3424 a
2615 3368 2874 3436 subditis,
2905 3369 3034 3442 quia
3061 3370 3245 3427 nullus
3271 3370 3493 3429 inferior
3533 3378 3714 3445 potest
3737 3371 4006 3429 violentas

2424 3474 2620 3517 manus
2645 3458 2859 3517 iniicere
2886 3458 2936 3513 in
2966 3462 3328 3533 superiorem,
3358 3476 3460 3517 nec
3487 3463 3648 3517 etiam
3679 3468 3862 3533 potest
3885 3462 4016 3535 cogi

2424 3549 2491 3606 ab
2531 3549 2774 3623 aequali,
2815 3550 2945 3623 quia
2983 3566 3087 3606 non
3129 3549 3292 3608 habet
3327 3552 3384 3608 in
3424 3551 3516 3608 illo
3543 3552 4001 3623 iurisdictionem,

2423 3656 2524 3697 nec
2565 3640 2799 3714 denique
2835 3656 2866 3696 a
2904 3642 3220 3713 superiore,
3251 3642 3380 3715 quia
3408 3642 3619 3715 agimus
3644 3640 3710 3698 de
3737 3642 4005 3713 principe,

2422 3732 2520 3804 qui
2547 3732 2884 3803 superiorem
2912 3745 3020 3786 non
3057 3730 3249 3801 habet,
3290 3747 3446 3804 ergo.
3474 3733 3840 3789 confirmatur
3871 3732 4008 3788 haec

2421 3819 2562 3877 ratio
2581 3862 2596 3888 ,
2625 3820 2753 3893 quia
2780 3818 2862 3876 vis
2889 3821 3140 3877 coactiva
3165 3822 3404 3893 pertinet
3437 3820 3504 3879 ad
3543 3837 3746 3896 poenae
3785 3822 4008 3894 imposi-

2418 3909 2624 3967 tionem
2647 3915 2702 3966 et
2726 3909 3101 3967 inflictionem:
3133 3926 3306 3983 poena
3333 3917 3516 3969 autem
3543 3928 3640 3985 per
3667 3928 3726 3967 se
3749 3918 3894 3970 etex
3923 3927 4014 3967 ra·

2423 4000 2570 4056 tione
2597 4014 2698 4055 sua
2728 3996 2904 4055 fertur
2931 4000 2986 4055 in
3015 3999 3266 4073 invitum,
3285 4008 3341 4057 et
3367 4001 3488 4059 ideo
3507 4002 3634 4059 ferri
3661 4018 3770 4059 non
3799 4008 4010 4076 potest,

2425 4090 2529 4146 nisi
2551 4089 2618 4146 ab
2645 4090 2878 4147 habente
2905 4090 3244 4163 superiorem
3272 4097 3600 4164 potestatem
3621 4094 3674 4150 in
3701 4093 3872 4151 aliurn
3895 4099 4014 4151 tan-

2422 4196 2592 4255 quam
2631 4179 2730 4237 sibi
2771 4179 3085 4255 subditum,
3117 4197 3250 4255 ergo
3289 4198 3397 4241 non
3436 4191 3615 4255 potest
3639 4183 3846 4258 imponi
3874 4199 3904 4239 a
3932 4185 4012 4240 le-

2422 4272 2685 4345 gislatore
2712 4278 2972 4343 respectu
3003 4273 3088 4329 sui
3129 4272 3329 4345 ipsius,
3363 4273 3459 4331 sed
3499 4282 3715 4332 tantum
3752 4280 4016 4348 respectu

2421 4360 2789 4421 subditorum.

2500 4454 2588 4511 15.
2619 4454 2691 4510 Ut
2715 4457 2896 4508 autem
2922 4451 3057 4510 baec
3086 4455 3376 4521 sententia,
3399 4470 3540 4527 quae
3562 4472 3694 4513 vera
3712 4462 3824 4529 est,
3846 4464 3905 4515 et
3929 4475 4018 4515 ra·-

2419 4542 2495 4600 tio
2532 4542 2650 4599 eius
2689 4541 2922 4615 amplius
2958 4540 3291 4616 explicetur,
3329 4544 3617 4617 obiicitur,
3660 4547 3793 4619 quia
3828 4563 3897 4604 ex
3925 4547 4018 4604 illa

2416 4633 2627 4689 ratione
2662 4632 2730 4689 ad
2767 4648 3046 4689 summum
3080 4632 3393 4707 colligitur,
3423 4650 3534 4691 non
3561 4635 3762 4693 habere
3788 4636 4008 4710 legisla-
4061 4680 4082 4698 .

2418 4727 2614 4793 torem,
2645 4722 2741 4795 qui
2771 4722 2823 4778 in
2852 4724 2972 4794 ipso
3000 4738 3230 4794 poenam
3257 4730 3582 4799 exequatur,
3611 4741 3718 4782 non
3741 4742 3874 4783 vero
3897 4744 4012 4784 uon

2415 4827 2537 4869 esse
2563 4812 2857 4869 obnoxium
2879 4828 3106 4884 poenae,
3131 4820 3396 4886 quantum
3417 4820 3504 4871 est
3521 4830 3589 4872 ex
3610 4817 3660 4872 vi
3685 4816 3850 4890 legis:
3879 4817 4016 4875 haec

2416 4908 2602 4961 autem
2641 4901 2752 4959 dno
2793 4902 2952 4960 valde
2991 4904 3210 4961 diversa
3249 4912 3412 4976 sunt,
3453 4912 3514 4962 ut
3554 4922 3652 4978 per
3680 4924 3740 4964 se
3765 4917 4012 4981 constat3

2418 5009 2543 5050 nam
2572 5009 2745 5050 unum
2775 4994 3012 5065 pertinet
3049 4994 3119 5051 ad
3159 4994 3276 5066 ius,
3308 4995 3544 5053 alterum
3573 4996 3642 5053 ad
3671 4997 3919 5056 factum:
3953 5007 4020 5058 ut

2419 5090 2602 5141 autem
2632 5083 2718 5141 lex
2755 5098 2881 5140 vere
2919 5083 3122 5157 obliget
3155 5085 3342 5157 quoad
3370 5085 3478 5142 vim
3504 5090 3846 5159 coactivam,
3879 5090 4018 5147 satis

2416 5180 2524 5247 est,
2556 5172 2706 5248 quod
2731 5179 2995 5246 quantum
3023 5179 3107 5231 est
3131 5190 3198 5231 ex
3227 5190 3285 5230 se
3317 5172 3510 5233 reddat
3536 5183 4010 5252 transgressorem

2419 5266 2714 5325 obnoxium
2742 5279 2876 5323 suae
2903 5279 3127 5339 poenae,
3158 5266 3370 5325 etiamsi
3399 5267 3704 5344 contingat,
3728 5276 3864 5329 tunc
3895 5286 4010 5329 non
