4325 6267
736 320 863 383 342

646 467 702 529 5,
728 475 785 517 n.
811 464 910 531 23,
933 461 1127 519 Driedo
1152 460 1245 518 lib.
1267 465 1322 519 3.
1345 458 1417 517 de
1444 457 1632 517 liberi.
1658 458 2011 523 christiana,
2040 470 2165 527 cap.
2187 460 2242 524 5,

642 550 926 607 Simancas
940 548 1011 606 de
1032 548 1251 607 cathol.
1270 552 1455 607 instit.
1483 550 1566 606 tit.
1597 553 1759 619 42,ιι.
1789 552 1843 619 3,
1866 546 2053 619 Augei.
2081 544 2246 601 verbo

642 640 1009 707 haereticus,
1058 638 1151 696 ubi
1189 640 1355 697 rei'ert
1394 640 1737 709 canonistas,
1768 646 1825 694 et
1864 634 2035 694 verbo
2074 634 2243 699 hora,

640 732 773 789 n.27
785 770 801 802 ,
814 728 1223 804 sylvest-verbo
1238 729 1797 794 excommnicatio,
1814 729 1837 786 7
1853 722 2092 799 ,ιι.3,ιὼί
2110 720 2251 779 male

637 816 837 891 allegat
883 818 1074 893 Angel.
1096 820 1150 875 in
1178 821 1539 889 contrarium,
1574 823 1637 874 ut
1660 817 1799 873 inira
1825 812 2129 871 videbimus
2149 851 2166 877 ,
2197 816 2255 867 et

639 906 806 964 verbo
828 906 997 975 hora,
1027 923 1083 981 q.
1120 910 1208 980 11,
1231 914 1289 971 et
1312 907 1477 965 verbo
1498 908 1781 973 haeresis,
1816 908 1871 972 t,
1893 918 1948 977 q.
1971 908 2027 975 8,
2051 901 2242 960 Armil-

635 995 828 1055 eodem
863 1012 1013 1054 num.
1048 1000 1098 1070 i,
1118 1005 1178 1056 et
1203 996 1340 1055 bene
1362 998 1581 1055 Tabien.
1604 994 2166 1059 excommunicatio,
2191 996 2245 1063 5,

636 1100 772 1143 casu
809 1090 866 1160 ⁴,
891 1102 1044 1144 num.
1065 1090 1121 1145 4.

715 1179 771 1234 4.
804 1174 1243 1233 Fundamentum
1265 1175 1607 1248 potissimum
1632 1173 1687 1231 d.
1713 1173 1951 1231 Thomae
1978 1178 2085 1245 est,
2112 1170 2245 1245 quia

639 1262 881 1322 humana
901 1264 1207 1321 iurisdictio
1228 1280 1336 1321 non
1367 1269 1549 1337 potest
1567 1264 1710 1322 serre
1738 1264 1883 1336 leges
1905 1262 1975 1319 de
2002 1262 2244 1333 actibus,

636 1356 703 1414 de
739 1356 943 1431 quibus
965 1373 1072 1413 non
1100 1362 1289 1430 potest
1316 1356 1579 1427 iudicare,
1602 1370 1702 1412 nec
1732 1354 1944 1426 punire3
1972 1350 2069 1407 sed
2090 1359 2246 1423 pote·

636 1453 751 1502 stas
778 1444 1405 1503 ecclesiasticahumana
1417 1460 1525 1502 non
1549 1450 1733 1516 potest
1758 1443 2003 1499 iudicare
2023 1439 2091 1497 de
2112 1441 2248 1496 acti·

633 1534 741 1592 bus
775 1551 925 1593 mere
954 1536 1207 1607 internis,
1240 1549 1415 1608 neque
1446 1534 1566 1591 iilos
1603 1534 1828 1605 punire,
1856 1546 1989 1605 ergo
2018 1545 2119 1586 nec
2148 1544 2247 1603 po-

636 1630 745 1682 test
785 1624 852 1682 de
901 1624 1005 1682 illis
1034 1625 1183 1700 leges
1218 1624 1380 1683 serre.
1404 1624 1575 1681 Minor
1602 1637 1857 1695 expresse
1896 1621 2165 1677 asseritur
2194 1619 2248 1674 in

633 1728 759 1786 cap.
784 1716 955 1772 Sicut
981 1717 1125 1783 tuis,
1160 1719 1215 1771 et
1240 1728 1367 1786 cap.
1395 1714 1527 1771 Tua
1552 1728 1686 1780 nos,
1724 1710 1793 1768 de
1820 1711 2018 1767 simon.
2036 1707 2235 1776 Nobis,

631 1804 810 1878 inquit
846 1804 1090 1863 Pontifex
1110 1847 1124 1875 ,
1168 1802 1363 1861 solum
1400 1801 1612 1860 datum
1659 1807 1748 1859 est
1794 1799 1867 1857 de
1908 1795 2245 1871 manifestis

632 1892 924 1953 iudicare.
958 1895 1209 1953 sumitur
1233 1896 1398 1951 etiam
1426 1908 1493 1951 ex
1518 1908 1643 1965 cap.
1670 1889 2063 1955 Erubescant,
2098 1886 2237 1946 dist.

638 1986 740 2041 32:
773 1988 831 2040 et
857 1984 997 2040 ratio
1021 1990 1145 2056 est,
1176 1985 1307 2057 quia
1332 1980 1598 2040 iudicium
1625 1978 1885 2052 supponit
1912 1991 2115 2035 causae
2149 1990 2243 2032 co-

629 2066 943 2147 gnitionem,
979 2080 1141 2131 actus
1170 2080 1353 2131 autem
1372 2072 1655 2128 interiores
1677 2078 1807 2126 sunt
1834 2067 2051 2125 omnino
2079 2072 2238 2124 extra

632 2164 997 2235 cognitionem
1037 2162 1363 2235 humanam,
1394 2169 1450 2219 et
1476 2160 1596 2218 ideo
1624 2159 1881 2217 iudicium
1910 2158 1977 2215 de
2014 2155 2238 2213 internis

630 2249 700 2308 ad
722 2251 903 2309 solum
938 2254 1109 2309 Deum
1131 2254 1384 2324 pertinet.
1406 2254 1593 2307 Homo
1612 2251 1773 2305 enim
1791 2245 1945 2304 videt
1964 2260 2055 2313 ea,
2086 2259 2241 2317 quae

623 2344 881 2415 parent.
919 2344 1081 2399 Deus
1116 2345 1316 2399 autem
1342 2342 1612 2413 intuetur
1636 2353 1765 2405 cor,
1808 2340 1856 2393 1.
1888 2337 2023 2408 Reg.
2063 2337 2151 2406 163
2185 2339 2242 2391 et

572 2462 577 2469 ·
630 2429 751 2487 ideo
782 2429 998 2488 dicebat
1017 2430 1171 2487 Paul.
1196 2434 1245 2488 1.
1261 2428 1325 2487 ad
1348 2429 1591 2487 Corinth.
1614 2432 1701 2488 1⁴:
1720 2425 1914 2485 Nolite
1936 2428 2076 2483 ante
2096 2429 2239 2481 tem·

620 2534 741 2593 pus
766 2516 1066 2581 iudicare:
1084 2516 1285 2592 quoad
1302 2535 1481 2592 usque
1504 2519 1704 2575 veniat
1724 2518 2032 2601 Dominus,
2060 2516 2159 2588 qui
2183 2517 2242 2570 et

628 2606 1000 2667 illuminabit
1027 2608 1382 2668 abscondita
1394 2607 1790 2675 tenebrarum,
1813 2610 1869 2662 et
1887 2602 2239 2676 manifesta·

630 2695 717 2754 bit
733 2697 989 2756 consilia
1018 2696 1312 2756 cordium.
1326 2699 1495 2756 Maior
1514 2704 1697 2755 autem
1718 2696 1955 2753 sumitur
1975 2708 2041 2752 ex
2060 2695 2230 2751 Arist.

640 2790 729 2847 io.
754 2788 1025 2846 Emicor.
1040 2804 1163 2861 cap.
1183 2794 1237 2846 5.
1260 2787 1505 2860 dicente,
1530 2792 1856 2860 potestatem
1880 2784 2234 2857 legislativum

632 2879 939 2934 necessarie
1001 2876 1197 2936 debere
1251 2880 1604 2935 coniunctam
1659 2875 1856 2932 habere
1910 2880 2232 2947 potestatem

633 2966 959 3037 coactivam,
987 2967 1113 3041 quia
1148 2967 1281 3024 alias
1306 2972 1453 3023 esset
1476 2964 1680 3023 inutilis
1707 2970 1763 3022 et
1788 2963 2058 3020 inefficax.
2082 2961 2234 3019 Unde

630 3054 720 3122 fit,
751 3054 1027 3113 hominem
1063 3054 1246 3113 solum
1274 3070 1435 3127 posse
1461 3071 1526 3112 ea
1560 3054 1679 3129 iege
1704 3046 2057 3126 praecipere,
2088 3066 2228 3125 quae

628 3150 808 3216 potest
833 3145 1047 3218 punire,
1066 3146 1113 3202 si
1134 3144 1465 3217 aliteriiant3
1494 3160 1601 3202 non
1631 3144 1789 3217 punit
1811 3150 1997 3200 autem
2017 3141 2121 3198 nisi
2148 3142 2233 3198 iu-

584 3230 881 3307 Qiicandm
904 3250 1037 3309 ergo
1066 3236 1217 3292 circa
1237 3250 1301 3292 ea
1328 3240 1546 3292 tantum
1575 3240 1830 3292 versatur
1850 3232 1933 3290 lex
1966 3232 2242 3307 humana,-

626 3325 779 3381 circa
801 3340 943 3398 quae
966 3331 1149 3404 potest
1167 3324 1469 3382 humanum
1501 3322 1765 3381 iudicium
1785 3322 2012 3379 versari.
2037 3322 2226 3378 Potest

624 3413 789 3471 etiam
815 3412 956 3471 idem
996 3414 1215 3487 probari
1242 3429 1275 3470 a
1322 3413 1557 3486 paritate
1593 3414 1841 3476 rationis,
1870 3411 1956 3469 vel
1996 3410 2156 3469 'etiam
2197 3426 2230 3467 a

622 3502 853 3575 fortiori,
879 3500 1010 3577 quia
1036 3501 1159 3575 plus
1180 3508 1267 3561 est
1292 3502 1467 3576 legem
1492 3502 1655 3575 i'erre,
1680 3518 1845 3575 quam
1876 3500 2144 3573 iudicare,
2174 3504 2230 3557 et

619 3591 749 3663 quia
774 3590 859 3648 lex
884 3607 1009 3649 esse
1034 3590 1176 3649 solet
1203 3592 1397 3667 regula
1428 3593 1651 3650 humani
1678 3591 1885 3649 iudicii.

705 3684 758 3737 5.
790 3680 906 3738 Hoc
935 3696 1063 3738 vero
1098 3677 1512 3741 'fundamentum
1537 3680 1857 3739 difficultate
1896 3695 2004 3736 non
2045 3684 2219 3736 caret.

622 3765 905 3843 Interrogo
921 3768 1063 3828 enim
1090 3770 1158 3827 de
1184 3786 1296 3844 quo
1325 3770 1525 3828 iudicio
1546 3772 1620 3827 sit
1644 3785 1827 3827 sermo
1847 3768 1899 3826 in
1920 3772 2111 3830 maiori
2138 3784 2226 3827 as·

624 3864 879 3931 sumpta,
915 3867 1013 3916 aut
1038 3858 1104 3915 de
1142 3860 1381 3931 iudicio,
1411 3859 1560 3933 quod
1600 3859 1879 3933 protertur
1902 3859 1969 3918 ab
2010 3859 2226 3918 homine

621 3961 725 4020 per
752 3948 1105 4020 sententiam,
1135 3955 1233 4006 aut
1257 3947 1406 4023 quod
1436 3949 1666 4021 proferri
1696 3955 1877 4021 potest
1903 3949 1971 4007 ab
2007 3950 2121 4022 ipso
2148 3951 2229 4007 le-

622 4035 879 4110 gislatore
905 4052 1001 4109 per
1036 4036 1242 4112 legem3
1283 4038 1559 4113 interdum
1586 4039 1729 4097 enim
1756 4040 1833 4095 ita
1871 4039 2048 4096 fertur
2081 4038 2225 4096 iudi·

624 4125 796 4183 cium.
826 4126 1055 4195 Quando
1098 4126 1351 4187 videlicet
1384 4128 1471 4185 lex
1498 4130 1613 4201 ipsa
1653 4142 1749 4201 per
1776 4143 1834 4184 se
1869 4127 2041 4200 ipsam
2068 4127 2225 4200 punit

620 4213 901 4285 delictum,
932 4215 1152 4274 terendo
1179 4233 1233 4273 v.
1258 4232 1316 4290 g.
1338 4217 1959 4276 excommunicationem
1985 4219 2105 4291 ipso
2132 4217 2218 4274 l'a-

620 4311 714 4363 cto
741 4306 1148 4379 incurrendam,
1172 4322 1312 4380 quae
1341 4314 1631 4379 propterea
1658 4313 1897 4365 vocatur
1921 4308 2065 4364 latae
2092 4322 2220 4364 sen-

620 4395 849 4467 tentiae,
878 4395 1011 4467 quia
1037 4394 1142 4453 sert
1166 4393 1249 4452 lex
1280 4395 1396 4467 ipsa
1422 4396 1765 4455 sententiam.
1798 4398 1853 4453 si
1883 4394 2219 4471 intelligatur

620 4482 787 4555 priori
810 4482 995 4555 modo,
1024 4481 1238 4541 videtur
1259 4483 1393 4541 salsa
1416 4483 1507 4541 illa
1528 4486 1720 4556 maior,
1746 4484 1877 4559 quia
1896 4484 2071 4543 multa
2095 4499 2223 4556 pos·

622 4576 755 4629 sunt
792 4571 1091 4647 prohiberi,
1122 4580 1179 4631 et
1215 4574 1392 4647 puniri
1422 4590 1517 4647 per
1543 4574 1719 4648 legem
1760 4574 2213 4646 ecclesiasticam,

622 4675 764 4734 quae
784 4677 892 4719 non
917 4670 1154 4736 possunt
1172 4678 1270 4736 per
1296 4663 1614 4721 sententiam
1639 4664 1872 4722 hominis
1894 4663 2220 4721 condemna-

620 4752 691 4824 ri,
719 4759 784 4808 ut
814 4759 945 4809 sunt
962 4754 1145 4811 omnia
1165 4755 1237 4810 ita
1268 4753 1509 4826 occulta,
1535 4760 1595 4811 ut
1618 4752 1837 4827 probari
1858 4770 1965 4811 non
1986 4753 2217 4826 possint.

620 4840 693 4899 Et
720 4841 860 4898 ratio
886 4846 1003 4914 est,
1033 4842 1161 4915 quia
1190 4846 1253 4899 ut
1286 4840 1451 4899 homo
1479 4841 1715 4914 iudicet,
1745 4841 1947 4917 indiget
1981 4841 2218 4899 testibus

620 4935 677 4987 et
712 4929 1031 5004 probatione
1057 4930 1219 5005 sacti3
1249 4936 1315 4989 ut
1340 4938 1522 4989 autem
1550 4932 1633 4989 lex
1661 4932 1894 5005 iudicet,
1924 4938 1980 4989 et
2006 4932 2216 5004 puniat,

619 5034 729 5076 nou
771 5035 984 5093 semper
1012 5019 1117 5078 hoc
1156 5027 1243 5078 est
1282 5023 1682 5095 necessarium,
1712 5021 1807 5079 sed
1850 5020 2055 5079 sufficit
2084 5036 2218 5077 con-

622 5108 850 5165 scientia
879 5108 1241 5183 delinquentis
1260 5151 1276 5183 ,
1304 5115 1368 5167 ut
1395 5115 1547 5183 patet
1574 5111 1626 5166 in
1662 5110 1912 5168 exteriori
1941 5108 2216 5167 haeretico

620 5199 841 5259 omnino
863 5194 1114 5274 occulto,
1139 5198 1232 5276 qui
1259 5196 1442 5258 statim
1464 5207 1649 5271 manet
1676 5200 2212 5275 excommunicatus,

2146 328 2348 379 mmm
2373 330 2470 377 iv.

2323 461 2380 511 et
2419 455 2470 510 in
2511 457 2842 515 conscientia
2889 464 3106 516 tenetur
3147 459 3440 517 abstinere.
3465 460 3520 517 Si
3559 452 3758 517 autem'
3782 454 3939 513 iudi·

2323 543 2471 599 cium
2504 545 2559 600 in
2591 546 2778 603 maiori
2807 549 3174 621 propositione
3203 555 3459 606 sumatur
3483 548 3807 621 posteriori,
3837 547 3932 603 vei

2322 634 2562 706 generali
2603 634 2767 692 modo
2784 674 2800 702 ,
2841 636 2922 693 sic
2966 638 3020 692 in
3074 637 3264 695 eadem
3304 638 3672 711 propositione
3721 638 3934 709 petitur

2324 722 2674 794 principium3
2701 738 2822 781 nam
2850 723 2957 782 hoc
2985 732 3092 797 est,
3116 725 3184 783 de
3213 742 3325 800 quo
3353 728 3586 799 agimus,
3610 724 3824 782 scilicet
3849 740 3922 781 an

2323 809 2405 867 lex
2429 810 2544 883 ipsa
2565 828 2662 884 per
2683 826 2740 869 se
2767 814 2937 885 possit
2970 814 3216 872 iudicare
3237 816 3302 873 de
3331 814 3546 873 actibus
3569 813 3805 873 occultis
3825 829 3928 887 per

2319 914 2378 957 se
2399 941 2413 970 ,
2445 902 2594 958 sicut
2620 908 2800 975 potest
2823 902 2891 959 de
2929 904 3168 962 occultis
3201 919 3300 978 per
3328 903 3604 963 accidens.
3638 906 3709 961 Et
3735 906 3818 961 sic
3847 904 3931 960 fa-

2319 990 2422 1048 cile
2441 992 2725 1064 negabitur
2747 994 2922 1049 minor
2945 991 3013 1050 de
3032 993 3226 1051 eodem
3249 994 3450 1052 iudicio
3472 994 3766 1066 intellecta3
3795 1009 3924 1051 nam

2316 1082 2462 1152 iura,
2495 1095 2638 1153 quae
2669 1082 2719 1138 in
2749 1082 3122 1154 probationem
3149 1082 3526 1156 adducuntur,
3552 1100 3663 1141 non
3690 1084 3921 1142 suntad

2315 1185 2432 1228 rem
2451 1212 2468 1243 ,
2498 1171 2626 1243 quia
2664 1170 2967 1245 loquuntur
2993 1171 3060 1230 de
3096 1171 3296 1231 iudicio
3323 1174 3545 1231 serendo
3574 1189 3674 1247 per
3711 1180 3933 1231 senten-

2316 1260 2444 1317 tiam
2475 1260 2724 1317 hominis.
2756 1262 2826 1318 Et
2850 1268 3135 1334 praeterea
3161 1264 3460 1335 propositio
3491 1264 3615 1337 illa,
3647 1262 3799 1337 quod
3829 1280 3928 1335 po·

2316 1355 2484 1407 testas
2513 1351 2806 1423 legislativa
2836 1358 2942 1409 n'on
2965 1354 3136 1425 possit
3153 1368 3274 1410 esse
3294 1355 3449 1410 circa
3477 1353 3710 1427 aliquem
3733 1358 3927 1410 aetum

2311 1439 2426 1496 sine
2447 1442 2714 1512 coactiva,
2741 1456 2849 1498 non
2879 1441 3096 1499 videtur
3114 1458 3212 1515 per
3233 1459 3293 1500 se
3313 1442 3645 1513 necessaria,
3671 1443 3715 1498 si
3737 1457 3928 1499 sermo

2313 1528 2382 1586 sit
2400 1528 2468 1586 de
2491 1531 2793 1600 coactione,
2813 1537 2875 1588 ut
2893 1530 3250 1605 distinguitur
3269 1532 3338 1590 ab
3358 1530 3686 1603 obligatione
3709 1532 3763 1587 in
3783 1545 3921 1589 con-

2314 1621 2560 1691 scientia,
2589 1635 2759 1694 quam
2787 1618 3022 1679 fortasse
3049 1622 3367 1679 Aristoteles
3397 1622 3690 1695 ignoravit,
3709 1627 3769 1678 et
3792 1621 3916 1678 ideo

2313 1709 2610 1783 postulavit
2630 1716 2910 1768 externam
2934 1713 3303 1784 coactionem,
3327 1726 3470 1785 quae
3496 1710 3592 1769 det
3609 1711 3920 1769 efficaciam

2311 1798 2437 1873 legi.
2459 1801 2530 1858 At
2557 1814 2688 1857 vero
2711 1799 2756 1856 si
2785 1800 2871 1857 lex
2894 1800 3099 1875 obligat
3123 1803 3177 1858 in
3203 1800 3566 1872 conscientia,
3589 1807 3653 1859 ut
3681 1802 3918 1858 maxime

2311 1887 2378 1945 de
2407 1889 2788 1947 ecclesiastica
2815 1890 2954 1948 infra
2991 1888 3377 1964 ostendemus,
3408 1892 3498 1949 illa
3523 1897 3610 1949 est
3637 1889 3924 1947 sufficiens

2311 1978 2562 2036 efficacia
2593 1978 2752 2052 legis,
2783 1981 2891 2038 imo
2921 1996 3150 2053 poenae,
3180 1980 3264 2038 vei
3293 1996 3592 2054 censurae,
3620 1996 3765 2055 quae
3792 1983 3922 2053 ipso

2309 2070 2434 2126 iure
2463 2067 2530 2125 ab
2553 2068 2805 2126 Ecclesia
2833 2070 3217 2143 imponuntur,
3243 2073 3479 2129 maxime
3505 2070 3707 2129 habent
3733 2068 3925 2127 effica-

2309 2160 2452 2215 ciam
2477 2172 2544 2215 ex
2587 2158 2836 2231 ligamine
2876 2160 3280 2230 conscientiae3
3310 2174 3444 2233 ergo
3475 2177 3582 2217 non
3619 2167 3916 2233 repugnat,

2307 2246 2613 2303 Ecclesiam
2636 2246 2836 2305 habere
2859 2254 3183 2320 potestatem
3205 2247 3546 2307 adterendae
3573 2248 3746 2323 leges,
3769 2262 3917 2322 quae

2307 2335 2360 2393 in
2398 2337 2736 2393 conscientia
2777 2335 3014 2411 obligent
3041 2354 3138 2411 pro
3179 2338 3392 2396 actibus
3420 2338 3664 2409 internis,
3691 2338 3910 2396 etiamsi

2307 2440 2412 2481 non
2437 2430 2624 2497 posset
2643 2424 2710 2482 ad
2737 2425 2859 2483 illos
2886 2428 3147 2502 exterius,
3172 2434 3229 2485 et
3256 2444 3355 2501 per
3374 2427 3607 2485 hominis
3632 2428 3910 2484 actionem

2302 2530 2519 2588 cogere.

2384 2608 2438 2663 6.
2472 2606 2801 2679 Priusquam
2830 2604 2899 2663 ad
2927 2604 3065 2663 baec
3093 2605 3476 2680 respondeam,
3501 2621 3724 2679 censeo,
3750 2623 3912 2680 prae-

2305 2694 2530 2766 cipuam
2575 2694 2947 2767 probationem
2978 2695 3142 2753 huius
3183 2696 3481 2754 sententiae
3509 2711 3620 2753 non
3659 2712 3784 2755 esse
3810 2716 3904 2755 su·

2303 2781 2553 2841 mendam
2587 2799 2656 2843 ex
2692 2784 3123 2858 impossibilitate
3165 2787 3245 2843 rei
3283 2784 3596 2844 secundum
3633 2802 3730 2859 se,
3763 2786 3908 2846 hanc

2301 2874 2444 2929 enim
2466 2873 2626 2944 plane
2650 2890 2760 2932 non
2792 2874 2971 2947 video,
2996 2874 3147 2950 quod
3171 2883 3227 2932 et
3252 2882 3639 2949 argumentum
3663 2876 3906 2950 proxime

2301 2960 2543 3033 iactum,
2573 2969 2632 3021 et
2661 2964 2902 3021 rationes
2931 2968 2984 3022 in
3027 2966 3298 3037 principio
3325 2965 3537 3038 positae
3575 2963 3909 3038 persuadere

2300 3050 2584 3122 videntur,
2611 3056 2884 3124 potuisset
2903 3056 3049 3112 enim
3076 3054 3353 3129 Christus,
3379 3056 3430 3111 si
3447 3055 3738 3129 voluisset,
3759 3055 3905 3113 hanc

2299 3145 2627 3212 potestatem
2649 3142 2932 3202 Ecclesiae
2949 3143 3104 3201 dare.
3129 3142 3438 3202 Tractanda
3460 3149 3548 3201 est
3565 3158 3700 3219 ergo
3722 3158 3814 3201 res
3835 3144 3909 3203 de

2297 3228 2468 3302 iacto,
2494 3236 2548 3287 et
2576 3231 2916 3303 probandum
2943 3239 3048 3305 est,
3073 3248 3182 3290 non
3217 3231 3454 3306 dedisse,
3477 3231 3738 3297 namhoc
3767 3232 3906 3291 mihi

2299 3318 2470 3375 multo
2498 3321 2850 3378 verisimilius
2876 3328 2980 3381 est.
3008 3323 3080 3379 Et
3105 3324 3350 3393 primum
3377 3328 3768 3395 argumentum
3805 3323 3907 3394 sit,

2297 3408 2448 3482 quod
2469 3410 2523 3465 in
2546 3410 2830 3483 Scriptura
2851 3427 2960 3469 non
2983 3419 3071 3470 est
3091 3410 3315 3485 aliquod
3337 3411 3593 3470 indicium
3613 3411 3782 3490 huius
3803 3428 3910 3485 po-

2295 3499 2532 3573 testati83
2557 3499 2655 3557 sed
2683 3499 2818 3558 haec
2841 3500 3069 3559 occulta
3092 3502 3350 3559 interiora
3369 3516 3589 3574 semper
3614 3516 3906 3559 reservan-

2294 3595 2388 3646 tur
2417 3590 2560 3659 Deo,
2588 3589 2738 3647 etad
2777 3590 2882 3647 hoc
2910 3589 3123 3649 iaciunt
3157 3590 3328 3649 verba
3353 3606 3524 3663 supra
3559 3590 3800 3650 adducta
3829 3608 3902 3651 ex

2292 3677 2485 3736 Paulo.
2507 3680 2696 3753 Neque
2735 3682 2902 3737 etiam
2929 3681 3132 3737 summi
3167 3680 3460 3739 Pontifices
3487 3680 3555 3740 de
3596 3679 3704 3738 hac
3736 3688 3898 3755 pote-.-

2294 3774 2433 3826 state
2471 3772 2800 3827 mentionem
2829 3768 3074 3844 aliquam
3100 3768 3385 3845 iecerunt,
3417 3770 3513 3827 sed
3547 3772 3733 3844 potius
3772 3772 3896 3830 ubi·

2293 3872 2402 3931 que
2437 3858 2770 3933 significant,
2801 3858 2936 3917 haec
2964 3875 3088 3917 esse
3128 3865 3284 3918 extra
3308 3859 3494 3918 >iorum
3523 3876 3727 3932 suum3
3759 3876 3896 3919 cum

2295 3953 2471 4004 tamen
2501 3947 2634 4005 alias
2671 3947 3110 4007 iurisdictionem
3137 3964 3294 4007 suam
3324 3956 3497 4007 totam
3525 3965 3690 4021 saepe
3725 3950 3902 4023 expli·

2291 4043 2442 4108 cent,
2471 4041 2529 4094 et
2553 4042 2836 4096 tueantur.
2870 4039 2970 4095 Est
2993 4039 3158 4095 etiam
3185 4054 3446 4114 magnum
3475 4046 3866 4113 argumentum
3887 4084 3901 4112 ,

2289 4125 2442 4199 quod
2471 4126 2738 4185 hactenus
2765 4142 2874 4185 non
2914 4127 3222 4186 invenimus
3250 4127 3427 4202 legem
3467 4128 3650 4187 datam
3677 4130 3750 4187 ab
3784 4131 3894 4187 Ec·

2288 4214 2459 4273 clesia
2484 4215 2551 4274 de
2578 4215 2662 4274 his
2689 4216 2907 4274 actibus
2938 4233 3084 4275 mere
3112 4218 3361 4290 internis,
3391 4218 3542 4291 quod
3571 4220 3713 4277 enim
3743 4235 3889 4276 nun·

2289 4321 2460 4379 quam
2491 4306 2698 4365 iactum
2735 4311 2848 4379 est,
2880 4307 3095 4380 signum
3121 4314 3209 4365 est
3241 4308 3356 4365 fieri
3381 4322 3488 4365 non
3517 4322 3700 4382 posse.
3725 4310 3895 4367 Ante·

2287 4393 2490 4454 cedens
2517 4412 2626 4453 non
2661 4403 2842 4470 potest
2867 4396 3089 4469 probari
3125 4396 3367 4470 directe,
3397 4396 3671 4456 constabit
3694 4404 3884 4456 tamen

2289 4484 2630 4543 sufficienter
2653 4530 2668 4559 ,
2700 4484 3080 4560 respondendo
3101 4479 3176 4545 'ad
3213 4486 3466 4561 decreta,
3498 4504 3642 4565 quae
3677 4488 3892 4548 Uedios

2288 4572 2534 4645 adducit,
2564 4582 2624 4632 et
2656 4576 2868 4649 reliqua
2897 4581 3226 4650 argumenta
3253 4573 3538 4635 solvendo.
3583 4568 3598 4577 “
3861 4597 3870 4605 ·

2372 4667 2426 4723 7.
2457 4665 2743 4722 Praeterea
2771 4662 2896 4722 addi
2930 4672 3110 4738 potest
3137 4666 3493 4739 congruentia
3512 4708 3528 4740 ,
3560 4670 3690 4742 quia
3728 4676 3884 4741 pote-

2289 4759 2404 4810 stas
2433 4752 2727 4826 legislativa
2755 4768 2853 4826 per
2880 4769 2942 4811 se
2977 4754 3151 4826 primo
3180 4754 3466 4813 ordinatur
3494 4755 3564 4813 ad
3597 4764 3888 4815 externum

2284 4849 2342 4900 et
2367 4858 2660 4900 commune
2686 4843 2965 4901 Ecclesiae
2993 4845 3255 4918 regimen,
3279 4851 3343 4902 ut
3368 4846 3423 4902 in
3451 4860 3516 4902 ea
3543 4848 3726 4904 omnia
3753 4862 3886 4905 con·

2284 4934 2563 4990 venienter
2588 4940 2646 4989 et
2683 4932 2929 4989 ordinate
2955 4933 3114 5007 iiant3
3143 4948 3274 5007 ergo
3319 4950 3414 5007 per
3440 4950 3499 4992 se
3542 4939 3754 4993 versari
3780 4936 3881 4993 de-

2284 5019 2406 5078 buit
2433 5020 2613 5078 solum
2637 5022 2788 5079 circa
2807 5022 3102 5086 exteriores
3123 5029 3308 5096 actus3
3331 5038 3460 5081 nam
3481 5024 3732 5083 Ecclesia
3757 5040 3888 5083 cor·

2285 5126 2390 5185 pus
2411 5116 2496 5168 est
2513 5110 2746 5181 visibile,
2767 5116 2825 5167 et
2843 5109 2962 5168 ideo
2981 5112 3209 5171 materia
3231 5112 3651 5172 accommodata
3671 5113 3742 5171 ad
3762 5114 3880 5171 eius

2287 5216 2640 5260 communem
2659 5207 2717 5260 et
2736 5207 3020 5261 externam
3041 5202 3516 5289 gubernationem,
3533 5203 3698 5263 debet
3721 5205 3891 5265 etiam
