4325 6267
777 335 860 398 62
2085 413 2090 416 ¹
2188 350 2393 400 menn
2418 351 2469 400 ι.

699 475 902 534 stotele
927 479 979 532 5.
1007 475 1208 534 Ethic.
1233 490 1355 547 cap.
1391 479 1440 544 1,
1462 479 1518 534 et
1540 479 1597 548 2,
1623 473 1716 550 qui
1737 472 1804 532 de
1825 475 1942 548 lege
1968 475 2205 534 humana
2228 473 2305 531 lo·

699 566 914 639 quitur,
943 572 1000 622 et
1025 564 1092 625 ab
1120 563 1313 622 eodem
1341 564 1397 623 d.
1429 564 1635 623 Thoma
1655 566 1944 639 exponitur
1965 565 2100 622 infra
2122 581 2179 638 q.
2207 569 2304 639 96,

697 662 806 712 art.
841 660 906 728 3,
950 671 1062 712 non
1103 654 1170 712 de
1211 654 1438 728 singulis
1478 655 1734 728 operibus
1775 656 2080 726 virtutum,
2113 653 2211 710 sed
2240 654 2308 713 de

702 745 916 803 actibus
947 744 1192 801 omnium
1222 747 1490 802 virtutum
1520 746 1844 818 generatim,
1877 760 1978 802 seu
2005 743 2301 815 indefinite3

697 839 753 892 et
783 833 860 890 sic
890 849 1085 890 verum
1113 840 1221 904 est,
1254 834 1398 907 leges
1421 837 1741 907 praecipere
1763 835 2008 892 omnium
2031 837 2307 891 virtutum

652 965 660 974 .
702 928 887 995 actus,
921 922 1054 979 licet
1083 939 1190 978 non
1221 927 1565 996 praecipiant
1593 941 1780 984 omnes
1803 933 1862 982 et
1883 924 2125 997 singulos
2146 930 2307 980 aetus

707 1011 950 1068 omnium
981 1014 1286 1084 virtutum3
1311 1019 1368 1070 et
1389 1015 1460 1070 ita
1483 1014 1608 1071 nihil
1631 1019 1925 1088 repugnat,
1950 1030 2072 1070 esse
2094 1013 2307 1084 aliquos

699 1109 862 1158 actus
893 1102 1066 1158 bonos
1097 1109 1309 1159 tantum
1334 1105 1651 1176 permissos.
1677 1105 1796 1160 Hoc
1820 1111 2006 1159 autem
2031 1103 2203 1175 magis
2224 1106 2307 1157 at-

701 1189 897 1248 tribuit
937 1191 992 1248 d.
1023 1190 1258 1247 Thomas
1297 1193 1592 1249 minoribns
1633 1192 1825 1265 honis,
1871 1207 2038 1266 quam
2074 1189 2307 1247 meliori-

701 1279 827 1352 bus,
856 1281 985 1352 quia
1011 1280 1220 1336 minora
1243 1297 1350 1336 non
1371 1281 1763 1338 consuluntur:
1789 1282 2000 1338 maiora
2021 1295 2150 1337 vero
2172 1294 2307 1337 con·

705 1367 990 1439 suluntur,
1023 1375 1080 1424 et
1107 1384 1248 1442 quae
1276 1369 1403 1426 talia
1434 1377 1584 1442 sunt,
1613 1386 1722 1426 non
1747 1367 2003 1426 videntur
2025 1385 2056 1426 a
2076 1370 2130 1427 d.
2165 1367 2309 1425 Tho-

697 1473 788 1513 ma
829 1457 933 1514 sub
971 1457 1052 1514 his
1081 1460 1366 1534 effectibus
1395 1459 1527 1534 legis
1559 1458 1977 1532 comprehendi,
2009 1459 2150 1516 sorte
2181 1477 2307 1533 pro-

707 1553 828 1618 pter
855 1546 1126 1606 rationem
1153 1551 1206 1605 in
1237 1550 1419 1622 capite
1448 1550 1720 1622 superiori
1747 1551 2101 1606 insinuatam.

1214 1725 1492 1796 CAPUT
1537 1725 1747 1795 XVII.

899 1916 1117 1978 Utrum
1144 1923 1268 1979 sint
1291 1921 1404 1978 alii
1429 1917 1676 1995 effectus
1703 1917 1848 1994 leyis
1868 1924 2116 1994 praeter

1273 2011 1409 2068 illos
1435 2015 1712 2084 quatuor.

1259 2193 1745 2260 Summarium

697 2363 748 2414 l.
775 2363 878 2416 Alii
896 2369 1108 2422 effectus
1132 2370 1262 2435 legis
1285 2376 1491 2434 praeter
1515 2374 1738 2432 quatuor
1763 2382 1917 2433 supra
1941 2373 2215 2437 expositos-
2230 2399 2301 2412 ——

766 2434 816 2486 2.
846 2437 993 2490 Nulla
1027 2448 1107 2491 est
1141 2441 1224 2490 lex
1253 2442 1364 2492 sine
1397 2441 1570 2503 aliquo
1599 2451 1664 2487 ex
1685 2438 1960 2491 effectibus
1994 2445 2300 2508 numeratiS,

765 2506 957 2571 aliique
992 2523 1165 2560 omnes
1200 2511 1251 2558 in
1285 2510 1390 2560 illis
1415 2511 1765 2571 continentur,
1794 2515 1852 2560 ut
1878 2513 2140 2575 probabile
2166 2525 2303 2564 asse-

767 2575 923 2627 ritur.
955 2607 1023 2617 -—-
1049 2580 1100 2636 3.
1125 2579 1316 2642 Duplex
1339 2583 1585 2643 potestas,
1612 2577 1864 2628 directim
1887 2582 2087 2631 scilicet
2110 2590 2161 2632 ct
2188 2595 2303 2633 coa-

766 2645 933 2710 ctiva,
961 2650 1276 2700 comitantur
1305 2651 1486 2712 legem.
1515 2675 1586 2685 —
1607 2647 1661 2698 4.
1691 2647 1766 2697 Ad
1789 2662 1942 2712 quem
1967 2651 2205 2701 effectum
2230 2653 2303 2702 le-

766 2715 850 2775 gis
875 2719 1131 2780 pertineat
1163 2725 1340 2768 taxare
1366 2720 1530 2782 pretia
1556 2730 1748 2769 rerum.
1775 2745 1846 2754 —
1870 2719 1922 2768 5.
1950 2721 2026 2769 Ad
2051 2734 2205 2784 quem
2227 2722 2304 2771 ef-

765 2783 958 2836 fectum
992 2789 1250 2852 pertineat
1281 2789 1598 2839 constituere
1633 2787 1856 2837 medium
1882 2790 1933 2838 in
1957 2791 2173 2840 materia
2200 2793 2303 2842 vir-

767 2857 912 2906 tutis,
941 2882 1012 2894 ——-
1037 2858 1088 2908 6.
1117 2857 1191 2906 Ad
1217 2871 1368 2921 quem
1391 2857 1633 2908 effectum
1662 2858 1792 2918 tegis
1811 2860 2069 2921 pertineat
2089 2859 2303 2911 formam

765 2929 1000 2976 statuere
1037 2927 1088 2976 in
1123 2928 1412 2979 actionibus
1444 2927 1696 2977 humanis.
1733 2953 1804 2964 —
1843 2927 1890 2977 7.
1927 2928 2154 2979 Effectus
2183 2930 2302 2980 irri-

767 2995 907 3046 tandi
937 2997 1018 3046 vel
1045 2996 1402 3048 inhabilitandi
1429 2998 1654 3061 pertinet
1677 2996 1739 3045 ad
1760 2996 1924 3059 legem
1945 2998 2303 3061 prohibentem

767 3065 847 3114 vel
877 3066 1294 3130 praecipientem.
1321 3093 1392 3106 -—-
1417 3067 1468 3116 8.
1496 3067 1574 3117 Ad
1597 3079 1748 3131 quem
1772 3065 2012 3117 effectum
2037 3070 2167 3130 legis
2186 3081 2303 3132 per·

763 3134 923 3186 tineat
942 3142 1141 3186 mutare
1161 3136 1382 3187 dominia
1403 3149 1597 3187 rerum.
1621 3164 1688 3173 —
1707 3136 1758 3186 9.
1781 3135 1855 3185 Ad
1877 3150 2029 3200 quem
2058 3137 2303 3189 effectum

762 3201 895 3268 legis
931 3207 1188 3266 pertineat
1233 3207 1491 3257 revocatio
1534 3207 1682 3270 legis.
1720 3231 1790 3241 —
1825 3207 1908 3256 10.
1948 3205 2169 3258 Favores
2210 3221 2302 3258 seu

766 3275 988 3339 praemia
1017 3276 1278 3338 pertinent
1304 3276 1364 3326 ad
1393 3277 1556 3338 legem
1581 3275 1950 3340 permissivam.

776 3432 823 3488 1.
857 3431 1188 3504 inquirimus
1210 3433 1596 3489 sufficientiam
1617 3431 1930 3504 praedictae
1963 3433 2299 3489 numeratio-

689 3523 796 3577 nis.
850 3521 922 3576 Et
963 3521 1104 3576 ratio
1134 3519 1416 3577 dubitandi
1443 3528 1548 3592 est,
1578 3522 1708 3594 quia
1735 3521 1926 3593 plures
1957 3521 2042 3576 alii
2067 3522 2302 3579 effectus

691 3609 866 3666 solent
907 3610 1018 3665 fieri
1044 3623 1142 3681 per
1170 3609 1338 3683 leges.
1368 3611 1552 3666 Primo
1582 3611 1727 3666 enim
1755 3625 1852 3682 per
1875 3612 2019 3684 leges
2043 3618 2302 3669 taxantur

689 3700 864 3772 pretia
897 3713 1107 3755 rerum.
1134 3699 1387 3756 Secundo
1413 3716 1509 3771 per
1532 3699 1650 3757 illas
1673 3701 2034 3759 constituitur
2057 3690 2321 3759 medium'

691 3789 746 3845 in
786 3788 1008 3844 materia
1053 3788 1291 3845 virtutis.
1325 3789 1506 3846 Tertio
1539 3789 1742 3846 dantur
1772 3790 1978 3847 formae
2005 3791 2303 3847 contracti-

691 3879 823 3949 bus,
869 3877 1246 3950 testamentis,
1277 3885 1390 3934 etc.
1423 3885 1477 3934 et
1504 3879 1922 3936 constituuntur
1951 3885 2012 3936 ut
2037 3880 2321 3936 essentia-'

692 3969 770 4025 les
797 4010 812 4037 ,
854 3967 925 4023 ita
964 3973 1031 4023 ut
1069 3973 1226 4044 actus
1265 3967 1420 4024 aliter
1455 3967 1582 4025 sacti
1621 3983 1730 4025 non
1761 3969 1991 4026 valeant.
2025 3968 2105 4025 Ad
2133 3985 2300 4042 quem

690 4057 950 4113 effectum
993 4057 1269 4128 pertinent
1308 4057 1470 4114 etiam
1508 4059 1839 4116 irritationes
1882 4065 2297 4132 contractuum,

689 4145 1137 4202 inhabilitationes
1187 4161 1543 4218 personarum
1571 4147 1640 4204 ad
1667 4147 1800 4204 tales
1827 4154 2150 4206 contractus
2171 4191 2186 4221 ,
2217 4148 2300 4206 vel

691 4250 938 4292 munera.
975 4235 1215 4303 Quartus
1255 4241 1340 4292 est
1379 4242 1591 4292 mutare
1628 4237 1868 4294 dominia
1897 4252 2101 4297 rerum.
2128 4239 2303 4307 Quin-

689 4332 778 4383 tus
827 4324 974 4396 leges
1024 4339 1304 4381 revocare.
1357 4325 1557 4383 Sextus
1616 4326 1832 4383 favores
1875 4307 2213 4406 concedere:
2248 4335 2305 4386 et

689 4416 930 4488 praemia
980 4415 1252 4486 tribuere3
1297 4431 1410 4472 non
1449 4415 1592 4472 enim
1635 4417 1818 4477 minus
1859 4416 1966 4473 hoc
2017 4418 2085 4475 ad
2125 4418 2299 4491 legem

689 4507 954 4577 pertinet,
995 4521 1160 4578 quam
1198 4505 1420 4578 punitio.
1454 4510 1618 4564 Nam
1637 4509 1931 4580 praemio,
1970 4513 2082 4564 aut
2103 4524 2303 4583 poena

691 4597 824 4651 vita
855 4591 1200 4651 moderatur
1222 4594 1516 4662 huniana,
1556 4603 1621 4651 ut
1648 4593 1884 4651 Isidorus
1913 4612 2078 4668 supra
2105 4596 2259 4655 dicit.

773 4685 927 4742 Hauc
955 4682 1332 4741 difficultatem
1362 4684 1518 4741 facile
1547 4685 1714 4760 aliqui
1741 4685 2072 4758 expediunt,
2101 4703 2301 4745 conce-

637 4807 650 4824 ·
695 4774 873 4833 dendo
915 4788 1038 4830 esse
1077 4773 1212 4829 alios
1253 4773 1483 4831 effectus
1523 4775 1689 4848 legis3
1735 4775 1856 4832 illos
1895 4790 2025 4832 vero
2055 4784 2302 4850 quatuor

694 4867 861 4924 ruisse
902 4872 1223 4922 numeratos
1263 4870 1328 4921 ut
1355 4867 1706 4936 praecipuos,
1737 4867 2016 4940 magisque
2044 4867 2299 4934 usitatos,

699 4971 765 5014 ac
789 4954 1154 5028 necessarios,
1184 4959 1240 5010 et
1264 4956 1394 5026 quia
1418 4969 1482 5010 ex
1512 4954 1590 5010 eis
1619 4952 1774 5011 facile
1801 4961 1922 5011 erat
1947 4955 2082 5012 alios
2111 4955 2301 5012 intelli-

693 5061 850 5120 gere.
877 5043 1034 5113 Quod
1071 5059 1179 5100 non
1218 5043 1382 5100 habet
1419 5057 1682 5116 magnum
1723 5043 2142 5116 inconveniens,
2174 5045 2303 5118 quia

697 5149 798 5191 nec
827 5131 1093 5207 Isidorus,
1127 5147 1228 5190 nec
1257 5132 1703 5205 Iureconsultus,
1733 5147 1834 5189 nec
1863 5133 1920 5190 d.
1953 5133 2187 5190 Thomas
2216 5151 2301 5191 as-

695 5229 1054 5296 sumpserunt
1083 5223 1425 5295 provinciam
1448 5221 1692 5279 tradendi
1715 5238 1904 5280 omnes
1927 5223 2179 5298 effectus,
2204 5223 2300 5282 sed

2380 473 2652 532 moraliter
2700 489 2766 532 ac
2814 472 3196 532 doctrinaliter
3238 473 3410 530 locuti
3450 480 3599 531 sunt.
3646 475 3717 532 Et
3752 473 3820 531 ab
3863 474 3974 532 hoc

2378 563 2542 622 modo
2583 564 2797 622 dicendi
2838 581 2946 620 non
2988 563 3149 637 longe
3180 564 3381 621 absunt
3406 563 3628 635 Glossa,
3657 571 3715 621 et
3742 566 3885 622 Bart.
3920 565 3977 622 in

2376 656 2433 713 d.
2466 655 2505 712 1.
2537 653 2682 729 leqis
2723 657 2940 722 virtus,
2985 654 3119 711 dum
3159 653 3382 726 dicunt,
3413 654 3623 728 aliquas
3651 669 3773 713 esse
3801 653 3971 728 leges,

2377 759 2519 818 quae
2558 759 2668 801 non
2710 743 2910 801 habent
2949 742 3180 816 aliquem
3209 759 3277 801 ex
3306 744 3392 800 bis
3418 745 3734 814 effectibus3
3764 744 3975 803 nullam

2378 841 2563 891 tamen
2590 849 2734 905 esse,
2767 849 2909 907 quae
2936 849 3043 890 non
3068 834 3232 890 faciat
3250 833 3485 906 aliquem
3507 835 3765 891 effectum
3788 835 3977 907 aequi·

2378 923 2692 996 pollentem,
2723 930 2777 980 et
2804 923 2908 981 hoc
2942 924 3075 980 satis
3102 937 3247 980 esse.
3279 925 3352 980 Et
3376 923 3562 980 eadem
3594 925 3807 981 ratione
3838 939 3973 980 con-

2374 1013 2602 1085 cedunt,
2632 1027 2793 1084 posse
2822 1014 3059 1084 aliquam
3088 1011 3261 1085 legem
3290 1027 3397 1069 non
3427 1010 3627 1069 habere
3648 1012 3883 1086 aliquem
3904 1029 3976 1069 ex

2376 1103 2660 1160 effectibus
2680 1143 2695 1174 ,
2739 1101 2835 1158 sed
2866 1102 3105 1176 aliquem
3133 1102 3301 1159 alium
3328 1100 3787 1176 aequipollentem
3812 1102 3977 1158 alicui

2376 1207 2443 1248 ex
2473 1207 2650 1276 supra·
2669 1192 2994 1248 numeratis.

2454 1287 2512 1341 2.
2552 1285 2693 1340 Satis
2747 1289 2929 1339 tamen
2966 1281 3317 1354 probabiliter
3360 1281 3465 1340 diei
3503 1288 3719 1355 potest,
3769 1281 3977 1340 nullam

2376 1387 2499 1428 esse
2528 1372 2733 1446 legem,
2768 1387 2908 1445 quae
2940 1387 3047 1428 non
3077 1371 3275 1428 habeat
3302 1371 3537 1446 aliquem
3565 1387 3632 1428 ex
3660 1371 3821 1428 dictis
3848 1371 3977 1428 effe-

2377 1463 2559 1518 ctibus
2592 1478 2721 1519 cum
2753 1462 2899 1518 omni
2928 1461 3287 1534 proprietate.
3318 1463 3389 1519 Et
3409 1477 3439 1519 e
3462 1461 3736 1518 contrario
3760 1460 3978 1517 nullum

2376 1567 2499 1609 esse
2525 1553 2781 1608 effectum
2812 1551 2967 1623 legis,
2986 1552 3095 1624 qui
3124 1551 3227 1607 sub
3248 1549 3543 1622 praedictis
3564 1565 3675 1606 non
3694 1550 3973 1607 continea-

2379 1647 2497 1697 tur.
2542 1642 2787 1696 Primum
2830 1640 3097 1711 probatur
3123 1654 3188 1695 ex
3216 1639 3480 1710 principio
3511 1641 3689 1710 posito
3717 1641 3771 1695 in
3798 1639 3977 1710 capite

2374 1729 2757 1804 praecedenti,
2804 1730 2897 1786 uhi
2935 1726 3298 1800 ostendimus,
3329 1742 3545 1784 omnem
3573 1727 3747 1799 legem
3774 1727 3978 1784 habere

2377 1823 2489 1876 vim
2526 1819 2836 1893 obligandi3
2876 1833 3013 1891 ergo
3044 1832 3274 1875 necesse
3302 1824 3413 1888 est,
3437 1823 3500 1874 ut
3523 1818 3702 1873 omnis
3732 1817 3815 1874 lex
3846 1817 3980 1874 obli-

2373 1917 2487 1984 get,
2512 1925 2642 1982 ergo
2664 1907 2747 1965 vel
2777 1907 2843 1964 ad
2872 1907 3169 1979 agendum,
3194 1907 3275 1964 vel
3306 1906 3374 1964 ad
3400 1921 3509 1964 non
3530 1905 3823 1980 agendum:
3850 1923 3979 1964 nam

2374 2000 2509 2056 baec
2532 1997 2958 2056 contradictorie
2974 2004 3350 2070 opponuntur,
3371 2003 3429 2054 et
3448 2003 3851 2070 consequenter
3868 2012 3977 2053 non

2374 2087 2671 2145 admittunt
2692 2087 2953 2158 medium,
2978 2093 3034 2144 et
3060 2086 3181 2144 ideo
3208 2085 3359 2143 nulla
3383 2092 3470 2143 est
3490 2087 3597 2158 lex,
3617 2103 3756 2159 quae
3784 2086 3979 2144 saltem

2372 2183 2646 2249 quatenus
2666 2176 2899 2250 aliquem
2922 2175 3147 2251 obligat,
3172 2192 3281 2233 non
3303 2175 3497 2232 habeat
3521 2179 3793 2234 rationem
3820 2192 3979 2250 prae-

2372 2267 2540 2339 cepti,
2566 2273 2661 2322 aut
2684 2265 3080 2339 prohibitionis,
3098 2266 3229 2324 licet
3249 2267 3353 2322 sub
3379 2266 3493 2322 aliis
3522 2266 3828 2324 rationibus
3850 2283 3979 2339 pos·

2372 2355 2442 2412 sit
2466 2355 2601 2410 alios
2628 2354 2856 2411 effectus
2885 2355 3102 2412 babere.

2452 2449 2505 2501 3.
2539 2446 2611 2502 Ut
2636 2449 2819 2502 autem
2850 2445 3115 2516 probetur
3140 2445 3314 2504 altera
3337 2459 3485 2517 pars,
3508 2443 3869 2517 supponenda
3890 2451 3979 2502 est

2372 2533 2621 2607 vulgaris
2650 2533 2926 2590 distinctio
2958 2533 3023 2589 de
3054 2532 3259 2607 duplici
3288 2534 3494 2591 virtute
3521 2533 3675 2608 legis,
3708 2534 3977 2592 directiva

2370 2631 2427 2680 et
2451 2625 2727 2696 coactiva,
2752 2639 2919 2697 quam
2948 2622 3118 2681 tradit
3145 2622 3199 2679 d.
3229 2623 3461 2680 Thomas
3484 2641 3539 2697 q.
3570 2628 3663 2696 69,
3690 2631 3798 2681 art.
3829 2629 3884 2693 5,
3908 2633 3967 2682 et

2371 2713 2441 2769 ihi
2472 2713 2581 2768 alii.
2614 2713 2803 2768 Solent
2830 2717 3013 2768 autem
3042 2712 3179 2769 haec
3207 2713 3374 2770 verba
3401 2715 3549 2769 varie
3569 2716 3776 2786 accipi;
3802 2715 3970 2771 inter-

2371 2802 2504 2859 dum
2546 2803 2691 2858 enim
2721 2803 2802 2857 vis
2830 2803 3077 2859 coactiva
3105 2803 3238 2875 legis
3266 2801 3469 2859 dicitur
3495 2804 3576 2859 vis
3612 2802 3887 2878 obligandi
3916 2807 3971 2862 in

2370 2891 2721 2963 conscientia,
2742 2891 3020 2965 quomodo
3041 2891 3287 2964 loquitur
3316 2891 3478 2948 divus
3494 2891 3735 2949 Thomas
3756 2898 3879 2968 1.2,
3910 2910 3971 2968 q.

2380 2983 2440 3039 17
2468 3025 2482 3052 ,
2513 2989 2618 3037 art.
2654 2987 2709 3039 3.
2739 2979 2807 3037 ad
2836 2986 2893 3056 2,
2925 2981 3057 3038 dum
3088 2984 3143 3037 in
3170 2981 3278 3038 hoc
3306 2981 3594 3056 distinguit
3618 2983 3913 3040 consilium
3941 2999 3977 3039 a

2372 3077 2665 3143 praecepto
2686 3112 2701 3138 ,
2730 3069 2881 3143 quod
2917 3070 3206 3128 consilium
3235 3078 3324 3127 est
3346 3070 3589 3128 inductio
3618 3085 3730 3128 non
3758 3072 3963 3129 hahens

2373 3163 2481 3217 vim
2509 3162 2769 3232 activam,
2802 3160 2853 3217 id
2880 3167 2965 3216 est
2992 3156 3366 3233 obligativam,
3398 3167 3455 3216 et
3481 3161 3563 3216 sic
3592 3161 3672 3216 vis
3700 3160 3971 3218 directiva

2371 3255 2458 3306 est
2498 3251 2813 3306 communis
2853 3249 3113 3318 consilio,
3153 3249 3513 3322 consistitque
3552 3249 3735 3307 solum
3762 3252 3817 3306 in
3847 3249 3971 3308 illu-

2300 3359 2309 3366 ·
2372 3341 2661 3397 minatione
2687 3344 2745 3396 et
2770 3339 3069 3396 directione
3099 3340 3407 3396 memiana
3428 3341 3597 3397 etiam
3616 3340 3787 3396 Caiet.
3822 3347 3971 3397 torno

2378 3433 2427 3488 1.
2461 3445 2656 3500 opusc.
2690 3445 2747 3502 q.
2782 3433 2813 3485 2
2834 3469 2850 3499 ,
2882 3427 2986 3483 sub
3024 3429 3308 3484 coactione
3350 3428 3483 3500 legis
3519 3429 3631 3484 vim
3660 3444 3877 3486 omnem
3904 3429 3971 3486 ad

2372 3516 2727 3590 obligandum
2766 3515 3035 3588 includit,
3072 3523 3137 3582 ‚et
3166 3515 3280 3572 sere
3307 3516 3501 3573 eodem
3530 3518 3693 3575 modo
3722 3516 3973 3591 loquitur

2374 3609 2501 3665 Soto
2543 3605 2635 3662 lib.
2676 3611 2721 3664 1.
2756 3603 2827 3660 de
2862 3607 3002 3662 inst.
3034 3621 3090 3678 q.
3128 3609 3192 3677 6,
3226 3611 3330 3663 art.
3368 3609 3419 3664 7.
3454 3607 3605 3663 circa
3631 3608 3811 3663 finem.
3842 3609 3973 3664 Pro-

2372 3701 2525 3769 prius
2554 3711 2681 3751 vero
2718 3695 2989 3768 loquendo
3010 3735 3027 3762 ,
3072 3697 3127 3751 in
3166 3697 3397 3768 ipsamet
3426 3695 3545 3770 lege
3570 3695 3684 3753 duo
3714 3697 3967 3770 effectus,

2370 3793 2427 3844 et
2466 3791 2869 3858 consequenter
2902 3786 3063 3858 quasi
3099 3784 3239 3842 duae
3268 3787 3501 3842 virtutes
3528 3785 3967 3860 distinguuntur3

2374 3876 2477 3932 alia
2507 3875 2782 3949 obligandi
2811 3877 2867 3930 in
2897 3876 3255 3946 conscientia,
3285 3891 3427 3948 quae
3455 3875 3721 3933 directiva
3745 3874 3970 3951 dicitur,

2370 3966 2476 4023 alia
2518 3964 2842 4023 subiiciendi
2884 3971 2940 4020 et
2978 3964 3250 4039 obligandi
3291 3965 3357 4021 ad
3387 3981 3640 4037 poenam,
3674 3981 3817 4040 quae
3845 3982 3974 4025 coa-

2373 4057 2519 4112 ctiva
2557 4054 2783 4113 dicitur.
2824 4057 2962 4112 Nam
3001 4057 3052 4122 in
3093 4055 3399 4129 legislatore
3448 4062 3683 4127 utraque
3722 4063 3964 4129 potestas

2371 4146 2679 4203 necessaria
2712 4153 2828 4218 est3
2866 4144 3161 4217 ilireetiva,
3207 4152 3270 4201 ut
3296 4145 3563 4218 imperare
3592 4145 3798 4218 valeat,
3828 4149 3962 4221 quid

2372 4236 2667 4311 agendum,
2695 4237 2777 4292 vel
2808 4251 2916 4292 non
2946 4233 3212 4307 agendum
3236 4235 3308 4292 sit
3330 4249 3460 4290 cum
3484 4235 3805 4292 necessitate
3823 4253 3963 4309 qua-

2373 4327 2499 4384 dam
2527 4327 2828 4398 pertinente
2856 4323 2923 4381 ad
2953 4324 3293 4381 honestatem
3323 4340 3561 4396 morum,
3592 4340 3737 4397 quae
3765 4326 3972 4385 dicitur

2375 4416 2629 4490 obligatio
2673 4418 2727 4471 iu
2764 4415 3130 4482 conscientia,
3172 4429 3271 4470 seu
3311 4415 3364 4471 in
3394 4414 3600 4471 ratione
3641 4414 3967 4489 honestatis3

2375 4505 2656 4577 coactiva,
2688 4510 2752 4561 ut
2778 4518 2977 4575 cogere
3006 4502 3196 4575 possit,
3229 4509 3292 4560 ut
3321 4503 3419 4560 sibi
3448 4501 3754 4574 obediatur.
3784 4505 3855 4562 Et
3880 4505 3971 4562 hic

2374 4601 2463 4654 est
2490 4594 2838 4653 communior
2864 4609 3003 4650 usus
3030 4593 3226 4650 harum
3250 4609 3473 4666 vocum,
3499 4601 3565 4651 ut
3583 4601 3803 4652 constat
3820 4611 3886 4652 ex
3908 4594 3967 4654 d.

2373 4685 2580 4742 Thoma
2607 4683 2661 4740 d.
2693 4700 2749 4758 q.
2784 4687 2879 4756 96,
2912 4688 3019 4740 art.
3053 4690 3109 4756 5,
3139 4690 3194 4740 et
3222 4682 3339 4740 aliis
3366 4685 3757 4756 interpretibus
3784 4687 3886 4762 ibi,
3914 4695 3975 4746 et

2368 4777 2445 4832 ita
2484 4775 2587 4831 illis
2628 4780 2881 4846 utemur,
2924 4772 3053 4845 quia
3092 4773 3304 4829 coactio
3331 4775 3551 4846 proprie
3578 4773 3784 4832 dicitur
3810 4775 3880 4833 de
3906 4793 3970 4835 re

2370 4863 2757 4936 involuntaria,
2788 4868 2854 4920 ut
2878 4869 2965 4920 est
2990 4877 3191 4937 poena3
3222 4861 3447 4920 directio
3476 4870 3662 4921 autem
3691 4865 3822 4937 legis
3844 4867 3971 4937 plus

2369 4953 2621 5026 includit,
2652 4969 2819 5026 quam
2846 4952 3157 5026 eonsilium,
3188 4952 3271 5009 vel
3294 4952 3663 5021 monitionem,
3688 4970 3754 5012 ac
3778 4955 3971 5016 subin-

2369 5045 2437 5102 de
2464 5043 2699 5101 includit
2722 5043 3127 5116 obligationem.

2448 5137 2699 5193 Potestas
2726 5149 2861 5207 ergo
2889 5133 3151 5190 directiva
3194 5131 3530 5192 sufficienter
3550 5131 3767 5193 videtur
3794 5136 3969 5210 expli-

2372 5225 2486 5283 cari
2515 5240 2612 5297 per
2640 5231 2828 5282 actum
2872 5222 3267 5296 praecipiendi,
3303 5231 3363 5282 et
3385 5225 3708 5300 prohibendi
3738 5229 3967 5300 propter
