4325 6267
1685 406 1690 413 .
1736 366 1946 415 CAPUT
1979 367 2101 414 ΧΠ.

305 496 390 567 gis
412 539 426 565 ,
456 504 726 568 quatenus
754 502 839 551 est
865 493 1052 566 regula
1081 492 1295 565 publica
1324 492 1492 549 totius
1521 492 1882 549 communita-

291 590 394 656 tis,
437 596 502 643 ut
541 587 752 644 dictum
793 594 909 653 est,
953 590 1009 640 et
1047 583 1168 640 ideo
1211 584 1338 639 licet
1363 583 1446 639 lex
1477 584 1547 638 sit
1573 599 1606 638 a
1635 581 1878 654 principe

293 674 554 747 decreta,
598 684 656 733 et
693 675 960 753 publicari
1000 674 1252 730 mandata
1278 716 1293 743 ,
1337 672 1608 746 quamdiu.
1639 669 1878 744 promul-

291 772 422 839 gata
447 782 560 821 non
589 772 702 837 est,
734 782 836 822 non
866 764 1104 836 obligat,
1135 763 1342 819 etiamsi
1367 763 1617 835 privatim
1645 766 1874 819 sciatur.

287 858 590 927 Postquam
633 864 814 913 autem
843 854 1190 928 promulgata
1213 861 1329 923 est,
1361 854 1428 911 de
1457 871 1515 911 se
1541 854 1645 910 iam
1676 853 1878 924 obligat

289 962 515 1019 omnes,
546 946 612 1003 ad
641 963 779 1020 quos
807 962 904 1019 per
933 960 990 1001 se
1019 950 1198 1016 potest
1219 946 1410 1002 notitia
1427 945 1546 1001 eius
1567 945 1876 1019 pervenire,

291 1052 396 1093 nec
427 1044 672 1108 oportet,
705 1044 770 1093 ut
797 1034 898 1091 alia
925 1035 1188 1092 intimatio
1218 1036 1376 1108 quasi
1403 1034 1628 1092 iuridica
1657 1033 1879 1107 singulis

286 1128 418 1200 fiat,
449 1133 515 1183 ut
539 1126 743 1183 dicitur
767 1128 820 1183 in
849 1126 904 1182 d.
936 1140 1058 1196 cap.
1090 1124 1157 1181 de
1185 1125 1389 1200 postul.
1421 1125 1653 1183 Praelat.
1680 1132 1734 1183 et
1765 1132 1877 1183 tra-

284 1218 496 1274 ctando
524 1218 592 1274 de
619 1216 735 1289 lege
765 1217 1000 1274 humana
1029 1216 1190 1273 latius
1219 1216 1598 1288 explicabitur.

373 1315 425 1365 5.
453 1308 694 1365 Dubitari
719 1324 844 1365 vero
867 1307 951 1364 hic
975 1308 1206 1364 ulterius
1227 1314 1472 1379 poterat,
1500 1324 1567 1363 an
1588 1307 1656 1364 de
1678 1310 1882 1365 ratione
1909 1294 1915 1301 ’

289 1399 430 1472 legis
452 1400 523 1454 sit
539 1401 702 1456 etiam
723 1398 1028 1470 acceptatio
1053 1396 1419 1462 subditorum,
1450 1414 1589 1469 quae
1609 1406 1734 1470 post
1755 1414 1881 1469 pro-

289 1488 682 1560 mulgationem
724 1488 1004 1560 sequitur,
1036 1494 1100 1543 ut
1137 1486 1350 1543 videtur
1377 1488 1648 1544 insinuare
1677 1488 1881 1544 Gratia-

286 1596 398 1634 nus
428 1594 594 1650 supra
623 1578 840 1649 11188118,
871 1575 1020 1649 leqes
1047 1579 1304 1645 institui,
1337 1593 1472 1633 cum
1495 1576 1883 1651 11188ιυὶ9818-

287 1666 722 1739 tun-firmari,
757 1684 893 1723 cum
914 1666 1174 1723 moribus
1195 1670 1620 1741 suscipiuntur.
1647 1668 1752 1725 Sed
1778 1668 1879 1724 hoc

284 1758 524 1815 dubium
553 1773 661 1814 non
693 1756 855 1813 habet
884 1756 1069 1813 locum
1096 1758 1147 1812 in
1178 1756 1388 1829 legibus
1419 1757 1608 1814 divinis
1627 1802 1641 1829 ,
1668 1758 1764 1815 sed
1793 1774 1880 1815 so-

287 1848 408 1905 lum
447 1850 498 1904 in
541 1847 791 1904 humanis
812 1890 826 1919 ,
857 1854 914 1903 et
939 1848 1060 1904 ideo
1091 1846 1226 1903 illud
1257 1848 1391 1904 infra
1421 1849 1764 1906 tractandum
1795 1865 1880 1921 re-

285 1940 470 1995 mitto.
501 1940 573 1995 Et
596 1938 718 1995 dico
746 1939 1010 2005 breviter,
1045 1938 1189 1995 illam
1218 1938 1726 2003 conditionem‚non
1756 1957 1878 1997 esse

288 2028 360 2084 de
387 2029 596 2085 ratione
626 2028 758 2101 legis
775 2070 790 2100 ,
813 2044 914 2085 nec
935 2028 1235 2085 formaliter
1259 2031 1550 2087 convenire
1572 2032 1732 2089 alicui
1753 2031 1876 2105 legi,

287 2118 400 2175 imo
430 2118 832 2193 quodammodo
870 2135 1002 2175 cum
1039 2118 1180 2175 illius
1208 2122 1416 2177 ratione
1443 2138 1720 2195 pugnare,
1753 2138 1877 2179 nam

288 2209 360 2265 de
389 2212 597 2265 ratione
625 2210 755 2282 legis
781 2216 894 2281 est,
928 2216 990 2265 ut
1017 2211 1122 2266 vim
1149 2209 1347 2267 habeat
1375 2211 1679 2285 obligandi:
1709 2215 1754 2269 si
1783 2229 1879 2271 au·

291 2308 402 2356 tem
431 2300 664 2371 pendeat
689 2314 754 2355 ex
776 2299 1094 2371 acceptione
1112 2299 1488 2373 subditorum,
1513 2302 1616 2359 iam
1638 2320 1746 2359 888
1769 2311 1880 2360 1818

289 2391 413 2460 ipsa
443 2388 740 2463 obligaret,
771 2405 934 2461 quam
965 2390 1065 2461 ipsi
1094 2388 1297 2446 subditi
1326 2390 1637 2449 voluntarie
1667 2410 1724 2449 se
1753 2396 1882 2450 sub-

289 2480 573 2535 mitterent
611 2479 731 2553 legi.
774 2482 829 2536 Si
871 2495 1000 2552 ergo
1041 2479 1330 2552 aliquando
1369 2484 1665 2554 requiritur
1695 2484 1880 2556 populi

289 2570 632 2642 acceptatio,
663 2570 748 2625 vel
785 2576 872 2625 est
898 2576 1122 2641 propter
1150 2570 1524 2643 imperfectam
1553 2580 1878 2645 potestatem

287 2661 584 2733 principis,
613 2660 706 2733 qui
743 2667 953 2717 tantum
991 2660 1094 2716 sub
1128 2658 1231 2716 hac
1258 2660 1568 2719 conditione
1597 2672 1654 2721 et
1682 2664 1878 2736 depen-

289 2750 476 2806 dentia
514 2757 833 2822 potestatem
875 2750 1104 2821 recipit,
1133 2749 1216 2806 vel
1245 2757 1330 2808 est
1358 2767 1422 2808 ex
1449 2752 1778 2827 benignitate
1806 2755 1884 2812 le-

289 2839 598 2911 gislatoriS,
627 2840 722 2912 qui
761 2828 870 2896 non
913 2838 1031 2895 vult
1070 2841 1151 2895 uti
1182 2855 1285 2896 sua
1310 2840 1563 2898 absoluta
1591 2850 1879 2913 potestate.

289 2930 450 2987 Unde
491 2928 708 3003 quando
749 2930 951 2985 dicitur
990 2927 1073 2985 lex
1113 2928 1352 2985 humana
1391 2931 1594 2987 firmari
1639 2935 1881 2991 moribus

291 3021 604 3089 utentium,
649 3036 756 3075 non
793 3030 900 3075 tam
929 3022 1078 3091 iure,
1110 3036 1275 3093 quam
1307 3020 1450 3077 facto
1478 3022 1884 3095 intelligendum

289 3118 410 3181 est,
443 3118 504 3168 ut
529 3111 700 3167 sensit
723 3110 948 3167 Archid.
981 3111 1033 3166 in
1061 3110 1118 3167 d.
1149 3118 1182 3179 §
1209 3110 1339 3180 lex,
1373 3112 1429 3171 d.
1462 3118 1520 3181 4,
1549 3120 1606 3169 et
1644 3114 1721 3170 ibi
1746 3116 1885 3171 Tur-

291 3208 598 3258 recremata
622 3207 726 3257 art.
759 3205 824 3273 23
858 3200 954 3257 sed
981 3199 1048 3257 de
1075 3200 1182 3257 hoc
1213 3201 1370 3273 plura
1395 3202 1684 3260 tractando
1713 3202 1781 3261 de
1807 3203 1884 3261 le-

291 3293 456 3364 gibus
485 3292 757 3347 1111818818.
869 3325 880 3341 .

374 3386 430 3439 6.
459 3383 698 3453 Denique
737 3380 972 3439 dubitari
1013 3389 1222 3454 potest,
1266 3398 1335 3440 an
1375 3399 1498 3441 esse
1526 3384 1788 3457 scriptam
1818 3387 1887 3443 sit

289 3472 360 3529 de
389 3474 602 3529 ratione
632 3472 785 3545 legis.
809 3474 969 3529 Ratio
993 3472 1143 3531 dubii
1163 3481 1276 3547 est,
1300 3476 1431 3549 quia
1451 3476 1699 3533 isidorus
1722 3493 1884 3549 saepe

290 3563 399 3619 hoc
429 3564 584 3634 ponit
606 3564 662 3618 in
689 3562 994 3619 definitione
1020 3563 1176 3637 legis,
1209 3580 1334 3621 nam
1361 3564 1502 3622 libro
1535 3571 1586 3622 5.
1617 3566 1880 3641 Etymol.

289 3654 466 3733 capite
501 3657 558 3709 5:
591 3656 750 3718 Lex,
783 3653 992 3725 inquit,
1021 3658 1108 3710 est
1135 3658 1476 3711 constitutio
1503 3659 1763 3730 scripta.-
1791 3656 1886 3715 ha-

287 3742 453 3799 betur
481 3742 535 3797 in
565 3742 738 3813 capite
768 3746 824 3811 3,
854 3742 908 3799 d.
949 3746 1008 3809 1,
1038 3749 1095 3799 81
1122 3743 1170 3799 18
1205 3742 1310 3800 1188
1338 3743 1625 3817 distinguit
1653 3745 1826 3818 legem
1855 3761 1886 3802 a

283 3836 410 3891 iure
449 3839 506 3890 et
545 3848 578 3888 8
617 3827 1010 3908 consuetudine
1045 3832 1444 3891 ibidem..Unde
1470 3834 1527 3893 d.
1559 3835 1794 3892 Thomas
1821 3840 1880 3894 2.

287 3929 348 3989 2,
379 3940 438 3996 q.
475 3926 570 3994 57,
601 3928 707 3978 811.
743 3927 793 3981 1.
826 3920 890 3978 ad
921 3928 975 3981 2.
1001 3922 1156 3993 dicit,
1187 3926 1274 3980 ius
1303 3928 1347 3981 si
1375 3924 1426 3980 in
1455 3925 1719 3997 scriptum
1747 3925 1886 3982 redi-

3381 342 3463 403 49

1953 490 2083 545 uvas
2130 489 2216 545 lex
2268 495 2425 546 vetus
2476 488 2806 559 scripturam
2855 488 3161 545 necessario
3202 485 3533 559 requirebat,

1950 580 2076 652 quia
2119 582 2259 636 Deus
2298 580 2371 635 ita
2410 577 2583 635 voluit
2608 578 2753 635 illam
2785 577 3027 647 tradere,
3064 586 3122 635 et
3150 578 3279 633 nihil
3307 576 3379 633 illi
3408 575 3551 637 addi.

1951 676 2215 743 tanquam
2256 669 2529 741 pertinens
2569 667 2637 723 ad
2678 667 2918 724 divinum
2961 669 3075 739 ius,
3107 674 3165 724 et
3192 666 3311 723 ideo
3342 666 3425 723 lex
3454 664 3543 721 illa

1921 762 2181 832 ‘scripta
2206 774 2301 830 per
2333 756 2761 815 antonomasiam
2787 756 3005 814 dicitur.
3037 759 3108 813 At
3132 773 3262 813 vero
3302 756 3387 813 lex
3417 770 3541 829 gra-

1950 850 2058 905 tiae
2099 866 2209 905 non
2251 848 2487 921 requirit
2523 862 2621 919 per
2660 861 2717 901 se
2737 886 2753 917 ,
2784 845 2928 918 quod
2958 847 3029 902 sit
3054 847 3261 918 scripta
3287 846 3341 900 in
3370 861 3540 901 mem·

1948 940 2132 997 branis
2153 982 2169 1011 ,
2203 940 2299 997 sed
2327 941 2378 995 in
2409 938 2687 995 cordibus.
2713 936 2869 995 Unde
2896 952 3003 993 non
3027 935 3383 993 limitatur-ad
3406 937 3541 992 scri-

1953 1038 2205 1103 pturam,
2238 1029 2330 1088 sed
2360 1030 2631 1102 antiquior
2659 1034 2746 1084 est
2770 1027 2887 1097 illa,
2917 1033 2975 1083 et
3004 1028 3117 1082 sine
3148 1025 3235 1083 illa
3264 1025 3539 1083 sufficien-

1953 1126 2037 1179 ter
2063 1122 2413 1195 promulgata
2441 1120 2542 1176 fuit
2560 1162 2575 1190 ,
2607 1124 2669 1175 ut
2696 1124 2885 1190 postea
2911 1106 3233 1173 videbimus.
3256 1117 3389 1173 Hinc
3412 1130 3543 1187 ergo

1951 1212 2229 1270 evidenter
2254 1213 2636 1283 convincitur,
2661 1210 2991 1281 scrIpturam
3012 1207 3345 1264 materialem
3368 1215 3425 1264 81
3450 1224 3541 1263 ex-

1955 1311 2205 1373 ternam,
2251 1303 2317 1360 de
2358 1318 2469 1375 qua
2508 1307 2593 1358 est
2630 1299 2911 1373 quaestio,
2955 1314 3063 1353 nou
3088 1312 3207 1353 esse
3234 1296 3299 1355 de
3333 1297 3539 1353 ratione

1952 1394 2108 1468 legis.
2145 1397 2217 1451 De
2245 1393 2359 1465 lege
2387 1399 2571 1449 autem
2603 1390 2839 1447 humana
2865 1388 3158 1445 dicendum
3187 1393 3301 1457 est,
3327 1388 3544 1459 regula-

1951 1487 2086 1542 riter
2126 1493 2184 1542 et
2226 1483 2497 1541 ordinarie
2538 1497 2644 1538 non
2685 1480 2799 1537 fieri
2840 1480 2953 1535 sine
2983 1478 3296 1550 scriptura,
3327 1480 3457 1551 quia
3485 1493 3544 1534 re

1951 1591 2081 1631 vera
2108 1575 2184 1633 ita
2213 1573 2457 1646 expedit,
2486 1578 2544 1628 ut
2574 1571 2719 1645 leges
2749 1571 2854 1626 sint
2880 1568 3239 1639 conspicuae,
3263 1574 3319 1624 et
3341 1584 3444 1623 non
3468 1568 3547 1623 fa-

1951 1666 2052 1722 cilc
2092 1664 2371 1722 mutabile.
2404 1663 2475 1719 Et
2512 1662 2640 1717 hinc
2668 1661 2757 1729 fit,
2786 1666 2849 1716 ut
2874 1660 2939 1715 ab
2971 1658 3083 1730 his,
3118 1675 3259 1731 quae
3287 1659 3545 1733 frequen-

1951 1756 2059 1812 tius
2102 1755 2395 1825 accidunt,
2439 1768 2599 1823 saepe
2642 1750 2775 1807 tales
2815 1750 2963 1822 leges
3004 1748 3259 1806 dicantur
3286 1765 3383 1821 per
3411 1749 3543 1805 scri·

1953 1851 2170 1917 pturam
2198 1843 2474 1917 publicam
2501 1843 2648 1899 ferri.
2674 1837 3033 1896 Nihilominus
3066 1844 3245 1895 tamen
3275 1840 3331 1896 in
3362 1839 3544 1911 rigore

1951 1952 2014 1992 88
2055 1952 2151 2006 per
2193 1952 2250 1991 se
2291 1932 2565 2009 loquendo
2590 1974 2605 2004 ,
2652 1946 2759 1987 8811
2798 1936 2883 1986 881
2910 1929 3187 2001 scriptura
3213 1928 3278 1985 de
3308 1930 3545 1987 essentia

1956 2026 2127 2097 legis,
2163 2030 2225 2081 ut
2263 2029 2348 2081 est
2387 2021 2693 2080 communis
2735 2020 2999 2077 sententia
3028 2020 3159 2075 iuris
3187 2021 3545 2092 interpretum

1947 2118 2001 2172 18
2030 2116 2187 2173 rubr.
2220 2114 2291 2171 de
2322 2117 2554 2171 constit.
2590 2112 2683 2169 ubi
2710 2113 3005 2185 praecipue
3033 2112 3331 2168 Panormit.
3363 2118 3418 2168 81
3444 2114 3542 2169 Fe-

1948 2206 2042 2262 lin.
2074 2214 2130 2263 81
2170 2205 2419 2278 pluribus
2459 2204 2744 2261 confirmat
2784 2202 2939 2259 Selva
2968 2208 3132 2259 tract.
3166 2199 3237 2257 de
3265 2199 3450 2273 benef.
3485 2218 3538 2258 8.

1949 2302 2054 2367 22,
2087 2314 2140 2352 8.
2185 2300 2269 2355 14.
2300 2298 2369 2353 Ε1
2394 2298 2468 2352 118
2493 2297 2686 2352 Castro
2709 2294 2801 2349 lib.
2842 2298 2891 2351 1.
2916 2291 2987 2347 de
3011 2292 3388 2367 teqepoenal.
3413 2310 3536 2365 cap.

1954 2396 2004 2445 1.
2036 2390 2088 2443 18
2119 2387 2424 2444 definitione
2464 2387 2595 2459 legis
2635 2384 2737 2441 sub
2768 2383 3135 2440 disiunctione
3174 2384 3326 2455 ponit
3346 2425 3361 2447 ,
3392 2384 3543 2457 quod

1951 2478 2023 2534 sit
2061 2495 2197 2535 voce
2239 2483 2347 2537 aut
2381 2480 2597 2550 scripto
2626 2474 2999 2546 promulgata3
3032 2488 3196 2545 quam
3226 2472 3540 2529 disiunctio-

1950 2584 2076 2623 nem
2112 2570 2228 2639 ipse
2270 2574 2377 2623 8811
2422 2566 2645 2639 probat,
2688 2564 2780 2621 sed
2809 2571 2871 2622 ut
2900 2562 3233 2620 manifestam
3262 2564 3539 2635 supponit.

1950 2659 2209 2732 Idemque
2240 2658 2469 2715 admittit
2495 2660 2755 2713 Turrecr.
2790 2655 2843 2711 d.
2876 2661 2981 2711 art.
3009 2659 3065 2711 2.
3093 2654 3141 2710 in
3164 2654 3287 2723 fine,
3311 2652 3540 2724 etdicit,

1949 2765 2111 2821 posse
2153 2750 2294 2807 sumi
2334 2765 2401 2805 ex
2442 2747 2669 2805 Isidoro.
2713 2748 2880 2803 Favet
2917 2744 3095 2827 8118111Ι
3122 2744 3283 2800 Arist.
3318 2744 3409 2805 lib.
3449 2748 3535 2801 10.

1949 2840 2144 2896 Ethic.
2178 2841 2353 2911 capite
2382 2838 2482 2895 ult.
2510 2838 2719 2895 dicens:
2753 2841 2875 2894 Lea:
2900 2839 2985 2891 881
3011 2850 3202 2891 sermo
3230 2833 3307 2891 ab
3334 2832 3545 2907 aliqua

1941 2927 2274 3003 prudentia
2287 2927 2604 3003 profectus,
2636 2932 2743 2982 etc.
2768 2926 2928 2981 Ratio
2954 2939 3083 2981 vero
3104 2930 3210 2991 est,
3233 2925 3362 2997 quia
3380 2924 3541 2981 etiam
3610 2942 3615 2949 ·

1951 3020 2116 3077 verbo
2157 3026 2337 3092 potest
2374 3023 2731 3091 praeceptum
2772 3016 3067 3087 superioris
3097 3014 3438 3071 sufficienter
3469 3014 3546 3069 in·
3634 3028 3641 3040 ·

1953 3111 2136 3169 timari
2166 3128 2273 3168 non
2302 3110 2481 3166 solum
2510 3104 2749 3181 privatae
2774 3122 3062 3179 personae,
3088 3105 3184 3162 sed
3208 3107 3369 3161 etiam
3391 3122 3543 3162 com·

1951 3202 2234 3272 munitati,
2268 3200 2311 3256 si
2353 3215 2487 3255 voce
2524 3198 2807 3271 praeconis
2836 3195 3171 3253 sufficienter
3200 3195 3537 3268 publicetur,

1952 3298 2009 3350 et
2035 3298 2227 3364 postea
2252 3296 2471 3347 maneat
2494 3290 2548 3345 in
2578 3287 2853 3357 memoriis
2883 3285 3196 3356 hominum,
3226 3292 3283 3343 81
3308 3301 3403 3357 per
3430 3292 3541 3342 tra-

1952 3382 2211 3439 ditionem
2247 3385 2637 3449 conservetur,
2668 3383 2723 3433 et
2748 3383 2882 3433 tunc
2910 3377 3075 3433 etiam
3112 3376 3543 3448 distingueretur

1954 3471 2074 3529 talis
2117 3472 2201 3528 lex
2241 3488 2273 3527 a
2312 3468 2746 3540 consuetudine,
2776 3473 2840 3524 ut
2865 3473 3101 3535 constat.
3134 3469 3323 3539 ltaque
3352 3484 3420 3525 ex
3448 3483 3543 3524 na-

1954 3567 2080 3619 tura
2117 3563 2196 3617 rel
2238 3560 2365 3616 nihil
2405 3558 2551 3617 aliud
2590 3557 2807 3630 probari
2836 3563 3047 3635 potest,
3079 3572 3147 3613 an
3174 3572 3303 3613 vero
3331 3572 3397 3615 ex
3427 3558 3543 3614 iure

1954 3652 2101 3709 civili
2125 3652 2210 3708 vel
2234 3651 2504 3708 canonico
2532 3649 2805 3719 scriptura
2831 3646 3101 3705 interdum
3124 3648 3439 3721 requiratur
3475 3647 3568 3718 ad„

1956 3741 2087 3816 legis
2116 3741 2525 3815 obligationem,
2558 3743 2747 3812 postea
2772 3737 3093 3795 videbimus.

2508 3930 2787 4001 CAPUT
2830 3930 2975 3998 XII.

289 4021 488 4086 gatur,
525 4012 711 4069 vocari
746 4012 956 4084 legem,
993 4020 1050 4069 et
1083 4016 1250 4070 Arist.
1280 4014 1612 4075 in'Rhetor.
1643 4014 1728 4072 acl
1751 4014 1885 4073 Ale·
1949 4074 1960 4088 ‚

287 4102 480 4162 mand.
511 4103 564 4159 in
603 4104 872 4175 principio
913 4101 1096 4159 definit
1137 4104 1344 4177 legem,
1387 4104 1606 4161 dicens:
1649 4108 1774 4163 Lex
1800 4110 1886 4162 881

292 4196 622 4250 communis
651 4196 911 4251 civitatis
937 4210 1283 4263 consensus,
1320 4198 1422 4268 qui
1441 4200 1684 4270 scriptis
1706 4212 1886 4270 prae-

289 4286 544 4358 ceperit,
573 4282 860 4357 quom-odo
885 4284 1336 4357 unumquodque
1363 4284 1662 4362 aqendum
1687 4290 1788 4343 sit.
1812 4288 1888 4343 Et

289 4373 492 4429 similia
517 4373 710 4445 repetit
735 4389 861 4445 cap.
888 4378 944 4445 ²3
969 4379 1024 4430 et
1048 4375 1240 4431 Cicero
1277 4380 1326 4433 1.
1351 4381 1406 4432 81
1434 4380 1492 4433 2.
1517 4374 1588 4432 de
1611 4376 1874 4450 Leqibus,

288 4463 472 4535 legem
509 4462 840 4536 populariter
878 4462 1084 4520 dictam
1123 4480 1244 4521 esse
1281 4464 1460 4537 illam,
1505 4482 1648 4539 quae
1673 4468 1884 4544 scripto

289 4554 492 4627 sancit,
516 4553 666 4627 quod
693 4553 828 4610 vult.
847 4554 1024 4627 Atque
1051 4555 1124 4611 ita
1144 4557 1488 4612 Turrecrem.
1510 4556 1566 4611 in
1589 4572 1710 4628 cap.
1734 4560 1879 4622 Lex,

289 4644 348 4700 d.
369 4648 442 4715 ·1,
471 4651 575 4701 art.
607 4648 664 4701 2.
692 4643 1009 4715 simpliciter
1033 4646 1392 4718 pronunciat,
1415 4644 1482 4701 de
1502 4646 1733 4703 essentia
1755 4646 1885 4719 legis

287 4750 422 4789 esse
460 4734 825 4806 scripturam,
855 4734 950 4790 ubi
980 4734 1112 4790 alios
1138 4750 1238 4807 pro
1269 4734 1372 4791 hac
1402 4736 1668 4793 sententia
1697 4735 1880 4793 refert.

382 4828 433 4882 7.
465 4825 569 4881 Sed
612 4825 716 4881 hoc
755 4824 984 4881 dubium
1023 4842 1132 4881 1188
1161 4832 1345 4898 potest
1369 4826 1562 4883 eodem
1589 4827 1748 4884 modo
1775 4836 1887 4885 tra·

293 4915 442 4971 81811
458 4955 474 4987 ,
503 4921 600 4971 8111
623 4913 826 4971 deliniri
851 4915 906 4971 in
928 4915 1180 4971 omnibus
1202 4916 1446 4989 legibus,
1478 4924 1542 4973 ut
1563 4918 1702 4975 enim
1727 4919 1887 4974 omit·

295 5015 486 5063 tamus
513 5007 687 5079 legem
715 5011 1018 5077 aeternam,
1045 5021 1186 5078 quae
1207 5007 1351 5063 intra
1373 5010 1545 5064 Deum
1567 5015 1679 5079 est,
1703 5018 1885 5065 818811

297 5096 406 5154 nisi
433 5096 808 5168 metaphorice
837 5094 944 5152 dici
973 5101 1155 5167 potest
1181 5096 1414 5169 scripta,
1441 5096 1526 5154 lex
1545 5098 1706 5154 etiam
1731 5104 1888 5154 natu-

297 5188 430 5248 ralis
459 5204 570 5244 non
599 5192 682 5243 est
711 5186 916 5259 scripta
936 5227 952 5258 ,
975 5184 1076 5241 nisi
1103 5185 1476 5259 metaphorice
1504 5190 1560 5243 in
1587 5194 1768 5246 11181118
1786 5204 1888 5245 seu

295 5281 349 5339 in
391 5278 570 5337 corde.
599 5277 902 5359 hominum.
941 5278 1086 5333 luter
1115 5276 1264 5351 leges
1290 5284 1474 5337 autem
1501 5277 1708 5335 divinas
1747 5278 1895 5353 posi.

459 5388 634 5435 suana
645 5419 657 5441 ,
677 5389 736 5435 D·
757 5386 934 5444 tectim
950 5406 1000 5419 -
1013 5386 1116 5432 Pars
1136 5386 1171 5433 1.

2062 4132 2234 4207 Quae
2262 4125 2526 4201 definitio
2554 4126 2699 4200 lepis
2726 4141 2803 4183 ex
2827 4123 3001 4182 dictis
3029 4122 3459 4185 conditionibus

2506 4220 2631 4275 eius
2659 4214 2993 4289 colliqatur.

2518 4396 2999 4462 summarium

2017 4588 2064 4638 1.
2091 4586 2274 4639 Variae
2298 4584 2621 4638 definitiones
2646 4584 2939 4648 legis—2.
2968 4584 3215 4637 obiectio.
3230 4588 3503 4640 —Solutio

2196 4663 2251 4708 81
2274 4656 2563 4707 differentia
2588 4656 2725 4707 inter
2749 4657 2915 4719 legem
2937 4661 2991 4706 81
3016 4656 3303 4710 consilium.

2042 4833 2091 4889 1.
2124 4830 2276 4886 Hanc
2304 4827 2623 4885 methodum
2661 4828 2898 4885 servavit
2927 4828 2981 4885 d.
3014 4829 3249 4897 Thomas
3276 4830 3331 4889 11.
3364 4848 3420 4905 q.
3454 4836 3550 4904 90,

1959 4928 2064 4978 art.
2103 4924 2134 4978 4
2156 4962 2172 4993 ,
2207 4920 2297 4976 ubi
2324 4935 2391 4975 ex
2416 4919 2837 4991 proprietatibus
2864 4918 3029 4993 legis,
3058 4937 3197 4994 quas
3225 4921 3552 4994 tradiderat,
3604 4962 3614 4979 .

1959 5009 2317 5067 definitionem
2356 5008 2473 5065 eius
2512 5007 2822 5087 copcludit,
2865 5008 2933 5065 de
2974 5026 3084 5083 qua
3124 5013 3305 5069 statim
3340 5012 3545 5071 dicam.

1957 5099 2106 5156 Aliae
2143 5101 2284 5155 enim
2325 5099 2621 5156 traduntur
2660 5098 2993 5155 definitiones
3033 5100 3199 5175 legis,
3242 5119 3379 5175 quas
3420 5106 3552 5161 Soto

1963 5187 2031 5242 ibi
2059 5187 2150 5245 lib.
2190 5193 2250 5261 1,
2282 5204 2338 5262 q.
2384 5194 2402 5247 1
2432 5231 2447 5261 ,
2482 5195 2540 5245 81
2568 5188 2761 5245 Castro
2789 5187 2915 5246 libr.
2954 5192 3003 5247 1.
3034 5188 3105 5247 de
3141 5189 3265 5264 leqe
3286 5191 3541 5265 poenali,

1965 5292 2088 5352 cap.
2134 5283 2201 5352 2,
2244 5285 2299 5337 et
2338 5278 2421 5336 alii
2462 5278 2705 5337 moderni
2743 5279 3025 5355 referunt,
3062 5288 3120 5339 et
3143 5282 3414 5342 reiiciunt.
3447 5283 3552 5342 Sed

3067 5386 3093 5433 7
