4325 6267
706 343 833 408 158
2109 305 2313 399 ιιιιιιιι
2344 352 2422 400 ιι.

625 491 748 544 tur.
783 483 958 556 Unde,
983 481 1130 556 quod
1153 481 1356 539 dicitur
1387 481 1438 538 in
1466 477 1615 538 dicto
1643 484 1676 544 s
1701 473 2226 551 quemadmodum,

625 572 993 640 naturaliter
1021 587 1364 628 concessum
1394 585 1538 635 esse,
1572 565 1732 641 quod
1749 564 1952 642 pluris
1977 570 2082 630 est,
2117 567 2231 620 mi·

626 667 792 721 noris
817 676 1023 727 emere,
1057 664 1114 716 et
1139 660 1294 730 quod
1323 661 1569 716 miinoris
1595 661 1701 724 est,
1733 653 1930 729 plna-is
1949 653 2221 719 vendere,

626 748 1033 824 intelligendum
1067 749 1169 804 erit
1199 748 1368 822 (iuxta
1397 747 1540 802 banc
1563 743 1902 818 sententiam)
1935 744 2076 800 intra
2111 744 2229 799 lati-

628 840 870 896 tudinem
909 837 1033 894 iusti
1062 840 1249 908 pretii3
1281 835 1408 909 quia
1430 850 1617 892 emens
1641 841 1907 905 procurat
1926 849 2107 889 emere
2132 834 2230 888 mi·

625 928 769 984 nimo
798 926 971 998 pretio
999 927 1178 995 iusto,
1205 925 1442 980 vendens
1471 939 1690 979 summo
1720 921 2229 978 vendere.Etiuxta

625 1018 776 1074 hunc
805 1016 970 1072 etiam
997 1029 1221 1070 sensum
1261 1012 1384 1068 nibil
1424 1012 1644 1068 obstant
1687 1010 1776 1066 illa
1816 1011 1932 1066 iura
1955 1051 1968 1076 ,
2001 1009 2131 1065 licet
2159 1008 2225 1065 ad

623 1121 739 1162 rem
765 1111 1113 1178 praesentem
1138 1120 1244 1158 non
1271 1102 1526 1172 faciat,et
1549 1101 1670 1158 ideo
1689 1103 1742 1156 in
1761 1100 1848 1157 illo
1865 1098 2226 1156 examinando

621 1210 728 1250 non
761 1194 1042 1249 immoror.

707 1291 760 1342 5.
792 1284 998 1352 Quarto
1039 1297 1106 1338 ex
1145 1280 1310 1338 dictis
1349 1280 1664 1353 colligitur,
1709 1281 1795 1334 ius
1833 1278 2073 1351 gentium
2101 1291 2223 1332 esse

625 1373 920 1444 mutabile,
952 1377 1225 1444 quatenus
1264 1386 1330 1428 ex
1370 1371 1650 1426 hominum
1690 1382 1961 1424 consensu
2003 1364 2221 1438 pendet,

626 1462 681 1518 in
726 1477 837 1534 quo
878 1463 1042 1517 etiam
1084 1460 1261 1516 differt
1297 1461 1383 1516 ius
1423 1461 1668 1532 gentium
1709 1473 1739 1513 a
1769 1456 2037 1524 naturali,
2069 1461 2130 1512 ut
2157 1471 2225 1512 ex

625 1566 794 1621 supra
844 1548 1008 1606 dictis
1048 1557 1288 1607 constat.
1327 1548 1439 1605 lmo
1463 1548 1662 1606 dicunt
1687 1547 1882 1620 aliqui,
1913 1563 2070 1620 posse
2105 1563 2222 1603 mu-

627 1641 732 1696 tari
765 1641 978 1711 privata
1007 1641 1334 1696 auctoritate
1353 1682 1368 1710 ,
1399 1645 1674 1711 quatenus
1703 1638 1898 1710 aliquis
1927 1642 2108 1709 potest
2133 1651 2225 1692 ce·

626 1729 754 1786 dere
810 1729 912 1786 iuri
959 1745 1097 1801 suo,
1125 1729 1334 1784 etiamsi
1380 1744 1410 1784 a
1449 1729 1567 1784 iure
1606 1725 1852 1802 gentium
1901 1731 2111 1794 manet3
2143 1726 2223 1780 sic

623 1820 768 1876 enim
789 1818 1077 1891 religiosus
1097 1816 1242 1874 cedit
1262 1816 1500 1873 dominio
1520 1815 1896 1888 temporalium
1921 1815 2217 1878 bonorum,

623 1910 734 1964 imo
762 1914 816 1962 et
845 1906 1134 1978 capacitati
1157 1906 1300 1962 eius.
1327 1904 1430 1962 Sed
1455 1906 1558 1960 hoc
1583 1921 1689 1960 non
1717 1911 1802 1958 est
1831 1903 2113 1975 proprium
2137 1903 2223 1958 iu-

624 1999 698 2054 ris
726 1997 1004 2070 gentium,
1039 2010 1216 2068 neque
1248 1995 1299 2050 in
1331 2010 1398 2050 eo
1425 1993 1606 2050 differt
1633 2008 1663 2048 a
1693 1991 1962 2058 naturali,
1993 1991 2038 2046 si
2069 2007 2223 2062 prae-

624 2087 773 2155 cise,
818 2092 1090 2158 quatenus
1131 2083 1513 2140 concessivum
1555 2087 1670 2146 est,
1720 2085 2031 2152 spectetur,
2071 2079 2221 2153 quod

625 2174 712 2232 alii
743 2177 1054 2248 negativum
1087 2178 1285 2230 vocant
1336 2172 1424 2229 Sic
1451 2172 1596 2228 enim
1625 2171 1784 2228 etiam
1817 2170 2107 2226 renunciat
2137 2184 2223 2225 re·

623 2265 846 2337 ligiosus
876 2263 977 2320 iuri
1004 2261 1242 2320 ducendi
1273 2276 1538 2330 uxorem,
1571 2259 1719 2331 quod
1750 2275 1780 2315 a
1808 2264 2004 2315 natura
2035 2257 2215 2327 babet,

621 2363 677 2411 et
705 2359 882 2425 potest
917 2353 1042 2426 quis
1073 2369 1132 2408 se
1164 2351 1376 2408 tradere
1404 2353 1459 2408 iu
1488 2366 1708 2407 servum
1749 2363 1808 2404 se
1837 2348 2097 2421 privando
2127 2363 2224 2403 na-

623 2443 786 2499 turali
830 2443 1097 2499 libertate.
1129 2443 1284 2497 Sicut
1323 2440 1484 2497 etiam
1525 2441 1578 2496 in
1621 2438 1910 2511 privilegiis
1939 2438 2054 2493 iure
2083 2436 2225 2492 civili

624 2533 706 2588 vel
737 2534 1004 2587 canonico
1034 2531 1280 2603 privatim
1308 2531 1623 2598 concessis,
1656 2535 1838 2600 potest
1862 2527 1988 2600 quis
2023 2542 2221 2583 renun-

623 2624 774 2679 ciare
817 2621 920 2678 iuri
959 2637 1084 2676 suo.
1117 2621 1288 2694 Igitur
1317 2619 1670 2678 corollarium
1701 2615 2106 2689 intelligendum
2138 2622 2226 2672 est

621 2711 690 2769 de
734 2711 850 2766 iure
889 2710 1168 2783 gentium,
1215 2713 1275 2765 ut
1315 2708 1732 2781 prohibitionem
1783 2721 1882 2761 seu
1932 2709 2223 2777 praecepta

622 2801 891 2858 continet.
934 2802 1066 2857 Nam
1097 2798 1232 2855 haec
1262 2797 1329 2854 de
1359 2813 1418 2854 se
1447 2796 1727 2853 mutabilia
1754 2802 1885 2853 sunt
1939 2795 2094 2851 Ratio
2122 2809 2221 2849 au-

627 2897 736 2946 tem
759 2895 880 2960 est,
914 2889 1041 2961 quia
1071 2904 1158 2943 res
1181 2887 1476 2959 prohibitae
1497 2887 1614 2942 iure
1635 2885 1876 2958 gentium
1899 2882 2225 2954 simpliciter

625 2995 730 3035 non
775 2984 906 3034 sunt
947 2977 1116 3032 malae
1158 2975 1225 3032 de
1265 2991 1324 3032 se
1363 2983 1420 3032 et
1457 2975 1783 3046 intrinsece3
1830 2979 1949 3030 tum
1977 2974 2106 3045 quia
2134 2972 2224 3028 illa

625 3073 915 3141 praecepta
956 3081 1062 3122 non
1090 3063 1399 3121 inseruntur
1429 3079 1523 3137 per
1543 3063 1911 3122 necessariam
1933 3068 1988 3118 et
2005 3060 2225 3118 eviden-

627 3162 734 3213 tem
789 3156 1085 3212 illationem
1125 3170 1193 3222 ex
1235 3155 1514 3226 principiis
1542 3152 1912 3222 naturalibus,
1947 3159 2062 3209 tum
2093 3153 2224 3225 quia

625 3245 882 3318 obligatio
904 3245 1036 3301 iuris
1059 3245 1300 3316 gentium
1325 3259 1431 3298 nou
1455 3245 1630 3300 oritur
1645 3260 1714 3299 ex
1736 3241 1850 3298 sola
1876 3242 2087 3298 ratione
2110 3243 2223 3297 sine

625 3335 808 3408 aliquo
839 3333 1003 3390 modo
1033 3333 1371 3407 obligationis
1400 3333 1669 3390 humanae
1687 3373 1701 3401 ,
1729 3333 1918 3388 saltem
1944 3347 2042 3403 per
2061 3345 2224 3401 gene-

625 3422 796 3480 ralem
821 3422 1272 3479 consuetudinem
1300 3423 1665 3491 introductae3
1689 3438 1822 3494 ergo
1843 3438 1910 3477 ex
1935 3428 2088 3492 parte
2112 3435 2225 3476 ma·

628 3513 794 3568 teriae
838 3513 960 3567 talis
1003 3512 1134 3568 iuris
1177 3527 1284 3566 non
1325 3517 1592 3583 repugnat
1624 3509 1938 3581 simpliciter
1966 3510 2225 3565 mutatio-

627 3617 752 3657 nem
783 3601 834 3656 in
858 3599 948 3656 illo
973 3598 1420 3666 [tandummodo
1442 3598 1736 3655 sufficienti
1759 3598 2084 3654 auctoritate
2108 3599 2221 3652 liat.

713 3691 767 3746 6.
803 3688 857 3744 Ιυ
891 3704 1002 3760 quo
1030 3689 1190 3744 etiam
1221 3686 1468 3754 adverto,
1501 3687 1664 3744 talem
1693 3687 2043 3743 mutationem
2073 3686 2228 3741 aliter

627 3792 791 3850 posse
833 3778 1152 3849 contingere
1196 3776 1246 3831 in
1291 3777 1405 3834 iure
1445 3779 1724 3849 gentium,
1754 3775 1900 3849 quod
1931 3776 2110 3832 solum
2139 3783 2226 3830 est

630 3882 926 3924 commune
955 3875 1183 3938 propter
1210 3869 1644 3922 convenientiam
1673 3864 1913 3937 plurium
1953 3867 2224 3921 rationum

631 3958 682 4014 in
720 3956 809 4012 tali
844 3955 924 4012 vel
956 3955 1043 4012 tali
1068 3956 1217 4028 lege,
1244 3956 1398 4013 aliter
1419 3970 1548 4011 vero
1569 3956 1619 4011 in
1643 3955 1731 4011 illo
1751 3995 1766 4026 ,
1789 3953 1938 4027 quod
1961 3959 2047 4010 est
2074 3969 2229 4010 com-

632 4062 798 4103 mune
841 4061 906 4100 ex
949 4061 1054 4102 usu
1097 4052 1150 4101 et
1194 4060 1344 4102 more
1385 4046 1656 4118 gentium,
1703 4051 1973 4117 quatenus
2003 4041 2141 4098 inter
2170 4058 2228 4098 se

632 4135 833 4191 habent
874 4136 1189 4192 societatem
1232 4135 1468 4207 aliquam
1509 4151 1608 4190 seu
1646 4135 2223 4191 communicationem.

629 4227 766 4282 Nam
810 4226 962 4297 prius
999 4225 1083 4280 ius
1112 4232 1290 4297 potest
1319 4226 1596 4280 immutari
1627 4239 1654 4278 a
1688 4222 2003 4294 particulari
2034 4240 2225 4294 regno,

634 4315 718 4370 vel
755 4314 1034 4386 republica
1065 4321 1331 4386 quantum
1361 4313 1424 4368 ad
1455 4315 1626 4384 ipsam
1648 4353 1662 4382 ,
1689 4315 1812 4386 quia
1848 4320 1908 4370 ut
1931 4319 2013 4368 est
2036 4314 2083 4368 in
2115 4311 2225 4379 illa,

633 4421 689 4461 re
719 4419 843 4460 vera
873 4411 958 4460 est
986 4409 1195 4460 tantum
1235 4401 1392 4458 civile
1429 4404 1724 4460 intrinsece
1757 4402 1849 4476 (ut
1879 4403 1955 4458 sic
1985 4403 2161 4458 <licam
2186 4403 2225 4473 ),

631 4494 922 4566 solumque
946 4491 1249 4564 appellatur
1277 4493 1360 4548 ius
1381 4495 1658 4566 gentium3
1687 4493 1767 4548 vel
1793 4507 1886 4563 per
1911 4491 2229 4547 relationem

630 4595 688 4641 et
727 4583 1204 4639 concomitantiam
1245 4581 1478 4638 aliorum
1501 4625 1515 4651 ,
1558 4582 1640 4640 vel
1686 4584 1814 4655 quia
1849 4587 1937 4637 est
1966 4589 2070 4637 tam
2102 4597 2230 4653 pro·

634 4673 900 4745 pinquutn
939 4673 1046 4728 iuri
1087 4670 1354 4743 naturali,
1400 4681 1464 4729 ut
1503 4673 1624 4731 inde
1652 4674 1862 4729 oriatur
1891 4671 1982 4727 illa
2012 4671 2230 4727 univer·

630 4761 814 4817 salitas
857 4761 977 4818 talis
1017 4763 1151 4818 iuris
1194 4763 1243 4818 in
1291 4762 1581 4833 omnibus,
1618 4763 1697 4819 vel
1740 4764 1852 4819 sere
1890 4763 1944 4817 in
1974 4761 2231 4817 omnibus

633 4853 910 4925 gentibus.
957 4855 1058 4912 Per
1099 4869 1158 4909 se
1197 4859 1379 4910 autem
1423 4861 1483 4910 ut
1511 4859 1596 4910 est
1622 4853 1672 4907 in
1703 4868 2034 4926 unaquaque
2067 4845 2231 4926 repti-

633 4942 776 4999 blica
805 4941 1004 5014 pendet
1031 4957 1096 4998 ex
1129 4943 1391 5014 peculiari
1427 4942 1878 5000 determinatione
1905 4950 1964 5000 et
1992 4948 2233 5012 potesta-

635 5040 725 5103 te,
767 5033 848 5088 vel
891 5031 1290 5089 consuetudine
1329 5032 1475 5089 illius
1518 5032 1847 5104 reipublicae
1889 5033 1941 5086 in
1973 5031 2149 5104 seipsa
2177 5039 2233 5088 et

635 5124 748 5179 sine
781 5127 1038 5196 respectu
1068 5121 1134 5177 ad
1163 5121 1328 5192 alias,
1351 5138 1484 5193 ergo
1513 5130 1692 5194 potest
1717 5121 1786 5178 ab
1815 5135 1923 5178 una
1944 5122 2000 5176 in
2029 5137 2086 5177 se
2111 5139 2234 5178 mu-

635 5214 768 5288 tari,
801 5213 928 5272 licet
967 5212 1099 5270 aliae
1136 5228 1246 5269 non
1275 5213 1652 5284 consentiant,
1685 5214 1814 5284 quia
1841 5228 1948 5269 non
1979 5218 2232 5270 tenentur

2304 475 2553 548 singulae
2581 477 2699 533 aliis
2726 476 3080 548 conformari,
3114 486 3175 536 ut
3207 495 3257 534 v.
3282 496 3339 552 g.
3366 485 3553 550 posset
3578 479 3769 554 aliqua
3792 496 3909 538 res·

2298 566 2519 638 publica
2568 573 2841 636 statuere,
2874 573 2937 623 ut
2981 568 3124 624 intra
3172 567 3317 625 illam
3359 585 3466 624 non
3508 573 3906 641 permittantur

2299 656 2649 726 meretrices,
2682 656 2767 712 vel
2812 663 2871 713 ut
2911 656 3296 716 rescindantur
3334 675 3524 714 omnes
3554 657 3901 717 venditiones

2298 745 2533 802 iniustae
2563 747 2617 802 in
2646 733 3004 820 quincumque
3034 763 3267 804 excessu
3289 791 3305 820 ,
3331 749 3414 805 vel
3447 756 3511 806 ut
3535 766 3645 806 non
3668 757 3902 807 utantur

2298 837 2530 906 pecunia
2555 855 2569 906 3
2601 845 2659 893 et
2689 838 2767 893 sic
2796 836 2862 893 de
2900 837 3019 892 aliis
3048 839 3341 911 generibus
3381 841 3903 896 commutationum.

2295 926 2553 994 Quamvis
2581 926 2726 983 enim
2750 926 2816 983 de
2841 926 2987 983 facto
3012 925 3147 983 haec
3172 942 3277 983 non
3301 929 3460 998 liant,
3484 928 3615 1001 quia
3639 945 3749 984 non
3773 927 3907 985 sub-

2294 1020 2379 1070 est
2404 1031 2574 1072 causa
2590 1057 2605 1083 ,
2635 1031 2735 1072 nec
2766 1017 2989 1072 omnino
3010 1017 3404 1086 commoditas,
3434 1025 3613 1074 tamen
3636 1034 3707 1076 ex
3728 1022 3779 1075 vi
3804 1018 3901 1076 ho·

2295 1104 2528 1160 nestatis
2555 1112 2613 1160 et
2640 1105 2923 1176 potestatis
2950 1105 3001 1162 id
3032 1121 3139 1162 non
3169 1116 3467 1179 repugnat.

2373 1194 2427 1249 ln
2450 1193 2557 1249 alio
2579 1199 2762 1250 autem
2786 1195 2905 1250 iure
2926 1197 3169 1266 gentium
3193 1195 3352 1269 longe
3372 1195 3649 1253 difficilior
3668 1203 3759 1253 est
3776 1213 3897 1253 mu·

2297 1283 2457 1350 tatio,
2486 1281 2613 1354 quia
2642 1283 2867 1354 respicit
2892 1282 2977 1338 ius
2998 1298 3291 1340 commune
3314 1285 3555 1341 omnium
3582 1287 3893 1356 nationum,

2292 1375 2349 1425 et
2375 1371 2617 1426 omnium
2648 1372 2982 1428 auctoritate
3010 1371 3228 1429 videtur
3254 1373 3671 1442 introductum,
3696 1381 3751 1430 et
3776 1373 3897 1429 ideo

2294 1475 2401 1516 non
2433 1461 2547 1516 sine
2576 1462 2819 1516 omnium
2848 1463 3211 1519 consensione
3242 1462 3357 1520 tolli
3382 1470 3588 1535 potest.
3620 1463 3897 1521 Nihilomi-

2293 1565 2398 1605 nus
2435 1555 2617 1606 tamen
2658 1565 2765 1605 non
2803 1557 3069 1624 repugnat
3098 1553 3329 1609 mutatio
3354 1567 3418 1609 ex
3451 1553 3502 1608 vi
3530 1555 3787 1610 materiae
3809 1595 3827 1625 ,
3855 1556 3903 1611 si

2294 1638 2539 1694 nationes
2569 1654 2759 1695 omnes
2802 1643 3206 1710 consentirent,
3237 1641 3321 1697 vel
3360 1643 3404 1699 si
3434 1642 3696 1714 paulatim
3726 1643 3901 1699 intro-

2292 1728 2594 1786 duceretur
2615 1729 2963 1786 eonsuetudo
2984 1731 3268 1788 contraria
3285 1773 3299 1802 ,
3324 1739 3383 1788 et
3405 1733 3773 1802 praevaleret,
3800 1733 3897 1790 sed

2295 1817 2396 1873 hoc
2428 1817 2554 1874 licet
2590 1819 2826 1891 cogitari
2857 1820 3034 1889 possit
3060 1825 3122 1876 ut
3160 1835 3269 1876 non
3300 1836 3641 1893 repugnans,
3676 1822 3896 1879 morali-

2291 1915 2376 1963 ter
2405 1923 2515 1963 non
2542 1906 2764 1964 videtur
2794 1908 3071 1978 possibile.
3100 1909 3219 1966 Alio
3250 1925 3379 1969 vero
3402 1909 3565 1968 modo
3590 1917 3781 1982 potest
3799 1911 3892 1968 ali-

2292 2010 2403 2068 qua
2424 1998 2793 2052 communitas
2818 1998 3163 2070 praecipere,
3193 2005 3256 2056 ut
3276 2000 3417 2056 inter
3442 2008 3626 2072 partes
3646 2008 3705 2058 et
3726 2018 3897 2058 mem-

2292 2083 2389 2140 bra
2417 2099 2516 2140 sua
2548 2083 2651 2140 tale
2681 2085 2766 2140 ius
2796 2085 3040 2157 gentium
3064 2103 3170 2142 non
3202 2096 3475 2158 servetur,
3500 2097 3559 2147 et
3578 2089 3665 2146 hic
3696 2090 3897 2146 modus

2291 2180 2379 2230 est
2422 2173 2691 2242 possibilis
2731 2180 2787 2230 et
2828 2175 3067 2231 moralis.
3114 2177 3206 2232 Sic
3248 2177 3391 2233 enim
3434 2179 3522 2234 ius
3548 2178 3795 2250 gentium
3823 2177 3892 2236 de

2292 2263 2554 2324 servitute
2596 2264 2941 2334 captivorum
2984 2265 3037 2319 in
3067 2265 3209 2322 bello
3240 2265 3384 2322 iusto
3412 2267 3465 2322 in
3496 2267 3744 2323 Ecclesia
3776 2284 3899 2324 mu·

2292 2357 2471 2407 tatum
2508 2356 2623 2416 est,
2664 2358 2723 2407 et
2758 2351 2896 2408 inter
2930 2352 3257 2409 christianos
3300 2353 3351 2409 id
3388 2369 3495 2410 non
3536 2362 3793 2412 servatur
3828 2371 3897 2412 ex

2292 2440 2516 2511 antiqua
2542 2440 2820 2496 Ecclesiae
2840 2440 3241 2498 consuetudine
3264 2481 3279 2509 ,
3305 2458 3449 2515 quae
3468 2450 3557 2500 est
3577 2442 3747 2500 veluti
3774 2461 3899 2515 spe-

2292 2527 2428 2584 ciale
2456 2530 2541 2584 ius
2568 2528 2746 2600 gentis
2777 2528 2979 2600 tidelis,
3004 2538 3061 2587 et
3084 2533 3305 2588 omnino
3327 2531 3657 2589 servandum
3674 2575 3691 2604 ,
3716 2540 3781 2589 ut
3802 2550 3901 2588 no-

2292 2618 2425 2674 tavit
2445 2617 2697 2674 Bartolus
2721 2618 2769 2672 in
2797 2618 2832 2675 l.
2852 2619 3061 2682 hostis.
3093 2620 3149 2676 ff.
3176 2620 3241 2676 de
3267 2621 3516 2691 captivis,
3546 2637 3700 2677 num.
3734 2626 3821 2688 16,
3842 2627 3903 2678 et

2293 2706 2661 2763 Covarruvias
2690 2708 2875 2779 plures
2917 2707 3053 2764 alios
3093 2708 3335 2766 reserens
3375 2711 3425 2766 in
3462 2710 3653 2783 regula
3683 2727 3902 2785 pecca-

2291 2799 2440 2860 tum,
2471 2800 2526 2854 2.
2563 2803 2707 2867 part.
2740 2801 2765 2869 ξ
2802 2799 2887 2866 ll,
2922 2812 2977 2851 n.
3014 2801 3067 2856 6.

2375 2887 2427 2943 7.
2462 2887 2639 2957 Atque
2669 2885 2794 2940 hine
2822 2884 3141 2958 intelligitur
3168 2886 3269 2942 alia
3299 2886 3631 2959 differentia,
3664 2903 3809 2962 quae
3838 2890 3891 2944 in

2292 2972 2396 3030 hoc
2426 2976 2685 3030 constitui
2714 2973 2852 3031 solet
2877 2977 3021 3031 inter
3048 2975 3132 3032 ius
3161 2976 3409 3048 gentium
3437 2982 3497 3033 et
3538 2977 3729 3046 civile3
3766 2993 3894 3032 nam

2294 3063 2450 3121 civile
2478 3063 2684 3121 dicitur
2704 3079 2825 3121 esse
2850 3065 3108 3128 mutabile
3131 3067 3183 3121 in
3208 3073 3387 3122 totum
3405 3108 3422 3139 ,
3447 3067 3531 3122 ius
3553 3073 3739 3123 autem
3759 3081 3897 3140 gen-

2296 3155 2433 3211 tium
2463 3169 2567 3236 non
2597 3156 2649 3210 in
2680 3160 2832 3225 toto,
2865 3155 2958 3211 sed
2988 3155 3039 3210 in
3071 3163 3243 3227 parte.
3284 3156 3385 3212 Est
3418 3157 3563 3212 enim
3595 3155 3896 3229 intelligen-

2293 3241 2359 3298 da
2388 3243 2689 3300 differentia
2731 3259 2836 3299 non
2880 3242 2947 3300 de
2988 3244 3234 3301 absoluta
3276 3252 3551 3317 potestate
3585 3245 3677 3318 (ut
3706 3245 3785 3301 sio
3816 3243 3901 3302 di-

2296 3331 2453 3401 cam)
2486 3348 2582 3389 seu
2614 3333 2969 3390 mutabilitate
2992 3350 3057 3389 ex
3088 3341 3238 3402 parte
3262 3335 3491 3390 istorum
3514 3335 3738 3405 iuriam,
3768 3351 3892 3390 uam

2298 3421 2401 3478 hoc
2440 3420 2603 3478 modo
2634 3430 2931 3492 utrumque
2959 3421 3027 3478 de
3058 3439 3117 3479 se
3146 3424 3403 3479 mutabile
3424 3432 3542 3495 est,
3569 3431 3633 3482 ut
3660 3425 3903 3496 probant

2297 3511 2533 3567 rationes
2562 3527 2730 3582 supra
2758 3512 2957 3583 sactae,
2993 3511 3087 3568 sed
3124 3511 3467 3586 intelligenda
3488 3521 3573 3571 est
3590 3513 3901 3571 secundum

2298 3600 2559 3656 moralem
2598 3607 2921 3671 potestatem
2958 3609 3013 3658 et
3042 3618 3203 3657 usum
3232 3602 3537 3659 hominum.
3571 3605 3705 3659 ltem
3737 3605 3902 3660 intel-

2298 3688 2507 3760 ligenda
2554 3697 2643 3746 est
2686 3705 2792 3746 non
2836 3688 2903 3746 de
2948 3697 3063 3747 tota
3104 3690 3427 3749 collectione
3470 3701 3901 3766 praeceptorum

2299 3781 2589 3851 utriusque
2618 3778 2780 3850 iuris,
2807 3779 2883 3834 sic
2912 3781 3057 3836 enim
3082 3784 3340 3838 neutrum
3364 3791 3451 3838 est
3472 3782 3756 3838 moraliter
3780 3799 3908 3838 mu-

2301 3867 2459 3923 tabile
2486 3869 2538 3922 in
2570 3873 2749 3924 totum
2772 3909 2787 3938 ,
2812 3868 2940 3940 quia
2963 3876 3227 3926 neutrum
3256 3876 3490 3941 potesta
3518 3878 3633 3928 toto
3654 3871 3901 3928 humano

2296 3971 2493 4028 genere
2517 3957 2765 4014 absolute
2796 3957 2908 4013 tolli
2928 3999 2941 4019 ,
2965 3964 3028 4014 ut
3046 3973 3112 4014 ex
3134 3957 3294 4016 dictis
3316 3961 3449 4016 satis
3474 3974 3570 4031 per
3590 3977 3651 4020 se
3670 3967 3759 4017 est
3784 3961 3901 4018 cla-

2300 4061 2443 4102 rum.
2480 4047 2649 4119 lgitur
2689 4045 2870 4118 quoad
2900 4047 3113 4120 singula
3142 4056 3433 4122 praecepta
3464 4048 3732 4106 dicuntur
3764 4051 3903 4108 ciri·

2298 4134 2365 4190 lia
2391 4135 2507 4190 iura
2540 4134 2695 4191 l'acile
2720 4135 2769 4190 in
2796 4141 2970 4192 totum
2994 4135 3275 4208 abrogari,
3306 4145 3361 4194 et
3386 4143 3609 4194 mutari.
3634 4139 3711 4194 Ea
3738 4155 3903 4210 vero,

2300 4239 2439 4296 quae
2484 4232 2614 4280 sunt
2656 4225 2791 4281 iuris
2832 4227 3108 4299 gentium,
3143 4233 3352 4284 tantum
3396 4227 3447 4282 in
3479 4243 3587 4284 una
3614 4227 3903 4284 velaltera

2298 4321 2451 4385 parte
2482 4315 2726 4370 diminui.

2376 4404 2616 4476 Denique
2658 4406 2791 4461 satis
2834 4421 2896 4460 ex
2929 4404 3089 4461 dictis
3114 4405 3453 4462 declaratum
3486 4406 3738 4479 videtur,
3770 4405 3905 4479 quid

2298 4500 2355 4550 et
2382 4493 2542 4568 quale
2572 4493 2640 4550 sit
2666 4495 2749 4550 ius
2777 4494 3019 4567 gentium
3051 4495 3099 4549 in
3127 4510 3186 4551 re
3214 4496 3331 4567 ipsa
3349 4503 3408 4552 et
3428 4495 3739 4553 secundum
3766 4512 3897 4568 pro-

2298 4586 2761 4658 priam-rationem
2790 4592 3103 4658 spectatum
3124 4625 3138 4652 ,
3169 4593 3227 4643 et
3252 4585 3467 4642 solutae
3494 4592 3627 4642 sunt
3654 4585 3901 4642 difficul-

2302 4680 2440 4732 tates
2477 4689 2665 4731 omnes
2703 4680 2881 4730 tactae
2917 4674 2965 4730 in
3006 4676 3383 4746 superioribus
3413 4675 3725 4746 capitibus,
3756 4690 3907 4748 quae

2303 4766 2534 4821 maxime
2575 4764 2673 4821 niti
2717 4763 3036 4821 videbantur
3077 4763 3159 4819 vel
3202 4765 3253 4819 in
3299 4764 3475 4820 modis
3515 4762 3777 4836 loquendi
3816 4765 3903 4821 iu-

2304 4855 2443 4909 rium
2481 4859 2535 4908 et
2576 4853 2825 4925 gravium
2868 4858 3160 4908 auctorum
3181 4892 3196 4923 ,
3228 4851 3309 4908 vel
3340 4853 3391 4908 in
3419 4853 3685 4924 exemplis
3713 4853 3904 4926 variis,

2301 4956 2440 5017 quae
2471 4941 2777 4998 adducunt.
2806 4940 2909 4999 Sed
2932 4943 2984 4996 in
3010 4942 3115 4997 boc
3140 4957 3245 4996 non
3266 4947 3351 4998 est
3379 4939 3623 4998 facienda
3650 4943 3751 5008 xis,
3780 4951 3903 4998 tum

2301 5034 2429 5105 quia
2470 5039 2769 5104 potuerunt
2814 5032 2888 5088 uti
2932 5045 3065 5087 voce
3094 5030 3184 5087 illa
3213 5033 3265 5086 in
3295 5029 3514 5087 diverso
3544 5045 3749 5103 sensu,
3785 5041 3907 5090 tum

2300 5123 2461 5179 etiam
2503 5124 2634 5194 quia
2671 5121 2757 5177 ius
2786 5121 3033 5194 gentium
3061 5126 3147 5177 est
3176 5121 3343 5178 veluti
3374 5119 3617 5177 medium
3646 5121 3789 5177 inter
3819 5124 3909 5179 ius

2302 5213 2554 5272 naturale
2592 5221 2649 5271 et
2688 5212 2878 5284 civile3
2909 5227 3037 5269 nam
3064 5227 3197 5270 cum
3228 5213 3405 5283 primo
3432 5213 3691 5267 convenit
3720 5213 3913 5286 aliquo

4262 2631 4279 2674 „⁴0
4259 2484 4276 2586 ..-
4257 2240 4277 2476 —ssss
4274 2188 4276 2234 —

4270 3635 4281 3676 .-v
