4325 6267
838 370 967 436 368

760 513 865 572 sed
890 512 1166 572 interdum
1186 512 1291 571 sub
1320 511 1530 586 veniali,
1554 513 1683 587 quia
1705 512 1756 571 in
1784 511 2011 571 materia
2030 510 2353 567 cuiuscum-

762 621 872 681 que
900 607 1117 663 virtutis
1156 612 1483 678 potestesse
1509 607 1693 679 gravis
1715 611 1772 661 et
1797 603 1929 661 levis
1958 601 2243 675 obligatio,
2267 601 2354 655 iu-

762 702 854 755 xta
882 698 1136 753 materiae
1175 695 1533 768 capacitatem
1555 718 1577 768 ·,
1600 710 1732 769 ergo
1760 693 1899 750 idem
1927 692 2089 749 estin
2131 688 2354 747 materia

759 786 891 859 legis
916 785 1343 843 ecclesiasticae.
1376 787 1510 843 ltem
1537 783 1722 858 quoad
1750 783 1856 840 hoc
1886 780 2075 838 eadem
2100 786 2187 836 est
2212 779 2354 837 ratio

758 875 827 933 de
856 877 972 950 lege
998 876 1373 933 ecclesiastica
1392 916 1407 947 ,
1439 891 1578 948 quae
1606 875 1671 931 de
1699 873 1865 931 civili.
1896 870 2047 931 Unde
2078 871 2224 927 sicut
2260 886 2352 925 su·

760 983 862 1040 pra
901 968 1187 1039 posuimus
1214 966 1401 1039 plures
1441 964 1777 1023 conditiones
1809 961 2133 1035 requisitas,
2165 966 2227 1017 ut
2267 958 2350 1015 lex

761 1055 935 1113 civilis
974 1056 1177 1128 obliget
1202 1055 1305 1112 sub
1346 1054 1586 1124 mortali,
1618 1052 1821 1127 quibus
1861 1050 2236 1109 deficientibus
2277 1047 2344 1104 ad

758 1162 1039 1203 summum
1076 1146 1283 1219 obligat
1323 1145 1393 1203 ad
1422 1144 1649 1214 veniale,
1689 1143 1899 1200 etiamsi
1928 1143 1999 1198 sit
2026 1139 2274 1197 absoluta
2299 1145 2354 1218 et

760 1251 889 1295 vera
926 1236 1039 1307 lex;
1082 1235 1153 1293 ita
1188 1234 1255 1292 de
1292 1234 1667 1292 ecclesiastica
1709 1233 1825 1307 lege
1867 1228 2204 1288 censendum
2242 1234 2350 1299 est,

759 1337 885 1383 narn
906 1325 1085 1399 quoad
1116 1324 1245 1397 hoc,
1273 1333 1335 1382 ut
1355 1323 1483 1383 dixi.
1506 1330 1591 1379 est
1615 1322 1803 1380 eadem
1836 1323 1992 1379 ratio.
2010 1320 2140 1377 Tres
2162 1325 2350 1376 autem

715 1404 721 1409 ’
760 1415 1097 1474 conditiones
1120 1415 1453 1473 necessarias
1480 1430 1605 1471 esse
1631 1413 1888 1483 diximus,
1914 1417 1975 1469 ut
2000 1409 2233 1483 positiva
2265 1408 2350 1465 lex

761 1507 965 1581 obliget
986 1507 1091 1563 sub
1110 1506 1349 1577 mortali,
1363 1520 1503 1579 quae
1526 1510 1656 1562 sunt
1674 1504 1913 1577 gravitas
1934 1501 2216 1567 materiae,
2233 1514 2354 1555 ver-

760 1598 829 1655 ba
856 1613 959 1656 seu
1000 1598 1155 1671 signa
1194 1596 1571 1669 praeceptiva,
1610 1603 1667 1651 et
1701 1595 1921 1651 intentio
1950 1590 2348 1665 praecipientis3

762 1690 830 1747 de
871 1688 1074 1762 quibus
1104 1688 1213 1745 lere
1253 1687 1381 1744 nihil
1422 1686 1676 1744 occurrit
1714 1683 2025 1743 addendum
2056 1682 2169 1752 bis,
2213 1695 2352 1754 quae

756 1778 995 1838 diximus
1022 1778 1089 1837 de
1130 1778 1247 1852 lege
1274 1777 1510 1834 bumana
1550 1775 1728 1849 civili,
1767 1774 1863 1833 sed
1902 1772 2225 1847 applicanda
2263 1771 2352 1828 hic

758 1874 888 1927 sunt
915 1869 1095 1926 omnia
1122 1868 1193 1924 ibi
1235 1865 1412 1937 dicta,
1440 1867 1759 1939 praesertim
1786 1866 1937 1923 circa
1976 1864 2191 1922 tertiam
2221 1856 2352 1919 con-

756 1960 1016 2017 ditionem
1039 1957 1106 2016 de
1126 1959 1425 2015 intentione
1449 1956 1866 2030 legislatoris‚et
1886 1955 1953 2012 de
1974 1956 2147 2027 prima
2166 1951 2350 2026 quoad

754 2051 1142 2107 necessitatem
1169 2048 1347 2123 gravis
1374 2047 1663 2115 materiae,
1694 2052 1749 2103 et
1787 2043 1967 2119 quoad
1996 2040 2218 2101 modum
2250 2059 2352 2099 co-

754 2136 1053 2214 gnoscendi
1078 2138 1245 2196 illam.
1268 2140 1328 2195 ln
1356 2136 1461 2194 bac
1490 2151 1620 2195 vcro
1648 2134 1960 2193 conditione
1982 2130 2107 2190 addi
2135 2138 2342 2205 potest,

755 2232 1035 2289 materiam
1076 2229 1211 2304 legis
1249 2228 1661 2286 ecclesiasticae
1686 2242 1753 2283 ex
1795 2242 1897 2283 suo
1933 2239 2133 2299 genere
2173 2225 2348 2297 magis

756 2320 1091 2393 spiritualem
1118 2334 1272 2392 esse,
1302 2326 1358 2375 et
1397 2317 1462 2375 ad
1488 2318 1647 2375 finem
1692 2316 1942 2374 altiorem
1981 2312 2252 2385 ordinari,
2293 2320 2350 2371 et

754 2410 874 2471 ideo
904 2410 1117 2467 facilius
1145 2425 1209 2467 ac
1251 2408 1592 2481 frequentius
1628 2406 1910 2465 materiam
1948 2404 2349 2462 ecclesiastica-

752 2517 880 2559 rum
916 2500 1097 2575 legum
1126 2516 1246 2557 esse
1280 2514 1533 2573 gravem,
1564 2498 1689 2555 licet
1714 2513 1820 2555 non
1858 2510 1983 2554 raro
2012 2494 2145 2553 levis
2182 2495 2344 2551 etiam

751 2592 805 2648 in
834 2607 900 2649 eo
927 2590 1115 2649 ordine
1141 2592 1478 2648 inveniatur.
1508 2587 1567 2646 ln
1606 2604 1717 2663 quo
1742 2588 1907 2645 etiam
1934 2593 2022 2643 est
2058 2584 2347 2643 adverten-

752 2682 885 2740 dum
904 2723 922 2751 ,
951 2681 1109 2740 aliter
1136 2696 1293 2754 esse,
1323 2679 1462 2737 banc
1500 2678 1757 2735 materiae
1784 2677 2106 2751 gravitatem
2145 2691 2346 2748 expen-

754 2770 985 2829 dendam
1015 2774 1070 2828 in
1112 2768 1497 2827 communibus
1525 2768 1738 2841 legibus
1762 2766 2073 2837 Ecclesiae,
2103 2779 2246 2839 quae
2280 2780 2346 2823 ex

750 2862 866 2921 sola
895 2860 1273 2920 iurisdictione
1308 2857 1650 2933 procedunt3
1682 2858 1839 2915 aliter
1866 2872 1994 2913 vero
2020 2856 2079 2911 in
2118 2869 2347 2927 praece-

750 2952 859 3025 ptis
880 2951 1202 3025 religionum
1216 2994 1230 3021 ,
1252 2964 1393 3024 quae
1417 2964 1523 3006 non
1555 2947 1734 3005 solum
1753 2949 1807 3004 in
1830 2944 2228 3015 iurisdictione,
2247 2944 2343 3002 sed

749 3042 915 3099 etiam
938 3041 993 3097 in
1013 3046 1141 3098 voto
1168 3038 1501 3097 obedientiae
1528 3039 1807 3098 nituntur:
1836 3037 1979 3095 unde
2000 3038 2112 3094 fieri
2140 3042 2340 3109 potest,

753 3139 818 3189 ut
838 3131 1064 3190 materia
1082 3172 1098 3204 ,
1128 3146 1268 3204 quae
1296 3128 1603 3187 secundum
1631 3145 1689 3185 se
1727 3144 1834 3186 non
1862 3134 2009 3187 esset
2033 3128 2218 3200 gravis
2245 3142 2344 3199 per

747 3238 806 3279 se
846 3227 1094 3294 spectata
1130 3220 1183 3276 in
1224 3219 1413 3277 ordine
1452 3218 1521 3277 ad
1561 3218 1761 3276 nudam
1807 3216 2244 3275 iurisdictionem
2284 3222 2344 3274 et

752 3326 1103 3371 communem
1130 3309 1417 3369 Ecclesiae
1442 3308 1908 3383 gubernationem,
1935 3314 2001 3364 ut
2026 3305 2216 3363 subest
2241 3306 2332 3363 tali

750 3408 903 3475 voto,
926 3408 985 3461 et
1008 3402 1061 3458 in
1089 3401 1279 3459 ordine
1299 3400 1367 3458 ad
1394 3402 1553 3461 finem
1584 3399 1706 3456 talis
1734 3404 1911 3456 status
1939 3399 2121 3471 gravis
2150 3398 2244 3472 sit,
2273 3404 2336 3456 ut

753 3492 913 3551 latius
941 3490 1231 3550 tractando
1256 3490 1325 3549 de
1352 3493 1509 3549 Statu
1540 3488 1839 3563 religionis,
1869 3487 2127 3546 diximus.

2205 378 2408 431 tunm
2435 380 2532 431 lv-

2423 526 2558 570 nem
2583 514 2875 579 incurrat.
2904 520 3000 573 aut
3025 511 3498 588 indiynationem
3525 520 3870 574 sanctorum
3897 514 4005 571 Pe-

2421 605 2500 659 tri
2525 608 2582 659 et
2614 603 2816 661 Pauli.
2847 606 2980 663 Item
3009 606 3129 663 talis
3155 616 3414 665 censetur
3439 622 3561 664 esse
3600 607 3771 664 forma
3797 606 4007 678 praeci-

2420 691 2596 765 piendi
2625 696 2690 749 in
2717 698 2930 753 virtute
2956 694 3343 764 obedientiae,
3385 713 3524 771 quae
3551 696 3889 771 frequentius
3917 700 4006 751 est

2421 784 2475 839 in
2515 800 2623 841 usu
2664 784 3006 859 religionum.
3039 786 3310 844 interdum
3353 803 3480 844 vero
3520 789 3686 845 etiam
3725 786 4008 843 Pontifices

2421 871 2508 929 illa
2537 880 2786 931 utuntur.
2813 877 2884 931 Et
2909 890 2976 933 ex
3004 876 3192 933 eodem
3225 893 3329 933 usu
3356 882 3598 949 constat,
3623 877 3672 932 in
3702 875 3807 933 hoc
3839 890 4010 931 sensu

2417 962 2573 1030 addi;
2619 964 2726 1020 imo
2767 965 2818 1021 in
2861 965 3212 1039 religionibus
3252 966 3400 1023 iuxta
3443 980 3793 1023 communem
3835 979 4002 1021 nsum

2421 1067 2531 1109 non
2557 1052 2892 1126 intelligitur,
2921 1056 3228 1127 rigorosum
3257 1064 3608 1129 praeceptum
3638 1055 3870 1128 imponi,
3901 1054 4004 1110 nisi

2421 1142 2640 1213 quando
2668 1143 2756 1200 illa
2794 1144 2992 1213 verba,
3023 1145 3106 1201 vel
3147 1145 3336 1202 similia
3367 1146 3677 1217 adduntur,
3709 1144 3790 1201 vel
3829 1145 4009 1217 gravis

2419 1246 2658 1289 censura
2697 1234 3023 1306 imponitur,
3069 1234 3217 1292 iuxta
3256 1238 3438 1292 statim
3479 1236 3726 1293 dicenda.
3765 1234 4006 1307 Denique

2421 1322 2586 1379 etiam
2615 1322 2749 1381 haec
2774 1322 2936 1381 verba
2957 1327 3153 1381 stricte
3167 1328 3572 1399 praecipimus
3595 1323 3849 1397 implicite
3871 1338 4006 1379 cen-

2427 1419 2616 1469 sentur
2635 1413 2880 1470 eamdem
2902 1414 3339 1486 significationem
3361 1413 3580 1477 habere.
3595 1414 3717 1487 quia
3734 1412 3821 1469 illa
3843 1428 4008 1484 exag-

2420 1503 2629 1574 geratio
2659 1519 2764 1559 non
2794 1506 2912 1560 sine
2940 1519 3110 1561 causa
3135 1503 3377 1577 additur,
3395 1512 3448 1562 et
3483 1505 3534 1560 in
3561 1506 3743 1577 rigore
3773 1502 4005 1573 indicat,

2422 1593 2764 1664 superiorem
2806 1593 2940 1650 velle
2967 1588 3253 1667 obligare,
3295 1602 3561 1667 quantum
3603 1600 3802 1666 potest.
3847 1592 4000 1650 Alter

2425 1681 2626 1739 modus
2651 1681 2961 1755 explicandi
2994 1683 3133 1740 banc
3161 1685 3486 1757 gravitatem
3515 1691 3598 1741 est
3623 1700 3720 1756 per
3746 1683 4008 1742 adiectio·

2419 1787 2547 1829 nem
2576 1772 2810 1830 alicuius
2831 1774 3011 1847 gravis
3031 1788 3324 1845 censurae,
3349 1788 3491 1847 quae
3510 1789 3682 1846 poena
3704 1774 3883 1831 solum
3907 1789 4004 1844 per

2418 1862 2825 1921 ecclesiasticas
2864 1861 3005 1936 leges
3044 1864 3172 1922 ferri
3201 1871 3399 1936 potest.
3430 1865 3500 1921 Et
3537 1864 3666 1921 licet
3689 1866 3744 1921 in
3785 1864 4000 1937 legibus

2419 1951 2673 2011 civilibus
2716 1954 2875 2011 etiam
2914 1956 3096 2028 gravis
3145 1969 3320 2026 poena
3360 1952 3560 2011 indicet
3597 1968 3817 2027 gravem
3871 1954 4006 2025 legis

2417 2043 2828 2118 obligationem,
2855 2051 3110 2117 utsupra
3132 2043 3387 2112 vidimus,
3411 2051 3470 2101 et
3489 2044 3675 2118 quoad
3695 2044 3799 2101 hoc
3823 2046 3894 2100 sit
3912 2042 4011 2099 ali-

2417 2150 2531 2209 qua
2572 2135 2942 2192 convenientia
2966 2136 3110 2193 inter
3148 2142 3410 2209 utrasque
3445 2136 3619 2209 leges3
3651 2135 4000 2193 nibilominus

2415 2226 2472 2281 in
2499 2227 2748 2282 censuris
2777 2226 3048 2283 invenitur
3073 2224 3178 2283 boc
3206 2226 3483 2298 peculiare
3507 2269 3521 2297 ,
3551 2226 3700 2299 quod
3727 2232 3860 2282 sunt
3895 2228 4008 2297 spi-

2415 2315 2639 2374 rituales
2667 2332 2903 2389 poenae,
2943 2322 3002 2373 et
3039 2332 3201 2389 saepe
3241 2316 3486 2375 contrabi
3523 2332 3630 2374 non
3671 2315 3884 2388 solent,
3913 2316 4002 2374 vel

2415 2405 2648 2465 sortasse
2675 2422 2780 2463 non
2810 2413 3044 2478 possunt
3062 2447 3077 2477 ,
3101 2408 3197 2463 nisi
3225 2415 3448 2481 propter
3477 2413 3772 2479 peccatum
3796 2414 4006 2465 morta-

2415 2494 2484 2553 le.
2515 2495 2740 2564 Quando
2766 2513 2897 2571 ergo
2935 2513 3110 2573 poena
3135 2514 3231 2555 seu
3269 2513 3505 2555 censura
3532 2497 3655 2557 talis
3681 2504 3801 2571 est,
3829 2505 3886 2555 et
3911 2498 4008 2556 illa

2417 2586 2711 2659 imponitur
2742 2588 3134 2662 transgressori
3160 2588 3282 2645 talis
3313 2587 3474 2662 legis,
3503 2588 3726 2645 evidens
3752 2596 3858 2659 est,
3888 2592 4008 2646 vio-

2417 2677 2674 2736 lationem
2691 2678 2838 2735 illius
2867 2678 3002 2753 legis
3022 2694 3142 2735 esse
3168 2686 3458 2751 peccatum
3487 2678 3738 2753 mortale,
3763 2679 3806 2735 si
3831 2677 4006 2736 clavis

2415 2784 2522 2826 non
2551 2776 2732 2841 erret,
2761 2783 2826 2828 ac
2869 2768 3096 2827 subinde
3125 2768 3286 2827 talem
3324 2770 3498 2843 legem
3527 2769 3760 2843 obligare
3787 2768 3856 2827 de
3896 2786 4002 2826 suo

2415 2860 2519 2917 sub
2547 2859 2788 2933 mortali,
2811 2861 2945 2933 quia
2975 2862 3335 2934 transgressio
3363 2859 3505 2918 illius
3533 2860 3664 2918 lacit
3691 2866 4000 2933 transgres-

2417 2966 2599 3007 sorem
2631 2950 2724 3007 tali
2755 2965 2990 3007 censura
3017 2948 3262 3022 dignum.

2489 3040 2680 3097 Statim
2707 3054 2838 3097 vero
2877 3039 3110 3114 insurgit
3134 3040 3378 3113 quaestio
3399 3080 3414 3111 ,
3453 3055 3720 3114 quaenam
3761 3056 4006 3098 censura

2414 3132 2484 3189 sit
2509 3130 2790 3189 sufficiens
2819 3131 3032 3203 signum
3061 3130 3180 3187 talis
3210 3129 3568 3204 obligationis.
3599 3128 3704 3189 Sed
3731 3128 3835 3187 hoc
3873 3148 4002 3203 spe-

2413 3227 2534 3279 ctat
2559 3220 2629 3277 ad
2671 3220 2954 3277 materiam
2982 3220 3048 3277 de
3089 3222 3341 3278 censuris
3376 3228 3434 3279 et
3470 3219 3539 3279 de
3577 3222 4000 3297 irregularitate,

2413 3310 2508 3367 ubi
2532 3311 2752 3384 copiose
2782 3317 3082 3370 tractatum
3109 3319 3216 3383 est,
3238 3320 3297 3370 et
3325 3310 3443 3370 ideo
3463 3311 3548 3370 bic
3576 3312 3814 3370 breviter
3840 3328 4005 3386 expe-

2411 3399 2668 3459 diendum
2704 3411 2812 3458 est.
2843 3402 3021 3460 Primo
3060 3403 3201 3459 enim
3225 3401 3295 3459 de
3331 3402 3924 3475 excommunicatione,
3954 3404 4004 3459 si

2411 3492 2590 3549 minor
2613 3492 2704 3562 sit,
2718 3497 2934 3550 certum
2957 3498 3065 3563 est,
3083 3508 3436 3566 quocumque
3457 3491 3617 3550 modo
3638 3492 3866 3567 seratur,
3891 3508 4003 3549 non

827 3583 987 3640 Circa
1014 3582 1227 3639 tertiam
1268 3596 1398 3637 vero
1435 3577 1801 3639 conditionem
1842 3577 1909 3635 de
1949 3578 2004 3635 vi
2042 3577 2335 3636 verborum
2408 3596 2529 3639 esse
2554 3580 2624 3639 de
2651 3598 2710 3639 se
2737 3581 3020 3640 sufficiens
3045 3582 3258 3655 signum
3289 3582 3631 3656 obligationis
3659 3582 3764 3639 sub
3791 3590 4006 3641 morta-

748 3688 919 3746 supra
946 3670 1285 3729 distinximus
1312 3670 1541 3727 verbum
1571 3668 1798 3742 simplex
1820 3669 1887 3726 ab
1916 3668 2161 3725 oratione
2187 3684 2338 3725 com-

746 3764 927 3838 plexa3
957 3761 1099 3819 etde
1120 3761 1284 3819 verbo
1310 3760 1534 3835 quidem
1558 3760 1793 3833 simplici
1820 3757 1946 3817 nihil
1974 3759 2222 3816 occurrit
2250 3757 2346 3816 ad-

747 3853 988 3911 dendum
1008 3896 1023 3924 ,
1061 3853 1190 3926 quia
1221 3852 1269 3908 in
1308 3849 1391 3907 bis
1417 3850 1580 3908 etiam
1610 3849 1822 3924 legibus
1851 3849 2062 3907 nullum
2089 3854 2176 3908 est
2215 3865 2338 3907 ver·

746 3942 877 4001 bum
916 3943 1261 4016 impositum,
1294 3940 1474 3998 velex
1512 3957 1617 3998 usu
1657 3948 1756 3998 aut
1780 3940 1916 3997 iuris
1957 3940 2344 3998 accommoda-

748 4036 894 4092 tione
920 4033 1253 4106 applicatum
1282 4030 1351 4089 ad
1379 4030 1785 4104 significandam
1814 4030 2198 4104 obligationem
2225 4030 2332 4087 sub

750 4122 989 4181 mortali.
1004 4125 1141 4181 Nam
1158 4122 1207 4181 si
1229 4118 1447 4195 aliquod
1468 4126 1634 4193 esset,
1658 4120 1887 4177 maxime
1909 4120 2137 4177 verbum
2157 4135 2338 4194 prae-

752 4216 1022 4289 cipimus,
1052 4218 1149 4269 aut
1173 4211 1549 4286 aequivalens,
1580 4210 1684 4269 hoc
1713 4215 1920 4283 autem,
1944 4209 2073 4267 licet
2102 4210 2230 4267 satis
2257 4212 2344 4267 in-

751 4302 898 4362 dicet
937 4303 1043 4360 vim
1084 4300 1358 4375 praecepti
1397 4307 1457 4358 et
1496 4301 1873 4375 obligationem
1898 4303 1952 4358 in
1982 4299 2339 4375 conscientia,

751 4408 862 4451 non
889 4400 1067 4450 tamen
1097 4390 1200 4450 sub
1229 4390 1475 4464 mortali,
1494 4391 1595 4448 nisi
1621 4399 1686 4450 ut
1709 4392 2063 4450 coniunctum
2090 4391 2344 4467 gravitati

750 4484 1041 4554 materiae,
1072 4497 1213 4556 quae
1252 4495 1469 4553 semper
1492 4480 1887 4540 consideranda
1914 4487 2033 4554 est3
2064 4489 2121 4540 et
2146 4483 2224 4539 ita
2248 4496 2346 4539 ex-

752 4571 1047 4648 plicuimus
1069 4586 1235 4643 supra
1253 4571 1647 4629 Clementinam
1667 4576 1888 4640 Emisit,
1910 4570 1979 4631 de
1996 4572 2153 4631 verb.
2173 4574 2338 4646 signi-

753 4664 842 4721 fic.
868 4670 924 4720 et
947 4679 1073 4735 cap.
1098 4664 1286 4729 Exiit,
1320 4662 1511 4719 eodem
1542 4664 1627 4719 tit.
1660 4662 1712 4719 in
1742 4668 1795 4721 6.

835 4753 1059 4811 2.Circa
1081 4750 1249 4810 verba
1270 4760 1454 4810 autem
1480 4750 1763 4824 complexa
1782 4751 1893 4811 duo
1910 4753 2057 4813 modi
2074 4752 2348 4813 iudicandi

753 4842 893 4901 banc
922 4842 1295 4917 obligationem
1324 4842 1628 4915 peculiares
1664 4856 1728 4898 ac
1769 4844 1971 4915 proprii
2007 4844 2344 4903 ecclesiasti-

755 4950 949 4992 carum
989 4933 1166 5007 legum
1208 4932 1455 4990 adnotari
1492 4939 1742 5004 possunt.
1773 4934 1925 4991 Unus
1965 4941 2079 5007 est3
2123 4935 2341 5008 quando

755 5024 1033 5082 adduntur
1060 5022 1248 5095 verba,
1273 5039 1413 5096 quae
1436 5022 1521 5079 vel
1546 5038 1827 5096 expresse,
1850 5022 1931 5081 vel
1961 5023 2220 5097 implicite
2249 5024 2344 5083 ad·

754 5115 895 5173 dunt
932 5112 1398 5172 comminationem
1439 5121 1690 5170 aeternae
1740 5128 1962 5185 poenae.
2018 5116 2344 5173 Huiusmodi

2413 3671 2482 3747 li,
2513 3672 2641 3748 quia
2669 3672 2790 3730 talis
2820 3672 3320 3731 excommunicatio
3347 3672 3659 3745 frequenter
3697 3674 4004 3731 incurritur

2412 3768 2638 3835 propter
2677 3762 2942 3820 venialem
2984 3760 3224 3835 culpam.
3265 3763 3773 3821 Excommunicatio
3813 3772 4000 3821 autem

2412 3853 2588 3911 maior
2614 3851 2910 3924 dupliciter
2949 3850 3159 3924 l'ertnr,
3189 3851 3398 3910 scilicet
3424 3854 3542 3925 ipso
3568 3854 3702 3910 iure
3729 3852 3868 3926 lata,
3913 3852 3998 3910 vel

2411 3958 2509 4014 per
2536 3942 2775 4000 homines
2807 3941 3045 3999 serenda.
3073 3944 3150 4000 De
3176 3943 3340 4014 priori
3365 3958 3494 4015 ergo
3519 3950 3603 4001 est
3630 3950 3844 4004 certum
3865 3985 3882 4017 ,
3911 3945 4001 3999 in-

2411 4031 2596 4089 dicare
2619 4031 3008 4106 obligationem
3028 4032 3132 4090 sub
3154 4032 3392 4105 mortali,
3408 4036 3539 4107 quia
3554 4033 3862 4091 incurritur
3881 4032 4000 4106 ipso

2411 4120 2556 4179 sacto
2581 4136 2650 4179 ex
2680 4122 2730 4177 vi
2755 4122 3197 4196 transgressionis
3222 4122 3341 4178 talis
3365 4121 3526 4197 legis,
3548 4129 3606 4180 et
3629 4136 3737 4181 non
3765 4123 4002 4181 incurri-

2415 4218 2539 4286 tur,
2569 4211 2668 4269 nisi
2706 4218 2933 4285 propter
2959 4217 3252 4285 peccatum
3281 4212 3542 4282 mortale,
3573 4217 3639 4270 ut
3675 4218 3759 4270 est
3783 4218 3998 4271 notum.

2411 4302 2488 4359 De
2515 4302 2807 4375 posteriori
2826 4308 3008 4359 autem
3031 4301 3403 4359 controversia
3426 4306 3531 4373 est,
3555 4318 3681 4359 nam
3711 4303 3870 4359 multi
3897 4318 4000 4375 pu-

2411 4398 2557 4465 tant,
2586 4392 2752 4449 etiam
2787 4400 2924 4450 tunc
2951 4408 3072 4451 esse
3103 4390 3384 4449 sufficiens
3411 4393 3626 4466 signum
3655 4391 3998 4467 obligationis

2413 4483 2546 4557 legis
2575 4483 2643 4540 ad
2673 4482 2917 4541 mortale.
2943 4484 3024 4541 lta
3050 4484 3177 4543 Ant.
3209 4483 3386 4541 citans
3413 4484 3560 4540 loan.
3592 4481 3661 4541 de
3685 4484 3912 4557 Naepol.
3937 4490 3996 4542 2.

2411 4589 2468 4647 p.
2494 4572 2581 4630 tit.
2613 4578 2670 4640 3,
2701 4588 2754 4631 c.
2781 4577 2838 4646 2,
2868 4570 2894 4639 fl
2921 4577 2977 4645 3,
3005 4579 3063 4629 et
3088 4574 3338 4646 sequitur
3365 4574 3603 4649 Sylvest.
3633 4574 3798 4631 verbo
3815 4590 4000 4649 prae-

2411 4670 2668 4739 ceptum,
2703 4680 2760 4737 q.
2796 4667 2826 4721 3
2847 4705 2862 4735 ,
2889 4663 3079 4737 Angel.
3111 4664 3275 4721 verbo
3303 4662 3429 4733 lex,
3462 4681 3521 4723 n.
3551 4668 3582 4723 3
3601 4708 3615 4736 ,
3646 4666 3812 4723 Caiet.
3844 4670 3902 4724 2.
3933 4669 3993 4737 2,

2411 4770 2468 4827 q.
2503 4758 2628 4823 189,
2657 4760 2766 4811 art.
2795 4757 2850 4811 3.
2873 4753 3022 4809 circa
3046 4751 3114 4809 ad
3142 4757 3199 4813 2.
3217 4752 3315 4809 Alii
3342 4769 3468 4811 vero
3497 4762 3744 4830 censent,
3775 4754 3996 4828 quando

2413 4842 2501 4900 lex
2546 4843 2722 4901 fertur
2763 4842 2868 4900 sub
2905 4844 3463 4900 excommunicatione
3498 4850 3706 4901 tantum
3746 4844 3988 4917 serenda,

2412 4950 2522 4991 non
2548 4950 2669 4992 esse
2700 4932 2982 4990 sufficiens
3007 4933 3220 5007 signum
3251 4932 3588 5007 obligationis
3617 4936 3720 4993 sub
3757 4938 3990 4994 mortali.

2412 5024 2584 5092 Quam
2607 5030 2792 5081 senten
2802 5023 2926 5081 tiam
2948 5021 3280 5096 probabilem
3303 5023 3511 5082 iudicat
3527 5028 3726 5083 Anton.
3742 5034 3998 5099 supra,et

2413 5115 2553 5175 idem
2581 5117 2749 5172 sentit
2774 5114 2966 5173 Armil.
2985 5114 3153 5171 verbo
3181 5112 3298 5180 lem,
3333 5119 3465 5189 n.4,
3485 5122 3542 5174 et
3570 5116 3734 5173 verbo
3759 5132 3996 5191 praece·

758 5212 909 5277 sunt,
949 5202 1165 5277 quando
1206 5201 1427 5260 additur
1468 5202 1573 5259 sub
1614 5206 2098 5261 interminatione
2134 5208 2344 5263 mortis
2405 5210 2597 5282 ptum,
2633 5223 2687 5262 n.
2718 5209 2775 5279 6,
2800 5208 2932 5279 quia
2959 5205 3134 5263 solum
3160 5204 3384 5276 iudicat,
3411 5207 3644 5278 priorem
3673 5210 3992 5266 sententiam

756 5302 1049 5365 aeternae,
1070 5291 1177 5371 vel,
1200 5295 1301 5369 qui
1318 5290 1665 5367 lwcsecerit,
1692 5290 1961 5353 divinam
1978 5292 2342 5357 maledictio·

2409 5312 2532 5357 esse
2553 5298 2910 5370 securiorem,
2925 5303 2979 5355 et
2999 5312 3097 5371 pro
3115 5295 3218 5355 bac
3239 5298 3370 5355 citat
3387 5296 3557 5357 Caiet.
3573 5298 3630 5357 in
3653 5298 3809 5357 Sum.
3829 5299 3994 5361 verbo
