4325 6267
1826 336 2040 387 cnm·
2070 340 2200 389 111.

338 472 447 514 non
472 452 595 514 esse
625 470 785 514 veras
813 457 979 530 leges,
1003 471 1107 515 nec
1134 458 1396 531 obligare,
1428 462 1580 519 iuxta
1610 477 1733 533 cap.
1762 466 1938 521 Litte-

333 563 461 615 ras,
504 548 571 605 de
598 547 797 604 iuram.
823 547 1033 604 calum.
1063 549 1165 603 nisi
1194 550 1247 605 in
1285 549 1461 619 his,in
1492 554 1693 626 quibus
1722 552 1939 609 fuerant

335 640 710 707 canonizatae3
744 640 797 695 in
828 638 947 695 aliis
977 655 1106 697 vero
1135 641 1178 696 si
1205 640 1407 699 luerint
1432 645 1740 700 contrariae
1768 657 1936 699 cano-

336 727 531 800 nibus,
568 727 995 785 contemnendae
1036 733 1200 798 sunt,
1229 734 1293 784 ut
1330 729 1493 786 etiam
1536 731 1773 789 sumitur
1799 746 1869 788 ex
1894 730 1933 787 l.

331 816 687 892 privileyia,
738 825 794 875 et
832 817 869 875 l.
902 833 1100 884 cassa,
1134 820 1195 876 C.
1224 818 1291 876 de
1320 835 1603 878 sacrosan.
1636 820 1855 878 Eccles.
1886 820 1935 875 si

334 922 469 965 vero
496 922 613 963 non
638 907 747 965 sint
766 909 1096 978 contrariae,
1113 914 1377 979 poterunt
1398 910 1673 967 deservire
1694 926 1792 982 per
1814 926 1929 968 mo-

332 996 469 1053 dum
504 996 905 1067 instructionis,
930 1012 1039 1054 non
1069 1013 1165 1069 per
1193 997 1419 1056 modum
1446 1000 1598 1057 iuris.
1621 1003 1695 1057 De
1716 1016 1830 1074 quo
1859 1000 1941 1055 vi-

336 1085 455 1143 deri
496 1092 679 1157 potest
716 1086 931 1143 Felinus
962 1086 1014 1142 in
1042 1086 1189 1144 dicto
1218 1102 1343 1159 cap.
1376 1087 1673 1157 Ecclesia,
1710 1089 1777 1147 de
1804 1106 1937 1148 con-

331 1177 445 1233 stit:
480 1192 534 1232 n.
569 1180 666 1251 36,
694 1182 751 1234 et
776 1175 845 1232 ibi
873 1176 1167 1234 Panormit.
1202 1192 1354 1234 nun.
1398 1183 1485 1237 15.

897 1352 1176 1423 CAPUT
1213 1353 1360 1422 XII.

345 1551 563 1609 Utrum
596 1552 861 1622 potestas
900 1545 1309 1605 ecclesiastica
1339 1545 1683 1637 effifaciam
1716 1547 1939 1606 habeat

409 1640 475 1693 in
500 1641 672 1693 actus
708 1652 869 1694 mere
894 1639 1175 1703 internos,
1204 1640 1298 1693 ita
1320 1640 1389 1693 ut
1408 1652 1520 1711 per
1542 1636 1726 1709 leyem
1755 1652 1941 1694 cano-

409 1730 613 1784 nicam
635 1741 745 1801 per
770 1723 831 1783 se'
848 1727 1143 1801 praecipi,
1177 1730 1289 1783 aut
1306 1725 1611 1801 prohiberi
1630 1730 1883 1801 possint.

911 1904 1365 1971 summarium

340 2092 391 2143 1.
426 2090 575 2143 Ratio
605 2089 896 2143 dubitandi.
917 2116 988 2128 -
1006 2086 1057 2141 2.
1086 2090 1268 2155 Opinio
1301 2092 1619 2143 affirmativa.
1644 2118 1713 2131 ——
1729 2092 1783 2146 3.
1810 2091 1935 2145 Sen-

408 2162 571 2211 tentia
594 2162 892 2212 communis.
918 2187 986 2198 —
1001 2162 1055 2210 4.
1078 2161 1304 2211 Humana
1328 2169 1557 2226 potestas
1580 2160 1813 2214 iudicare
1840 2176 1930 2228 po-

409 2236 512 2280 test
546 2229 611 2280 de
646 2230 849 2281 actibus
872 2242 1011 2280 mere
1034 2231 1280 2293 internis,
1308 2244 1407 2282 non
1433 2232 1615 2297 punire
1633 2269 1648 2295 ,
1676 2234 1793 2283 cum
1817 2233 1935 2284 illos

406 2300 541 2350 scire
564 2312 665 2350 non
688 2298 1008 2364 potest—5.
1030 2299 1453 2353 Difficultas.—6.
1477 2300 1805 2365 lmpossibilis
1834 2315 1935 2354 non

404 2375 485 2419 est
527 2369 874 2419 ecclesiastiea
906 2376 1132 2433 potestas
1156 2370 1210 2420 in
1244 2384 1329 2421 res
1362 2383 1503 2421 mere
1539 2371 1801 2434 internas,
1832 2386 1935 2423 non

406 2437 561 2489 datur
589 2444 760 2488 tamen
786 2438 851 2489 de
876 2438 1033 2500 facto,
1061 2451 1161 2490 non
1184 2442 1320 2490 enim
1342 2447 1545 2491 constat
1571 2442 1659 2492 ubi
1690 2442 1760 2492 sit
1784 2441 1923 2493 data.

409 2534 479 2545 —
500 2508 550 2558 7.
586 2508 819 2559 Potestas
854 2508 1143 2572 legislativa
1182 2522 1277 2573 per
1308 2522 1363 2560 se
1400 2512 1565 2574 primo
1582 2511 1849 2562 ordinatur
1868 2512 1931 2561 ad

409 2584 685 2629 externum·
714 2578 941 2640 regimen
978 2578 1237 2629 Ecclesiae
1259 2616 1275 2640 ,
1314 2586 1463 2630 actus
1491 2588 1664 2630 autem
1700 2582 1934 2632 internus

408 2659 549 2697 mere
576 2660 677 2698 non
696 2648 925 2711 pertinet
950 2646 1015 2696 ad
1038 2647 1153 2699 hoc.
1179 2675 1246 2684 —
1263 2648 1315 2699 8.
1342 2648 1620 2713 Responsio
1638 2648 1701 2700 ad
1720 2652 1936 2716 primam

410 2718 659 2767 rationem
677 2717 731 2766 in
752 2717 1005 2781 principio
1028 2729 1197 2782 praec.
1227 2730 1431 2782 paragr.
1458 2721 1692 2782 positam.
1708 2747 1769 2758 —-
1784 2720 1837 2771 9.
1862 2721 1932 2771 De

410 2784 787 2850 dispensatione
811 2787 1291 2837 votorum—Haec
1318 2794 1545 2851 potestas
1580 2802 1681 2841 non
1714 2796 1794 2839 est
1818 2802 1935 2840 coa-

411 2855 578 2916 ctiva,
616 2855 707 2906 sed
744 2854 1114 2906 iurisdictionis
1136 2857 1474 2907 voluntariae.
1498 2885 1567 2895 --
1589 2859 1674 2911 10.
1702 2859 1773 2909 De
1798 2872 1934 2910 com-

411 2925 694 2975 mutatione
723 2930 977 2975 votorum.
1007 2951 1079 2962 —
1104 2924 1189 2976 11.
1230 2926 1300 2977 De
1336 2927 1633 2978 remissione
1658 2940 1939 2991 poenarum

411 3006 505 3058 per
528 2993 894 3056 indulgentias.
917 2992 1094 3044 -19.
1124 2994 1229 3045 Lex
1271 2994 1519 3046 fundatur
1542 2996 1595 3047 in
1620 2996 1937 3048 iurisdictio-

394 3072 479 3113 ‘ne
493 3099 509 3125 ,
544 3074 677 3128 quae
720 3064 884 3115 solum
907 3064 1027 3115 data
1051 3070 1131 3115 est
1154 3101 1170 3127 ‚
1214 3071 1461 3131 quantum
1484 3066 1690 3130 expedlt
1712 3067 1777 3118 ad
1800 3079 1937 3119 com-

410 3145 563 3185 mune
586 3134 792 3185 honum.

424 3324 471 3379 1.
503 3320 879 3394 Explicuimus
908 3322 1174 3379 hactenus
1203 3321 1490 3393 proprium
1520 3320 1850 3393 principium
1878 3328 1938 3379 et

338 3411 499 3467 tinem
527 3410 661 3484 legis
690 3412 1006 3484 canonicae,
1037 3413 1320 3483 sequitur,
1351 3416 1415 3467 ut
1442 3408 1936 3468 declaremus-ma·

340 3500 537 3557 teriam
566 3502 685 3558 eius
702 3542 719 3569 ,
747 3508 806 3559 et
830 3502 1157 3575 incipiamus
1186 3516 1219 3557 a
1246 3500 1656 3574 propinquiori,
1686 3516 1826 3573 quae
1854 3508 1941 3559 est

343 3598 502 3648 actus
530 3588 825 3647 humanus.
850 3592 919 3647 Et
956 3591 1083 3665 quia
1107 3588 1175 3647 de
1214 3597 1343 3647 actu
1374 3590 1630 3647 exteriori
1658 3591 1711 3647 in
1736 3605 1937 3664 genere

341 3678 489 3737 nulla
526 3688 614 3738 est
647 3679 973 3753 difficultas,
1012 3680 1078 3737 de
1104 3679 1348 3737 interiori
1380 3680 1686 3752 specialiter
1712 3682 1941 3754 inquiri-

342 3782 502 3841 mus,
534 3784 662 3826 nam
690 3770 820 3826 licet
857 3768 923 3825 de
960 3768 1077 3841 lege
1106 3767 1343 3825 bumana
1370 3770 1425 3824 in
1453 3768 1735 3826 communi
1762 3785 1933 3840 supra

342 3856 727 3930 definierimus,
744 3873 849 3914 non
880 3872 1041 3930 posse
1068 3873 1167 3929 per
1197 3874 1255 3914 se
1275 3860 1485 3915 versari
1514 3860 1671 3915 circa
1696 3860 1937 3915 internos

340 3954 522 4019 actus,
536 3947 589 4003 in
611 3946 733 4019 lege
757 3948 1027 4004 canonica
1048 3946 1211 4003 babet
1230 3946 1328 4004 illa
1348 3946 1615 4003 resolutio
1638 3947 1939 4019 specialem

342 4034 757 4108 difficultatem,
786 4052 955 4111 quam
983 4037 1037 4092 in
1080 4035 1225 4091 bunc
1255 4035 1439 4092 locum
1480 4036 1807 4093 remisimus.
1840 4038 1941 4094 Est

342 4130 527 4183 autem
555 4125 828 4198 generalis
854 4125 994 4182 ratio
1016 4121 1322 4195 dubitandi,
1340 4124 1467 4197 quia
1488 4131 1730 4196 potestas
1752 4124 1939 4181 eccle·

342 4214 560 4271 siastica
586 4220 675 4271 est
699 4213 998 4285 spiritualis
1015 4255 1031 4283 ,
1060 4219 1118 4270 et
1144 4212 1432 4269 ordinatur
1455 4213 1834 4285 principaliter
1865 4214 1935 4271 ad

342 4305 619 4360 internum
644 4301 849 4359 bonum
888 4302 1194 4359 animarum
1213 4341 1229 4374 ,
1268 4308 1326 4358 et
1355 4300 1709 4358 babet‘altius
1737 4303 1940 4374 princi-

344 4392 527 4466 pium,
570 4391 783 4449 scilicet
815 4394 988 4449 Deum
1024 4392 1209 4464 ipsum
1256 4388 1747 4463 supernaturaliter
1788 4392 1938 4449 illam

343 4483 804 4558 conferentem,et
830 4480 950 4539 ideo
976 4496 1044 4541 ex
1072 4488 1311 4554 utroque
1333 4480 1512 4553 capite
1536 4480 1750 4538 videtur
1771 4495 1937 4553 posse

344 4573 650 4631 immediate
672 4573 879 4630 versari
908 4570 1060 4628 circa
1085 4571 1372 4628 interiores
1401 4575 1582 4626 actus.
1598 4570 1749 4627 Unde
1772 4586 1937 4643 argu-

342 4670 561 4722 mentor
590 4665 641 4719 in
669 4662 818 4719 bunc
849 4660 1101 4719 modum:
1135 4676 1259 4717 nam
1284 4659 1531 4717 Christus
1554 4660 1815 4716 Dominus
1844 4659 1941 4716 ba·

344 4754 437 4811 bet
460 4756 782 4825 potestatem
822 4750 1028 4808 serendi
1070 4750 1215 4823 leges
1244 4749 1544 4822 obligantes
1572 4748 1641 4805 ad
1670 4756 1829 4806 actus
1857 4751 1940 4807 in-

346 4849 564 4912 ternos,
600 4847 663 4898 ut
689 4838 969 4911 credendi,
998 4846 1055 4897 et
1080 4838 1303 4910 similes,
1333 4844 1391 4896 et
1414 4834 1535 4894 ideo
1564 4839 1749 4909 potuit
1777 4853 1933 4910 prae-

344 4934 529 5003 cipere
555 4930 805 4988 confiteri
832 4931 997 4985 etiam
1025 4928 1379 5001 cogitationes
1401 4927 1662 4999 internas3
1677 4943 1811 5001 ergo
1837 4945 1933 5000 po-

332 5021 452 5077 ‘tuit
471 5019 687 5076 vicario
712 5034 814 5075 suo
840 5017 1147 5091 relinquere
1171 5016 1633 5090 participationem
1652 5016 1818 5075 huius
1842 5035 1939 5092 po·

345 5110 597 5181 testatis3
641 5107 794 5167 nulla
830 5114 919 5166 est
958 5108 1099 5166 enim
1139 5106 1534 5181 repugnantia3
1578 5122 1711 5182 ergo
1746 5108 1939 5167 relicta

346 5200 450 5261 suit
474 5200 543 5258 ab
568 5214 655 5257 eo.

3404 325 3523 388 341

2084 466 2262 523 Probo
2291 465 2432 523 banc
2462 464 2712 523 ultimam
2743 464 3192 537 consequentiam
3217 464 3382 521 variis
3405 464 3600 523 modis.

2006 554 2188 611 Primo
2214 570 2280 613 ex
2307 554 2658 628 generalitate
2687 552 2905 610 illorum
2936 553 3228 611 verborum
3247 594 3262 623 ,
3287 553 3611 629 quodcum-

2006 658 2116 716 que
2145 642 2448 716 liyavem's,
2477 652 2589 701 etc.
2617 644 2730 700 Cur
2756 644 2896 700 enim
2926 657 2959 698 a
2986 641 3139 699 nobis
3169 642 3457 714 limitatur,
3475 659 3608 701 cum

2008 731 2266 803 principis
2288 720 2582 790 conce¹ssio
2602 730 2779 804 ample
2802 732 2874 787 sit
2896 730 3338 804 interpretanda?
3349 731 3608 789 Secundo

2006 834 2071 876 ex
2102 821 2464 893 congruentia
2493 821 2790 893 insinuata,
2813 818 2942 894 quia
2969 819 3038 877 ad
3067 820 3226 878 finem
3256 821 3424 878 huius
3445 827 3605 894 pote-

2007 910 2157 966 statis
2201 908 2338 967 baec
2381 911 2609 969 materia
2646 912 3058 983 proportionata
3082 915 3196 981 est,
3239 926 3366 968 nam
3397 911 3606 968 interna

2008 997 2159 1056 salus
2189 1003 2520 1074 animarum,
2553 1014 2693 1072 quae
2721 1014 2821 1070 per
2849 998 2990 1055 hanc
3017 1004 3346 1070 potestatem
3378 998 3609 1058 intendi-

2007 1093 2123 1158 tur,
2156 1089 2333 1160 magis
2361 1088 2560 1160 pendet
2584 1104 2652 1146 ex
2682 1088 2914 1145 internis
2945 1088 3193 1161 actibus,
3226 1103 3393 1161 quam
3421 1103 3488 1144 ex
3515 1102 3608 1145 ex-

2007 1177 2196 1234 ternis.
2226 1178 2406 1235 Tertio
2435 1161 2704 1255 probatu*
2741 1177 3094 1249 inductione3
3136 1193 3260 1234 nam
3307 1178 3482 1249 primo
3510 1192 3605 1249 po·

2008 1274 2118 1324 test
2144 1267 2402 1324 Ecclesia
2430 1269 2715 1325 remittere
2743 1267 3030 1324 interiores
3052 1266 3248 1339 culpas
3268 1282 3368 1339 per
3391 1266 3612 1323 absolu·

2006 1356 2213 1413 tionem
2257 1355 2738 1413 sacramentalem.
2769 1355 2971 1411 Deinde
3008 1362 3190 1426 potest
3215 1356 3534 1429 dispensare
3559 1356 3612 1411 in

2007 1444 2171 1516 votis,
2199 1445 2369 1502 etiam
2397 1460 2536 1517 pure
2574 1445 2807 1503 internis
2833 1450 2889 1501 et
2916 1443 3265 1512 mentalibus3
3289 1460 3421 1518 ergo
3450 1443 3612 1501 babet

2008 1534 2445 1594 iurisdictionem
2495 1536 2549 1591 in
2597 1534 2736 1591 tales
2783 1541 2975 1591 actus:
3019 1534 3146 1590 item
3194 1540 3376 1605 potest
3421 1533 3613 1589 similia

2008 1627 2135 1679 vota
2189 1622 2422 1680 irritare.
2456 1626 2748 1681 Praeterea
2790 1630 2973 1694 potest
3011 1638 3212 1695 poenas
3241 1637 3340 1695 pro
3369 1622 3612 1694 peccatis

2006 1709 2214 1767 debitas
2236 1726 2333 1783 per
2352 1711 2714 1786 indulgentias
2738 1714 3037 1783 remittere,
3055 1711 3206 1787 quod
3228 1713 3393 1769 etiam
3416 1711 3599 1785 requi-

2004 1800 2084 1857 rit
2110 1805 2440 1872 potestatem
2463 1800 2885 1874 iurisdictionis,
2905 1808 2971 1858 ut
2992 1816 3140 1858 nunc
3163 1802 3604 1873 suppono.Prae-

1968 1895 2157 1947 ‚terea
2203 1890 2495 1965 aliquando
2542 1893 2990 1955 excommunicat
3034 1897 3256 1963 propter
3291 1892 3604 1947 interiorem

2001 1984 2212 2047 actum,
2247 1986 2311 2036 ut
2334 1986 2557 2053 propter
2586 1980 2854 2037 haeresim
2883 1980 3196 2053 mentalem,
3221 1986 3288 2037 ut
3311 1996 3379 2037 ex
3407 1978 3598 2035 multis

2004 2065 2244 2124 decretis
2271 2076 2508 2126 conatur
2532 2069 2766 2141 probare
2784 2069 2996 2127 Medina
3019 2070 3200 2127 statim
3228 2068 3504 2128 citandus.
3523 2068 3610 2124 Ia-

2006 2156 2221 2214 terdum
2237 2158 2396 2214 etiam
2419 2156 2632 2215 videtur
2656 2160 2849 2231 punire
2867 2164 3054 2216 actum
3076 2164 3364 2215 externum
3379 2157 3450 2215 ob
3474 2173 3614 2217 con-

2004 2245 2277 2304 ditionem
2306 2247 2574 2305 internam
2603 2264 2776 2321 aeque
2805 2247 3117 2306 hominibus
3139 2248 3439 2320 occultam,
3462 2248 3612 2323 quod

2003 2336 2226 2409 perinde
2251 2343 2361 2394 est.
2383 2338 2620 2395 Tandem
2651 2343 2838 2409 potest
2864 2338 3001 2395 baec
3031 2339 3294 2395 sententia
3321 2338 3612 2395 confirma·-

2000 2425 2070 2497 ri,
2089 2428 2221 2499 quia
2241 2426 2402 2483 homo
2426 2433 2612 2498 potest
2631 2443 2689 2483 se
2710 2426 3016 2483 voluntarie
3039 2426 3312 2483 subiicere
3332 2424 3486 2483 alteri
3509 2442 3610 2499 per

2003 2520 2196 2571 votum
2227 2514 2562 2572 obedientiae
2593 2516 2756 2573 etiam
2784 2515 2968 2589 quoad
2997 2516 3236 2573 internos
3265 2522 3452 2589 actus,
3478 2515 3610 2590 quid

2000 2618 2135 2676 ergo
2166 2605 2391 2677 mirum,
2415 2604 2565 2679 quod
2593 2604 2844 2661 Christus
2867 2604 3161 2661 subiecerit
3178 2602 3363 2661 fideles
3390 2604 3608 2664 vicario

2004 2708 2131 2766 suo,
2162 2693 2324 2750 etiam
2352 2692 2534 2767 quoad
2565 2694 2845 2750 interiores
2874 2695 3084 2751 actus?

2079 2788 2136 2840 2.
2170 2784 2398 2855 Propter
2421 2782 2556 2840 haec
2578 2791 2636 2840 et
2663 2783 2854 2840 similia
2877 2791 3206 2856 argumenta
3231 2784 3487 2841 nonnulii
3507 2783 3606 2842 do-

2003 2876 2191 2929 ctores
2233 2871 2506 2930 affirmant
2535 2888 2696 2945 posse
2732 2872 3038 2931 Ecclesiam
3075 2872 3218 2929 serre
3259 2873 3434 2947 leges,
3465 2888 3608 2949 quae

2002 2960 2312 3019 immediate
2339 2976 2497 3018 verse
2508 2968 2638 3021 ntur
2665 2964 2820 3020 circa
2847 2965 3133 3020 interiores
3163 2970 3344 3021 actus.
3378 2966 3458 3022 lta
3485 2980 3608 3022 sen-

2004 3050 2069 3108 tit
2087 3051 2279 3108 Glossa
2297 3052 2351 3108 in
2374 3051 2693 3109 Clementia.
2718 3055 2766 3109 1.
2783 3050 2850 3109 de
2870 3052 3127 3111 haeretic.
3142 3059 3175 3119 s
3195 3067 3420 3115 verum,
3437 3052 3608 3110 verbo

2004 3156 2069 3197 eo
2095 3144 2244 3215 ipso,
2277 3140 2468 3197 Glossa
2494 3141 2657 3198 etiam
2685 3141 2738 3197 in
2763 3156 2886 3213 cap.
2919 3142 3346 3214 Coyitationis,
3381 3139 3449 3198 de
3477 3157 3610 3214 poe·

2003 3228 2195 3287 nitent.
2221 3228 2467 3287 distinct.
2501 3233 2551 3301 1,
2580 3228 2802 3287 Adrian.
2825 3228 3121 3303 quodlibet.
3149 3234 3204 3304 8,
3234 3239 3337 3287 art.
3373 3235 3420 3303 1,
3452 3231 3612 3290 litera

2006 3318 2147 3375 H..et
2161 3324 2414 3393 sequent.
2441 3318 2637 3377 Media.
2654 3319 2788 3378 Cod.
2809 3318 2878 3377 de
2899 3326 3040 3377 orat.
3059 3326 3278 3394 quaest.
3301 3324 3388 3378 15.
3411 3317 3478 3377 de
3502 3320 3606 3378 bac

2004 3422 2093 3480 re,
2124 3407 2335 3465 Albert.
2351 3407 2503 3481 Pigh.
2521 3407 2614 3464 lib.
2636 3410 2689 3466 6.
2715 3406 2788 3465 de
2811 3408 3140 3466 ecclesiast.
3155 3408 3517 3477 hierarchia,
3550 3424 3604 3465 c.

2006 3501 2078 3558 26
2096 3539 2111 3569 ,
2141 3504 2200 3555 et
2225 3500 2450 3555 Summa
2477 3497 2665 3556 Rosel.
2695 3498 2864 3556 verbo
2891 3497 3205 3561 absoluta
3245 3504 3266 3557 1
3290 3538 3305 3563 .
3331 3514 3482 3555 num.
3509 3503 3604 3573 28,-

2004 3592 2063 3644 et
2088 3590 2184 3659 29,
2215 3586 2305 3644 ubi
2333 3586 2492 3660 plura
2517 3586 2734 3661 allegat,
2767 3588 2862 3646 sed
2889 3603 2996 3645 non
3027 3594 3198 3661 recte,
3230 3594 3294 3645 ut
3319 3587 3608 3664 sylvester.

2004 3675 2260 3744 advertit.
3575 3720 3578 3723 .

2085 3770 2139 3823 3.
2172 3767 2457 3823 Contraria
2475 3772 2656 3823 tamen
2677 3767 2945 3823 sententia
2965 3750 3274 3823 communis
3302 3770 3406 3839 est,
3430 3782 3604 3841 quam

2005 3861 2157 3914 tenet
2181 3854 2343 3912 divus
2370 3855 2606 3913 'l'bomas
2638 3859 2756 3928 ,1.2,
2778 3858 3128 3929 q.91,art.4,
3146 3870 3202 3928 q.
3219 3860 3344 3929 100,
3367 3863 3469 3913 art.
3488 3860 3608 3930 9,et

2004 3946 2074 4004 ibi
2100 3947 2253 4017 Soto,
2275 3950 2330 4001 et
2358 3943 2553 4018 reliqui
2571 3944 2924 4017 expositores:
2953 3944 3083 4003 item
3109 3945 3238 4001 Soto
3267 3945 3321 4001 in
3350 3943 3479 4002 dist.
3497 3950 3596 4019 22,

2004 4051 2059 4109 q.
2076 4040 2135 4106 2,
2158 4038 2334 4106 art-3,
2360 4040 2416 4093 et
2433 4034 2724 4091 Caietanus
2745 4038 2802 4093 2.
2820 4038 2880 4108 2,
2903 4049 2958 4107 q.
2985 4039 3071 4101 11,
3097 4040 3208 4091 art.
3229 4039 3285 4107 3,
3310 4042 3368 4092 et
3387 4036 3598 4107 opusc.

2002 4124 2075 4182 de
2104 4128 2463 4185 auctoritate
2490 4126 2716 4199 Papae.
2744 4140 2868 4196 cap.
2902 4128 2991 4197 19,
3015 4130 3072 4181 et
3098 4124 3151 4180 in
3180 4124 3405 4182 Summa
3432 4126 3602 4184 verbo

1999 4210 2282 4282 haeresis,
2307 4211 2498 4273 Palud.
2524 4213 2576 4269 in
2598 4217 2654 4283 1,
2681 4213 2920 4270 distinct.
2955 4217 3046 4285 13,
3074 4217 3196 4287 q.3,
3221 4219 3394 4286 art.1,
3419 4230 3484 4271 n.
3508 4219 3595 4287 15,

2001 4312 2061 4362 ct
2076 4303 2202 4361 dist.
2237 4308 2324 4376 15,
2347 4319 2404 4376 q.
2433 4309 2487 4369 5,
2513 4308 2618 4359 art.
2641 4307 2700 4375 2,
2725 4306 2893 4375 ιι.24,
2915 4309 2974 4359 et
2997 4302 3126 4362 dist.
3151 4306 3238 4376 17,
3261 4308 3393 4376 (1.2,
3417 4308 3598 4377 art.2‚

2002 4399 2061 4452 et
2082 4410 2137 4467 q.
2169 4396 2223 4463 7,
2248 4410 2304 4451 n.
2327 4398 2425 4465 20,
2446 4393 2613 4450 Maior
2631 4394 2688 4450 in
2712 4397 2768 4465 3,
2792 4392 2920 4450 dist.
2946 4396 3042 4466 25,
3065 4409 3122 4466 q.
3145 4398 3205 4464 3,
3229 4392 3360 4451 dub.
3388 4392 3607 4451 ult.Du-

2004 4483 2157 4540 rand.
2186 4486 2241 4540 in
2270 4487 2329 4556 4,
2351 4482 2479 4541 dist.
2513 4488 2600 4555 15,
2627 4498 2682 4556 q.
2717 4488 2803 4555 12,
2828 4489 2886 4540 et
2902 4480 3028 4540 dist.
3057 4487 3145 4555 17,
3170 4499 3228 4556 q.
3255 4488 3316 4555 8,
3340 4484 3599 4542 Antonin.

2007 4577 2061 4631 3.
2085 4590 2142 4645 p.
2171 4573 2251 4630 tit.
2282 4576 2380 4645 24,
2411 4572 2645 4629 Almain.
2676 4570 2750 4629 cle
2768 4576 3060 4647 potestate
3086 4572 3392 4631 Ecclesiae
3419 4589 3471 4631 c.
3512 4577 3602 4645 10,

2004 4663 2197 4720 Castro
2237 4661 2328 4719 lib.
2356 4667 2413 4721 2.
2444 4660 2517 4718 de
2550 4665 2716 4719 iusta
2748 4660 3028 4719 haeretic.
3048 4666 3244 4738 punit.
3269 4679 3394 4737 cap.
3428 4668 3515 4734 18,
3548 4672 3608 4722 et

2008 4752 2099 4810 lib.
2127 4756 2184 4810 2.
2209 4749 2282 4809 de
2315 4750 2427 4824 leq.
2443 4750 2689 4825 poenal.
2716 4765 2768 4807 c.
2797 4750 2901 4808 ult.
2925 4751 3087 4808 Gabr.
3113 4751 3239 4810 lect.
3267 4758 3358 4812 62.
3381 4756 3438 4810 in
3465 4755 3598 4812 Can.

2007 4840 2087 4897 lit.
2108 4842 2176 4907 K,
2194 4841 2423 4898 Gerson.
2442 4847 2606 4897 tract.
2620 4838 2692 4897 de
2703 4842 2802 4898 vit.
2821 4843 3012 4914 spirit.
3029 4840 3158 4897 lect.
3175 4844 3204 4900 4
3216 4883 3232 4915 ,
3247 4844 3351 4899 sub
3367 4842 3598 4916 Alpbab.

2010 4932 2103 5002 62,
2128 4930 2208 4987 lit.
2234 4928 2300 5003 G,
2324 4936 2382 4989 et
2400 4930 2468 5001 Η,
2493 4930 2716 4987 Navarr.
2744 4930 2796 4985 in
2820 4930 2976 4988 Sum.
3002 4945 3126 5001 cap.
3153 4934 3250 5003 27,
3275 4948 3330 4993 n.
3361 4934 3452 5006 57,
3475 4934 3608 4991 etin

2008 5019 2155 5076 dicto
2177 5033 2304 5091 cap.
2333 5020 2747 5092 capitationis,
2776 5017 2842 5074 de
2864 5019 3061 5090 poenit.
3079 5020 3206 5077 dist.
3239 5023 3292 5091 1,
3319 5036 3374 5078 n.
3391 5024 3450 5093 9,
3471 5028 3529 5079 et
3551 5022 3606 5079 in

2008 5122 2131 5177 cap.
2156 5108 2360 5180 Siquis
2385 5122 2506 5163 non
2541 5104 2738 5174 dicat,
2773 5106 2962 5165 eadem
2999 5106 3124 5165 dist.
3149 5124 3206 5165 u.
3235 5113 3290 5180 8,
3315 5108 3408 5165 ubl
3437 5108 3608 5169 refert

2007 5197 2179 5255 Felin.
2205 5196 2480 5273 Hippolyt.
2503 5202 2560 5255 et
2585 5196 2740 5267 alios,
2771 5194 2914 5255 idem
2940 5199 2994 5254 in
3025 5196 3261 5277 princ-ip.
3293 5197 3362 5257 de
3389 5200 3603 5271 poenit.
