4325 6267
847 318 929 382 74

768 460 1072 521 introducti
1111 461 1366 521 volebant
1404 460 1731 521 christianos
1760 457 2008 536 redigere
2028 503 2043 533 ,
2067 459 2233 516 fuisse
2260 456 2355 515 ob·

769 554 1130 612 servationem
1170 554 1303 627 legis
1342 554 1539 630 Moysi,
1570 554 1700 627 quia
1727 552 1996 625 cogebant
2022 550 2353 608 christianos

763 643 1054 719 iudaizare3
1079 658 1211 717 ergo
1231 644 1452 701 libertas
1474 642 1584 716 illa,
1607 658 1790 716 quam
1802 641 2088 700 habemus
2099 644 2166 698 in
2182 641 2353 700 Chri-

761 738 851 791 sto
879 736 1034 797 Iesu,
1068 740 1235 807 prout
1260 734 1326 792 de
1355 734 1449 792 illa
1475 740 1560 791 est
1584 748 1763 792 sermo
1789 735 1846 790 in
1873 733 1964 790 illo
1992 732 2137 806 loco,
2170 731 2351 789 solum

759 828 848 880 est
874 821 1094 881 libertas
1122 839 1155 881 a
1179 826 1311 899 iugo
1338 832 1394 883 et
1415 823 1739 897 obligatione
1760 822 1892 897 legis
1913 824 2105 899 Moysi,
2129 830 2194 881 ut
2213 822 2349 880 bene

759 912 999 987 explieat
1019 913 1307 972 Salmeron
1336 914 1557 971 ibidem.
1580 915 1639 971 ln
1661 929 1784 986 cap.
1809 920 1994 971 autem
2017 918 2072 972 4.
2097 911 2345 969 eiusdem

760 1003 1020 1076 epistolae
1047 1003 1214 1062 verba
1251 1009 1409 1061 sunt:
1440 1004 1676 1077 Itaque,
1697 1001 1959 1075 sratres,
1995 1018 2116 1059 non
2142 1018 2348 1059 sumus

743 1092 872 1166 filii
897 1093 1187 1164 ancillae,
1221 1092 1324 1152 sed
1347 1092 1591 1157 liberae.
1622 1110 1742 1168 qua
1767 1092 2038 1151 libertate
2069 1094 2345 1152 Christus

755 1200 861 1241 nos
888 1183 1181 1243 liberavit.
1212 1186 1359 1254 Quae
1385 1184 1549 1243 verba
1577 1190 1708 1241 sunt
1733 1183 2014 1242 conclusio
2040 1182 2210 1240 totius
2236 1180 2345 1239 dis-

753 1289 989 1348 cursus,
1019 1275 1312 1348 praecipue
1353 1274 1421 1333 ab
1456 1274 1560 1331 illis
1587 1272 1797 1347 verbis,
1826 1272 2004 1331 dicite
2030 1274 2206 1340 milii,
2241 1274 2343 1346 qui

753 1366 861 1423 sub
887 1365 1008 1439 leqe
1031 1364 1212 1425 vultis
1231 1381 1369 1434 esse,
1397 1372 1503 1423 etc.
1531 1381 1697 1439 quam
1719 1364 1956 1423 ostendit
1974 1364 2141 1443 fuisse
2166 1363 2341 1437 legem

723 1458 1070 1531 ‘servitutis,
1112 1464 1170 1515 et
1207 1456 1326 1516 ideo
1354 1456 1641 1531 populum,
1671 1458 1764 1514 cui
1789 1455 1914 1512 data
1938 1461 2042 1529 est,
2074 1455 2342 1527 signitica-

755 1553 876 1604 tum
903 1563 1023 1605 esse
1050 1562 1148 1621 per
1173 1547 1339 1605 filium
1369 1546 1614 1616 ancillae3
1646 1561 1778 1620 ergo
1802 1553 1984 1619 aperte
2007 1545 2251 1618 loquitur
2273 1544 2340 1601 de

753 1636 1002 1696 libertate
1029 1638 1214 1712 populi
1238 1638 1536 1712 christiani,
1568 1652 1735 1710 quam
1762 1637 1974 1694 habeta
1995 1638 2126 1709 iugo
2147 1642 2205 1692 et
2226 1650 2339 1691 ser-

751 1720 924 1787 vitute
952 1729 1093 1788 illius
1122 1730 1274 1803 legiS.
1305 1731 1366 1787 ln
1394 1746 1529 1801 cap:
1551 1736 1736 1791 autem
1767 1732 1818 1785 5.
1850 1726 2017 1785 verba
2045 1732 2194 1783 sunt:
2224 1728 2340 1783 Vos

750 1822 820 1877 in
841 1816 1171 1878 libertatem
1194 1823 1388 1877 vocati
1413 1821 1572 1887 estis,
1594 1816 1850 1891 fratres.
1879 1818 2077 1875 Statim
2100 1831 2229 1873 vero
2244 1815 2338 1873 de-

751 1909 925 1968 clarat
950 1911 1126 1984 qualis
1153 1911 1224 1967 sit
1249 1908 1382 1967 haec
1410 1909 1651 1981 libertas,
1677 1908 1954 1965 adiiciens:
1988 1910 2245 1965 Tantum
2264 1920 2338 1962 ne

751 2000 1084 2060 libertatem
1105 2004 1170 2058 in
1190 2002 1559 2058 occasionem
1573 1997 1721 2055 detis
1735 2000 1960 2056 carnis.
1973 1998 2094 2055 Non
2107 2002 2191 2053 est
2205 2011 2337 2069 ergo

745 2092 974 2165 profana
1001 2090 1243 2163 libertas,
1275 2106 1416 2165 quae
1445 2106 1604 2149 omne
1631 2088 1822 2164 iugum
1849 2087 1982 2162 legis
2010 2087 2252 2160 auferat,
2282 2090 2337 2144 et

744 2182 1016 2240 licentiam
1046 2183 1302 2256 praebeat
1330 2181 1607 2256 quodlibet
1634 2180 1920 2254 operandi3
1951 2179 2048 2237 sed
2073 2185 2158 2237 est
2177 2179 2336 2237 liber-

747 2280 833 2331 tas
861 2272 1174 2347 spiritualis,
1199 2288 1310 2347 qua
1335 2274 1415 2344 fit,
1445 2278 1506 2329 ut
1526 2271 1716 2344 spiritu
1745 2270 2040 2344 ducamur,
2061 2276 2116 2329 et
2136 2286 2244 2327 non
2265 2268 2337 2325 si-

741 2378 866 2421 mus
895 2361 1166 2438 sublege,
1198 2370 1262 2420 ut
1289 2364 1468 2419 statim
1490 2361 1718 2433 dicitur,
1748 2361 1921 2419 etiam
1941 2360 2328 2433 explicuimus.

828 2456 915 2515 17.
946 2458 1018 2510 At
1043 2468 1174 2510 vero
1204 2458 1258 2511 2.
1291 2454 1502 2509 Corint.
1537 2456 1591 2509 3.
1623 2450 1790 2509 verba
1817 2457 1973 2507 sunt:
2013 2451 2126 2510 Ubi
2144 2451 2335 2524 Spiri-

747 2547 844 2601 tus
871 2546 1137 2611 Domini,
1169 2542 1255 2600 ibi
1281 2542 1560 2611 libertas,·
1589 2558 1730 2616 quae
1761 2541 2066 2599 secundum
2097 2557 2152 2597 se
2181 2556 2330 2597 sum·

744 2640 839 2707 pta
878 2641 1111 2708 possunt
1147 2636 1344 2707 optime
1380 2634 1571 2706 exponi
1606 2631 1674 2691 de
1713 2631 1961 2690 libertate
1999 2648 2031 2688 a
2071 2632 2333 2689 servitute

741 2728 978 2800 peccati,
1009 2733 1067 2784 et
1091 2724 1158 2782 de
1189 2724 1429 2782 libertate
1456 2724 1526 2782 ab
1553 2724 1750 2796 spiritu
1779 2722 1988 2779 timoris
2017 2722 2247 2795 servilis,
2276 2727 2335 2779 et

743 2816 813 2873 de
827 2814 1085 2873 ’libertate
1113 2832 1142 2871 a
1171 2814 1286 2888 lege
1316 2815 1484 2872 veteri
1499 2837 1516 2889 3
1544 2830 1670 2871 nam
1697 2814 1934 2886 Spiritus
1960 2813 2135 2870 sancti
2160 2812 2335 2885 gratia

741 2912 801 2963 et
827 2906 994 2963 motio
1033 2905 1100 2963 ab
1142 2905 1394 2963 omnibus
1424 2904 1508 2961 his
1534 2904 1812 2975 oneribus,
1845 2919 1942 2960 seu
1971 2892 2203 2961 dominis
2229 2917 2331 2959 nos

742 2994 957 3052 liberat.
1003 2997 1175 3053 Prout
1211 3010 1342 3053 vero
1383 2993 1437 3051 in
1472 2993 1565 3051 illo
1591 2995 1717 3051 loco
1746 2993 1894 3051 dicta
1923 2999 2054 3051 sunt
2080 3008 2112 3049 a
2135 2992 2329 3065 Paulo,

741 3084 1088 3158 intelligenda
1113 3085 1364 3143 videntur
1391 3084 1460 3143 de
1495 3084 1744 3142 libertate
1779 3099 1812 3140 a
1837 3083 2100 3141 velamine
2129 3083 2327 3139 obcae-

741 3178 973 3234 cationis
998 3183 1056 3233 et
1083 3174 1278 3233 duritie
1305 3172 1513 3246 cordis,
1537 3185 1594 3233 et
1619 3179 1851 3248 possunt
1870 3172 2116 3246 extendi,
2140 3173 2333 3231 simul-

743 3280 853 3340 que
879 3264 1103 3340 intelligi
1131 3265 1200 3322 de
1227 3264 1469 3323 libertate
1495 3278 1527 3321 a
1553 3263 1980 3338 servitute’legis
2002 3266 2221 3321 veteris.
2248 3263 2334 3321 Di-

743 3362 900 3414 xerat
931 3356 1104 3414 enim:
1151 3358 1344 3429 Usque
1377 3357 1442 3411 in
1466 3353 1817 3413 hodiernum
1843 3351 2001 3411 diem
2030 3370 2169 3411 cum
2192 3351 2334 3427 leqi-

743 3454 845 3504 tur
875 3450 1136 3522 Moyses,
1170 3445 1438 3503 velamen
1465 3448 1725 3520 positum
1752 3460 1874 3502 esse
1903 3460 2076 3519 super
2101 3459 2206 3501 cor
2233 3448 2333 3502 Iu-

743 3535 1062 3599 daeorum,
1098 3542 1159 3593 ut
1187 3535 1424 3607 scilicet,
1453 3549 1564 3591 non
1589 3535 1827 3605 videant,
1858 3539 2242 3591 testamentum
2272 3534 2335 3591 il-

746 3625 842 3683 lud
869 3628 977 3684 iam
994 3640 1114 3683 esse
1133 3631 1492 3695 evacuatum,
1517 3632 1574 3683 et
1593 3623 1764 3697 addit,
1789 3624 2037 3681 velamen
2060 3623 2192 3682 illud
2212 3640 2332 3681 esse

745 3715 1103 3773 auferendum
1143 3713 1211 3771 ab
1247 3714 1336 3771 illo
1375 3713 1580 3787 populo
1602 3756 1618 3785 ,
1650 3732 1786 3772 cum
1813 3711 2334 3786 conversusfuerit

743 3806 829 3865 ad
855 3809 1196 3873 Dominum,
1233 3812 1290 3861 et
1313 3803 1525 3862 subdit:
1551 3806 1838 3863 Dominus
1857 3809 2060 3862 autem
2077 3807 2333 3879 Spiritus

743 3902 855 3964 est,·
883 3900 938 3953 et
964 3894 1066 3953 ubi
1087 3896 1350 3969 Spiritus
1373 3896 1636 3962 Domini,
1663 3894 1744 3951 ibi
1764 3892 2026 3956 libertas.
2055 3895 2243 3967 utique
2265 3894 2331 3951 ab

745 3986 835 4043 illo
863 3985 1150 4043 velamine.
1179 3984 1316 4041 Nam
1343 3984 1572 4055 Spiritus
1600 3985 1808 4041 Domini
1835 3990 1944 4056 est,
1971 3986 2064 4057 qui
2089 3982 2331 4041 liberata

743 4078 876 4150 iugo
914 4076 1082 4149 legis,
1125 4076 1270 4134 sicut
1307 4074 1426 4132 alibi
1461 4074 1626 4133 dixit:
1668 4078 1738 4133 Si
1759 4078 1988 4149 Spiritu
2013 4074 2321 4144 ducimini,

745 4184 864 4225 non
903 4171 1038 4225 estis
1079 4165 1187 4223 sub
1226 4165 1386 4240 le9e;
1423 4172 1480 4223 et
1514 4165 1636 4222 ideo
1663 4166 1806 4223 idem
1837 4166 2070 4238 Spiritus
2098 4166 2327 4238 Domini,

746 4258 841 4331 qui
870 4258 1030 4314 talem
1059 4257 1150 4314 dat
1177 4256 1503 4328 libertatem,
1533 4254 1625 4312 dat
1649 4256 1812 4313 etiam
1834 4256 2018 4313 lumen
2039 4255 2107 4313 ad
2127 4272 2332 4329 cogno·

746 4345 1008 4405 scendam
1037 4348 1203 4420 illam,
1233 4362 1299 4404 ac
1327 4346 1554 4405 subinde
1581 4347 1760 4405 aufert
1778 4346 2044 4418 velamen,
2068 4348 2219 4420 quod
2242 4364 2333 4405 ve-

745 4438 962 4495 ritatem
992 4437 1137 4494 illam
1163 4436 1497 4509 occultabat,
1523 4444 1583 4495 et
1607 4437 1727 4495 ideo
1749 4437 2058 4496 concludit:
2079 4442 2203 4497 Nos
2222 4454 2334 4497 au-

743 4534 860 4585 tem
882 4525 1148 4586 revelata
1163 4525 1336 4601 facie
1361 4526 1618 4602 yloriam
1645 4532 1757 4586 Dei
1781 4526 2185 4604 speculantes.
2217 4536 2326 4586 etc.

746 4619 902 4688 Quod
946 4625 1128 4677 totum
1167 4619 1330 4676 unico
1365 4618 1535 4676 verbo
1577 4617 1854 4692 eleganter
1888 4618 2213 4690 complexus
2246 4623 2334 4676 est

744 4708 1028 4785 chrysost.
1058 4707 1244 4765 homil.
1282 4710 1336 4767 7.
1365 4708 1587 4766 dicens:
1617 4708 1976 4768 Libertatem
2003 4712 2209 4765 autem
2244 4706 2335 4764 di-

743 4802 854 4865 xit,
891 4796 1104 4856 habita
1127 4800 1360 4855 ratione
1387 4802 1681 4873 pristinae
1709 4802 2022 4855 servitutis.
2054 4799 2126 4855 Et
2150 4800 2225 4855 ita
2251 4798 2333 4855 in·

745 4888 995 4962 telligunt
1032 4904 1223 4945 omnes
1263 4887 1519 4947 catholici
1557 4890 1873 4963 scriptores.
1905 4891 2092 4961 Neque
2119 4899 2203 4947 est
2228 4906 2332 4948 cur

747 4979 970 5036 libertas
997 4981 1225 5051 spiritus
1253 4978 1579 5052 intelligatur
1604 4996 1725 5038 esse
1754 4980 1822 5037 ab
1849 4981 2026 5037 omnis
2046 4979 2180 5054 legis
2202 4982 2333 5039 obli-

749 5070 998 5143 gatione,
1037 5069 1168 5143 quia
1192 5084 1294 5125 nec
1323 5067 1526 5126 Paulus
1555 5068 1660 5127 hoc
1688 5068 1840 5138 dicit,
1869 5084 1970 5127 nec
1999 5071 2234 5141 pertinet
2264 5065 2331 5129 a'd

747 5158 1154 5234 perfectionem,
1183 5158 1267 5217 vel
1293 5158 1628 5217 dominatum
1655 5161 1924 5233 Spiritus3
1955 5160 2152 5217 namin
2174 5176 2336 5237 ange·

745 5249 848 5328 lis,
887 5256 946 5311 et
981 5250 1208 5321 Adamo,
1241 5256 1298 5311 et
1322 5250 1377 5310 in
1404 5250 1656 5309 omnibus
1681 5250 1836 5309 iustis
1862 5249 1964 5310 t'uit
1989 5250 2249 5329 Spiritus,
2276 5259 2332 5313 et

2248 330 2451 381 LIBER
2477 330 2528 379 1.

2426 456 2480 513 in
2506 453 2609 513 illis
2648 471 2757 513 non
2797 456 2902 515 suit
2938 457 3059 515 talis
3086 457 3324 531 libertas,
3354 458 3501 518 unde
3528 462 3713 534 potius
3738 473 4014 539 repugnat

2422 546 2753 620 perfectioni
2791 554 2848 605 et
2886 550 3195 625 sanctitati,
3232 567 3299 610 ac
3329 551 3681 613 dominationi
3706 554 3870 615 divini
3895 559 4017 631 Spi-

2424 637 2586 695 ritus.

2504 730 2593 786 ts.
2625 727 2773 785 Loca
2796 734 2977 786 autem
3008 729 3188 789 Iacobi
3222 733 3287 806 1,
3314 740 3374 791 et
3398 737 3454 793 2.
3487 740 3683 792 contra
3710 736 3861 809 ipsos
3886 735 4015 795 bao-

2419 818 2629 875 reticos
2656 817 3029 893 convincunt,
3052 822 3253 879 namin
3282 838 3405 896 cap.
3444 827 3492 882 i.
3518 824 3665 883 illam
3689 868 3705 899 ,
3730 843 3899 902 quam
3922 845 4017 886 vo-

2418 916 2510 967 cat
2536 906 2714 982 legem
2742 910 3016 982 perfectae
3045 911 3305 971 libertatis
3320 956 3335 987 ,
3367 917 3652 987 supponit,
3676 932 3803 976 esse
3824 935 4012 977 veram

2418 998 2592 1073 legem
2620 1000 2951 1074 obligantem
2979 1002 3047 1061 ad
3075 1018 3245 1077 opus,
3275 1012 3331 1061 et
3358 1004 3477 1063 ideo
3504 1007 3821 1081 concludit,
3852 1008 4009 1068 illum

2414 1089 2533 1147 iore
2561 1091 2781 1148 beatum
2799 1133 2814 1163 ,
2840 1092 2935 1165 qui
2964 1092 3018 1149 in
3042 1108 3109 1149 ea
3136 1097 3527 1168 permanserit,
3552 1103 3608 1154 et
3626 1096 4012 1172 sueritsactor

2414 1184 2608 1255 operis
2625 1223 2640 1249 ,
2668 1182 2722 1239 id
2750 1184 2949 1256 estqui
2976 1183 3123 1241 illam
3152 1188 3471 1245 servaverit.
3496 1188 3555 1243 ln
3582 1204 3708 1261 cap.
3736 1196 3925 1248 autem
3948 1196 4005 1249 2.

2413 1271 2713 1345 significat,
2736 1288 2834 1345 per
2862 1272 3035 1347 legem
3064 1274 3207 1333 illam
3236 1276 3493 1335 libertatis
3514 1294 3635 1335 esse
3656 1279 3907 1338 homines
3927 1282 4010 1339 iu-

2410 1360 2692 1419 dicandos.
2725 1364 2830 1421 Sic
2857 1360 3187 1435 loquimini,
3222 1365 3430 1442 dicens,
3464 1372 3520 1425 et
3546 1368 3862 1441 sit-facite,
3896 1375 4017 1429 sic·

2408 1458 2478 1511 ut
2509 1469 2622 1528 per
2661 1453 2845 1528 leyem
2872 1453 3163 1513 libertatis
3195 1459 3541 1532 incipientes
3583 1459 3890 1519 iudicari.-
3935 1465 4014 1519 vi-

2407 1542 2571 1600 detur
2596 1551 2781 1601 autem
2808 1544 2957 1620 loqui
2984 1544 3051 1602 de
3080 1545 3199 1621 lege
3224 1549 3495 1616 caritatis,
3520 1565 3689 1623 quam
3716 1552 3882 1621 paulo
3910 1568 4010 1609 an-

2408 1640 2497 1690 tea
2519 1632 2782 1707 reqalem
2807 1642 3130 1706 vocaverat:
3162 1640 3421 1710 supponit
3446 1654 3579 1713 ergo
3601 1647 3789 1712 aperte
3808 1682 3825 1715 ,
3854 1641 4009 1698 chri·

2406 1723 2613 1780 stianos
2654 1740 2775 1781 esse
2811 1724 3087 1782 subiectos
3114 1725 3243 1801 legi.
3275 1728 3387 1785 Cur
3414 1734 3597 1786 autem
3625 1728 3715 1787 illa
3735 1736 3901 1787 vocet
3928 1731 4009 1788 le-

2404 1826 2529 1885 gem
2559 1811 2922 1887 penseetam,
2968 1813 3260 1889 reqalem,
3310 1823 3365 1874 et
3402 1815 3725 1885 libertatis,
3770 1822 3831 1879 in
3864 1820 4007 1879 libro

2404 1899 2632 1979 ultimo,
2662 1902 2727 1962 de
2754 1902 2872 1979 lege
2899 1905 3107 1978 gratiae
3134 1904 3465 1979 disputando
3482 1948 3499 1983 ,
3526 1907 3767 1968 dicetur.

2969 2083 3249 2157 CAPUT
3284 2085 3435 2155 XX.

3658 2022 3687 2037 f

2693 2278 2793 2335 An
2818 2278 2881 2337 in
2908 2276 3031 2354 leqe
3041 2278 3191 2353 fieri
3212 2283 3402 2353 possit
3426 2284 3705 2353 mutatio,

2860 2374 2919 2427 et
2944 2370 3265 2448 quotuplex
3290 2370 3405 2432 illa
3428 2378 3526 2433 sit.

2954 2553 3438 2620 summarium

2402 2732 2453 2785 1.
2482 2734 2647 2787 Prima
2682 2738 2925 2789 assertio:
2966 2738 3070 2790 Lex
3106 2738 3367 2794 indefinite
3402 2744 3505 2793 lata
3539 2756 3640 2797 non
3676 2752 3915 2798 mutatur
3937 2748 4003 2801 ob

2468 2806 2627 2857 solam
2668 2810 2996 2873 temporalem
3028 2810 3369 2864 durationem.
3390 2840 3459 2851 -—
3484 2814 3740 2867 obiectio.
3762 2843 3836 2855 --
3858 2818 4003 2869 Solu-

2470 2877 2705 2929 tio.—-2.
2744 2879 2975 2930 Secunda
3010 2884 3255 2934 assertio:
3294 2882 3511 2935 Mutatio
3546 2886 3678 2949 legis
3714 2887 4000 2953 dupliciter

2470 2947 2705 2999 accidere
2740 2954 2940 3013 potest,
2976 2951 3056 3001 vel
3084 2965 3175 3016 per
3198 2952 3459 3005 desectum
3482 2967 3668 3007 causae
3694 2971 4001 3009 conservan-

2470 3018 2557 3081 tis,
2586 3019 2668 3069 vel
2687 3030 2779 3082 per
2804 3020 3056 3071 actionem
3074 3024 3320 3076 contrarii
3344 3026 3700 3088 agentis.—3.
3724 3026 3903 3079 Tertia
3926 3042 4005 3081 as-

2468 3089 2650 3141 sertio:
2696 3089 2799 3139 Lex
2834 3096 3005 3153 potest
3040 3095 3231 3144 mutari
3268 3094 3350 3145 vel
3388 3108 3479 3159 per
3504 3096 3815 3148 ablationem
3838 3100 3999 3163 illius,

2468 3159 2551 3209 vel
2587 3173 2679 3223 per
2714 3160 3000 3223 ingressum
3022 3162 3266 3226 alterius,
3293 3177 3425 3228 quae
3448 3166 3590 3217 illam
3613 3168 3909 3231 extinguat.
3929 3196 3999 3207 —-—

2467 3228 2521 3279 4.
2549 3230 2740 3291 Quarta
2764 3232 3005 3281 assertio:
3034 3232 3249 3285 Mutatio
3273 3235 3403 3298 legis
3428 3236 3509 3285 vel
3531 3242 3704 3299 potest
3736 3251 3853 3290 esse
3876 3241 3992 3290 uni-

2470 3301 2712 3363 versalis,
2740 3299 2821 3349 vel
2847 3301 3202 3365 particulariS,
3231 3304 3313 3354 vel
3347 3306 3679 3369 simpliciter,
3710 3308 3791 3358 vel
3818 3322 4001 3361 secun-

2468 3367 2589 3419 dum
2611 3370 2753 3435 quid.
2766 3369 2899 3421 -5.
2922 3373 3103 3423 Variae
3128 3386 3276 3424 voces
3296 3375 3637 3427 universalem
3656 3380 3999 3431 mutationem

2472 3439 2599 3503 legis
2642 3440 3003 3503 significantes.
3018 3445 3147 3494 -6.
3188 3443 3415 3496 Irritatio
3455 3452 3509 3496 et
3552 3447 3825 3511 abrogatio
3866 3450 3998 3514 legis

2468 3509 2601 3559 idem
2637 3510 2907 3573 significat.
2930 3538 2999 3548 -
3021 3512 3070 3562 7.
3106 3514 3263 3565 Voces
3287 3515 3651 3580 particularem
3674 3518 3807 3582 legis
3830 3528 3999 3571 muta·

2471 3580 2659 3631 tionem
2690 3580 3051 3645 significantes.
3072 3584 3368 3647 —Propria
3403 3586 3711 3651 significatio
3746 3590 3890 3641 vocis
3914 3591 3999 3641 di-

2466 3650 2746 3712 spensatio.
2768 3678 2837 3688 —
2864 3652 2917 3702 8.
2956 3652 3085 3713 Quid
3123 3654 3375 3717 significet
3412 3656 3736 3718 dispensatio
3772 3660 3826 3709 in
3862 3674 3999 3711 novo

2467 3720 2806 3771 Testamento.
2820 3722 3107 3783 —Quando
3130 3732 3431 3775 exerceatur
3450 3728 3657 3791 propria
3675 3728 3995 3792 dispensatio

2468 3790 2521 3840 in
2540 3790 2814 3855 lege.——9.
2844 3792 2913 3841 De
2935 3792 3217 3843 mutatione
3242 3795 3371 3857 legis
3386 3830 3400 3856 ,
3426 3808 3561 3859 quae
3582 3796 3640 3846 fit
3660 3810 3752 3861 per
3770 3812 3998 3850 commu-

2468 3861 2714 3911 tationem
2733 3863 2815 3911 vel
2835 3874 2927 3925 per
2945 3864 3623 3927 compensationem—Quid
3641 3869 3711 3917 sit
3731 3871 4001 3931 permissio

2466 3930 2522 3980 in
2544 3932 2756 3981 materia
2786 3931 3155 3995 legis—Quid
3190 3933 3443 3997 significet
3468 3948 3649 3986 nomen
3672 3939 3995 3990 licentia.—

2470 4001 2554 4052 10.
2594 4001 2661 4050 De
2698 4001 2897 4053 nomine
2930 4002 3331 4065 interpretatio,
3366 4010 3421 4054 et
3453 4006 3705 4070 quomodo
3736 4007 3943 4059 differat
3966 4022 3997 4059 a

2464 4071 2855 4135 dispensatione.
2871 4072 3035 4123 -11.
3062 4074 3316 4137 variatio,
3342 4088 3475 4139 quae
3499 4077 3755 4141 contingit
3780 4079 3833 4127 in
3857 4079 3993 4129 obli·

2465 4142 2673 4205 gatione
2697 4142 2825 4204 legis
2844 4142 2911 4192 ob
2928 4146 3259 4195 mutationem
3278 4146 3523 4196 materiae
3536 4181 3551 4207 ‚
3572 4159 3671 4197 non
3690 4153 3769 4197 est
3789 4148 3996 4213 dispen-

2467 4214 2619 4262 satio.
2640 4239 2711 4249 —
2734 4210 2817 4261 12.
2845 4210 3482 4267 Obiecti0.—Solutio.—-
3498 4217 3583 4266 13.
3611 4218 3679 4267 De
3706 4221 3996 4271 mutatione

2468 4282 2597 4347 legis
2620 4280 2900 4333 secuudum
2923 4283 3045 4346 quid
3060 4319 3077 4347 ,
3104 4298 3235 4349 quae
3259 4286 3317 4336 tit
3341 4298 3434 4351 per
3458 4288 3859 4351 suspensionem.

2481 4440 2531 4496 1.
2562 4438 2847 4513 Explicata
2884 4446 3083 4498 natura
3118 4441 3285 4516 legis,
3315 4450 3374 4501 et
3401 4444 3654 4502 omnibus
3682 4446 3863 4504 causis
3885 4489 3902 4522 ‚
3933 4454 3995 4507 et

2396 4530 2678 4587 effectibus
2718 4529 2865 4603 eius,
2905 4532 3083 4588 solum
3112 4539 3367 4607 superest
3392 4533 3687 4594 dicendum
3714 4536 3779 4595 de
3808 4546 3994 4597 muta-

2394 4620 2540 4679 tione
2580 4620 2735 4694 legis.
2778 4620 3162 4681 Verumtamen
3203 4625 3334 4697 quia
3371 4623 3505 4681 baec
3546 4629 3851 4699 proprietas
3878 4644 3993 4687 non

2398 4720 2486 4768 est
2512 4710 2821 4769 communis
2850 4713 2993 4769 omni
3034 4713 3166 4787 legi,
3197 4714 3319 4773 ideo
3346 4715 3539 4773 melius
3568 4719 3893 4776 tractabitur
3922 4719 3991 4779 de

2400 4800 2629 4877 singulis
2658 4801 2711 4857 in
2738 4799 3089 4877 particulari,
3114 4805 3166 4859 in
3190 4805 3265 4861 eis
3285 4804 3645 4880 declarando,
3671 4823 3739 4864 an
3762 4808 3989 4869 modum

2399 4891 2636 4965 aliquem
2666 4892 2980 4950 mutationis
3008 4892 3309 4952 admittant.
3338 4896 3435 4953 Hic
3462 4910 3597 4970 ergo
3625 4898 3803 4956 solum
3832 4916 3993 4973 prae-

2400 4982 2677 5040 mittemus
2704 4981 2970 5057 quasdam
2997 4984 3275 5057 generales
3303 4986 3554 5059 regulas,
3588 4994 3647 5045 et
3673 4990 3991 5060 explicatio-

2398 5088 2497 5131 nes
2537 5073 2926 5147 terminorum‚
2975 5080 3038 5132 ut
3076 5075 3283 5133 facilior
3324 5075 3393 5133 sit
3430 5084 3623 5149 postea
3650 5076 3905 5136 doctriua
3932 5081 3989 5139 in

2400 5164 2628 5237 singulis
2656 5164 2885 5238 legibus.
2917 5167 3099 5224 Primo
3127 5167 3295 5240 igitur
3324 5168 3682 5243 supponimus
3706 5184 3773 5226 ex
3800 5170 3986 5247 dictis,

2400 5252 2575 5331 legem
2602 5253 2865 5315 indefinite
2886 5255 3049 5315 latam
3076 5257 3143 5317 de
3171 5274 3231 5317 se
3258 5274 3365 5319 non
3396 5261 3638 5335 mutari,
3668 5274 3845 5337 neque
3864 5264 3989 5324 eius
