4325 6267
695 309 782 376 68

624 451 720 526 qui
746 450 938 510 falsam
964 449 1268 509 doctrinam
1295 447 1362 506 de
1389 448 1508 523 1030
1535 448 1843 520 tradebant,
1873 453 1930 508 01
1953 447 2077 508 ideo
2101 447 2217 522 ipse

620 541 841 615 subdit,
873 541 1072 598 bonam
1104 555 1226 608 esse
1255 539 1423 611 legem
1448 579 1464 610 ,
1504 539 1696 612 utique
1725 541 1991 612 scriptam
2015 581 2032 614 ,
2069 539 2217 596 illam

618 639 802 690 tamen
843 646 952 688 non
996 644 1116 686 esse
1157 629 1537 701 imponendam
1574 628 1734 686 iustis
1761 669 1777 701 ,
1816 630 1948 702 quia
1987 645 2094 686 non
2135 633 2222 685 est

618 721 764 778 iusto
793 719 988 793 posita.
1023 717 1130 775 Sed
1156 718 1417 790 expositio
1447 733 1558 778 000
1599 718 1894 791 satisfacit,
1944 723 2064 776 tum
2090 718 2221 791 quia

618 810 754 869 licet
792 809 865 865 sit
903 823 1117 876 verum,
1149 807 1384 865 Paulum
1415 808 1566 885 loqui
1605 809 1674 866 de
1709 807 1828 883 1030
1855 809 2061 881 scripta
2087 807 2223 866 divi-

621 915 724 970 na,
755 905 938 956 tamen
967 897 1235 954 sententia
1265 897 1384 954 0100
1420 896 1489 954 de
1528 915 1590 954 se
1630 897 1955 975 universalis
1995 903 2080 954 est
2103 941 2117 962 ‚
2168 903 2225 954 01

621 987 871 1045 eamdem
900 988 1168 1044 rationem
1197 985 1362 1044 habet
1386 987 1441 1042 10
1469 986 1615 1044 omni
1644 986 1795 1060 lege,
1828 993 1893 1044 ut
1919 985 2217 1045 constabit.

621 1081 762 1138 Tum
788 1079 946 1134 etiam
968 1119 984 1151 ,
1015 1075 1142 1150 quia
1170 1091 1267 1149 per
1293 1077 1501 1133 iustum
1538 1092 1645 1133 non
1688 1092 1988 1149 possumus
2029 1075 2223 1132 intelli-

622 1183 753 1242 gere
781 1167 928 1224 solos
957 1165 1133 1223 iustos
1165 1164 1298 1239 legis
1330 1164 1706 1240 evangelicae,
1737 1165 1834 1222 sed
1864 1164 2114 1222 absolute
2141 1166 2228 1220 iu-

625 1263 740 1315 stos
767 1298 784 1329 ,
826 1258 988 1313 etiam
1030 1254 1124 1328 qui
1165 1253 1418 1324 fuerunt,
1461 1254 1680 1328 quando
1721 1254 1809 1313 lex
1847 1255 1937 1312 illa
1977 1255 2086 1310 lata
2111 1259 2220 1312 est.

624 1349 765 1406 Nam
792 1345 994 1403 Paulus
1023 1344 1272 1402 absolute
1299 1343 1544 1417 loquitur
1583 1345 1650 1402 de
1677 1345 1854 1418 iusto,
1887 1344 2226 1420 distinguen—

626 1436 700 1495 do
727 1436 879 1494 illum
909 1435 975 1492 ab
1003 1434 1216 1492 iniustis
1243 1441 1300 1491 et
1326 1435 1846 1508 transgressoribus.
1871 1434 2064 1492 Exilia
2093 1449 2227 1493 vero

629 1525 898 1585 sententia
925 1527 1005 1582 sic
1045 1523 1324 1582 intellecta
1360 1523 1490 1582 nihil
1520 1531 1753 1597 possunt
1787 1523 2047 1583 haeretici
2075 1524 2230 1581 colli-

631 1632 797 1691 gere,
825 1615 956 1688 quia
983 1628 1186 1689 negare
1214 1628 1320 1671 000
1350 1621 1618 1686 possunt,
1651 1616 1784 1688 quin
1806 1615 1890 1672 100
1913 1621 2072 1672 vetus
2094 1614 2232 1672 obli-

631 1705 846 1780 gaverit
883 1703 1054 1760 iustos
1085 1702 1230 1760 illius
1257 1702 1477 1775 populi,
1507 1718 1610 1776 pro
1651 1718 1763 1776 quo
1805 1703 1914 1761 lata
1951 1710 2064 1773 est,
2096 1719 2229 1778 ergo

630 1795 800 1852 verba
829 1793 950 1850 illa:
981 1794 1146 1849 Iusto
1173 1809 1290 1849 non
1317 1797 1404 1848 est
1439 1791 1539 1848 lea:
1570 1795 1805 1868 posita,
1849 1809 1959 1850 non
1999 1799 2234 1866 possunt

634 1884 837 1942 habere
865 1883 1016 1940 hunc
1046 1897 1302 1954 sensum,
1345 1879 1399 1938 id
1440 1887 1527 1938 est
1563 1898 1673 1939 non
1714 1882 1960 1956 obligant
1991 1884 2226 1942 iustum.

632 1977 751 2036 Imo
779 1973 845 2030 ad
876 1971 1150 2030 hominem
1175 1971 1546 2044 argumentari
1573 1987 1870 2044 possumus
1891 1979 2088 2030 contra
2109 1989 2234 2030 eos-

635 2064 761 2122 dem
788 2078 958 2120 novos
987 2062 1327 2135 haereticos,
1360 2060 1510 2132 quod
1540 2075 1765 2118 necesse
1794 2063 1894 2135 sit,
1939 2068 2002 2118 ut
2027 2061 2233 2118 fatean-

635 2159 729 2211 tur
754 2193 769 2224 ,
810 2152 988 2225 legem
1029 2165 1148 2207 esse
1191 2148 1499 2222 impositam
1537 2149 1634 2207 tali
1661 2151 1808 2208 iusto
1831 2189 1849 2222 ,
1887 2150 2105 2223 qualem
2133 2152 2237 2225 ipsi

637 2243 982 2316 confingunt,
1013 2239 1140 2313 quia
1167 2238 1254 2297 ille
1285 2243 1465 2311 potest
1491 2253 1612 2295 esse
1641 2239 1996 2313 fornicarius,
2026 2247 2084 2298 et
2109 2255 2237 2312 per-

635 2335 832 2402 iurus,
863 2337 976 2388 etc.
1007 2335 1062 2386 et
1089 2335 1270 2386 tamen
1297 2325 1502 2386 Paulus
1529 2327 1632 2401 ait,
1666 2327 1978 2387 huiusmodi
2001 2327 2231 2388 homini-

637 2423 746 2481 bus
774 2421 949 2494 legem
974 2433 1096 2476 esse
1123 2418 1376 2492 positam.

719 2515 776 2569 2.
807 2508 944 2578 Quid
984 2523 1116 2580 ergo
1158 2513 1275 2579 est,
1306 2505 1452 2564 iusto
1479 2521 1590 2564 non
1617 2519 1740 2564 esse
1766 2506 1940 2581 legem
1969 2508 2238 2580 positam?

640 2601 956 2658 Communis
983 2597 1245 2670 expositio
1284 2595 1748 2654 scholasticorum
1775 2602 1891 2671 001,
1919 2597 2143 2671 intelligi
2171 2596 2237 2655 de

639 2691 800 2765 lege,
829 2704 942 2745 non
971 2685 1155 2762 quoad
1184 2685 1292 2742 vim
1321 2685 1668 2758 directivam,
1699 2684 1794 2742 sed
1823 2686 2006 2759 quoad
2033 2687 2240 2745 000011-

639 2795 792 2852 vam,
823 2792 952 2834 nam
983 2777 1068 2834 100
1095 2777 1273 2849 000110
1299 2783 1388 2832 001
1414 2775 1480 2832 ad
1513 2773 1833 2848 obligandos
1855 2776 2022 2833 etiam
2043 2776 2237 2847 iustos,

645 2885 755 2927 000
782 2874 963 2925 101000
1002 2865 1069 2922 ad
1113 2864 1394 2940 cogendos
1423 2864 1579 2937 11100,
1609 2865 1738 2937 quia
1764 2863 1834 2921 illi
1865 2880 1972 2920 non
2002 2863 2244 2939 indigent

644 2957 954 3018 coactione.
983 2957 1065 3013 Ita
1089 2953 1146 3011 d.
1176 2955 1408 3011 Thomas
1437 2952 1492 3010 d.
1527 2968 1583 3026 q.
1619 2954 1722 3027 96,
1755 2960 1860 3011 art.
1898 2959 1950 3012 5.
1982 2955 2052 3012 ad
2087 2959 2146 3026 1,
2186 2961 2243 3012 01

644 3047 720 3106 1111
747 3047 919 3105 Caiet.
954 3046 1120 3117 Soto,
1151 3051 1206 3101 et
1231 3059 1442 3101 omnes.
1474 3044 1606 3100 Soto
1633 3044 1796 3100 etiam
1821 3042 1913 3100 lib.
1948 3049 2002 3102 3.
2034 3043 2106 3101 de
2131 3060 2241 3102 na-

646 3145 794 3196 tura
817 3139 874 3194 et
897 3136 1122 3212 qratia,
1158 3149 1283 3206 cap.
1324 3138 1372 3205 1,
1405 3133 1537 3206 Veg.
1568 3132 1660 3190 lib.
1701 3138 1788 3193 11.
1818 3134 1886 3190 in
1917 3131 2079 3190 Trid.
2111 3148 2233 3206 cap.

649 3235 705 3298 8,
735 3223 1018 3282 Salmeron
1047 3222 1188 3295 disp.
1219 3227 1278 3295 2,
1310 3221 1470 3294 epist.
1505 3229 1555 3280 1.
1587 3221 1658 3278 ad
1680 3221 1816 3279 Tim.
1851 3225 1899 3294 1,
1923 3221 2236 3280 Bellarmin.

644 3316 742 3374 lib.
778 3319 832 3372 3.
863 3313 936 3370 de
956 3317 1200 3388 peccato
1221 3315 1409 3388 primi
1431 3313 1710 3377 hominis,
1739 3327 1863 3383 cap.
1899 3313 1946 3366 1.
1972 3311 2242 3368 01001011-

645 3405 799 3480 quis:
831 3418 963 3476 ergo
994 3404 1038 3458 si
1065 3403 1242 3460 iustus
1271 3407 1461 3474 ageret
1485 3406 1678 3457 contra
1703 3399 1900 3471 legem,
1922 3415 2030 3456 non
2057 3399 2243 3456 incur-

2099 323 2303 376 LIBER
2328 325 2381 374 1.

2286 447 2423 522 legis
2442 487 2457 518 ,
2500 447 2756 522 obligatio
2792 449 2912 506 eius
2938 447 3204 508 directiva
3229 455 3319 508 001
3342 463 3438 520 001·
3466 463 3525 506 00
3551 449 3885 520 necessaria,

2288 545 2353 596 ut
2378 538 2629 596 voluntas
2666 538 2793 596 iusti
2831 540 2899 596 ab
2936 539 3235 598 intrinseco
3262 546 3549 598 moveatur
3576 538 3889 596 secundum

2289 627 2499 700 legem,
2540 627 2665 701 quia
2708 629 2943 686 fortasse
2980 627 3093 686 sine
3132 629 3247 702 1030
3274 644 3384 686 000
3413 629 3621 687 faceret
3647 627 3800 686 illum
3830 642 3889 684 0-

2291 721 2481 788 01010,
2512 715 2608 774 sed
2635 715 2835 790 alium,
2873 715 3003 792 quia
3028 717 3277 776 omittere
3304 718 3469 777 talem
3498 726 3721 792 actum,
3752 724 3889 776 tunc

2291 820 2401 862 non
2430 811 2577 863 00001
2602 805 2828 888 malum.

2368 895 2549 969 Aliqui
2576 912 2707 954 vero
2740 895 2987 954 moderni
3012 898 3337 972 impugnant
3361 897 3505 958 11000
3536 913 3891 956 communem

2292 984 2628 1058 doctrinam,
2662 985 2843 1044 solum
2871 987 3001 1061 quia
3028 988 3186 1046 multi
3212 996 3346 1047 sunt
3372 990 3521 1058 iusti,
3548 992 3646 1063 qui
3672 1005 3893 1048 moven-

2293 1081 2386 1132 tur
2412 1092 2479 1133 ex
2522 1078 2718 1133 timore
2760 1092 2967 1150 poenae
2996 1077 3063 1134 ad
3090 1078 3309 1135 vitanda
3337 1085 3589 1152 peccata,
3621 1087 3687 1136 ut
3716 1077 3783 1136 de
3812 1079 3893 1136 in·

2294 1165 2615 1236 cipientibus
2636 1171 2857 1224 constat
2880 1183 2947 1224 00
2973 1167 3283 1225 Tridentino
3312 1185 3451 1226 sess.
3486 1171 3541 1240 6,
3572 1184 3627 1225 c.
3660 1171 3715 1238 6,
3745 1173 3801 1226 01
3826 1166 3895 1226 de

2294 1255 2707 1327 proficientibus
2732 1256 2898 1314 etiam
2926 1256 3139 1315 ostendi
3164 1262 3360 1330 potest,
3389 1258 3517 1332 quia
3537 1256 3748 1315 desola
3769 1273 3894 1330 per-

2294 1343 2443 1402 fecta
2468 1347 2699 1402 caritate
2726 1343 2857 1402 dixit
2884 1347 3033 1403 1000.
3070 1351 3117 1406 1.
3150 1347 3311 1419 epist.
3344 1363 3400 1404 c.
3426 1352 3483 1418 3,
3507 1346 3653 1405 foras
3680 1348 3897 1407 mittere

2296 1434 2584 1506 timorem,
2616 1450 2748 1508 ergo
2775 1435 3080 1508 imperfecti
3109 1435 3162 1492 in
3189 1437 3417 1495 caritate
3437 1439 3752 1509 saepissime
3778 1453 3895 1495 mo—

2299 1528 2498 1580 ventur
2522 1539 2591 1582 ex
2620 1525 2813 1581 timore
2843 1539 3076 1598 poenae,
3106 1541 3239 1600 ergo
3270 1541 3369 1598 pro
3398 1527 3587 1583 maiori
3619 1533 3772 1598 parte
3799 1541 3899 1599 po-

2298 1612 2449 1669 nitur
2480 1612 2566 1670 100
2594 1611 2775 1686 quoad
2804 1615 2914 1671 vim
2942 1614 3249 1671 coactivam
3270 1615 3435 1673 etiam
3454 1615 3631 1685 iustis,
3656 1621 3713 1672 et
3730 1616 3891 1672 ineis

2302 1717 2461 1759 suam
2482 1703 2745 1760 virtutem
2767 1711 3008 1762 exercet.
3034 1705 3148 1762 Nee
3172 1704 3433 1762 satisfacit
3450 1704 3601 1778 quod
3622 1705 3789 1780 aliqui
3811 1721 3901 1762 re-

2302 1790 2605 1864 spondent,
2646 1808 2777 1850 cum
2813 1793 3047 1866 dicitur,
3088 1794 3233 1851 iusto
3262 1810 3373 1852 non
3398 1811 3519 1851 0000
3548 1795 3722 1868 legem
3752 1796 3898 1867 posi-

2301 1887 2445 1953 tam,
2496 1881 2907 1955 intelligendum
2940 1898 3063 1940 esse
3100 1889 3315 1941 tantum
3352 1884 3420 1940 de
3456 1883 3737 1956 perfectis.
3778 1887 3898 1943 Hoc

2300 1971 2447 2028 enim
2476 1986 2583 2027 non
2612 1977 2885 2029 consonat
2911 1973 3190 2030 contextui
3218 1971 3390 2044 Pauli3
3414 1989 3542 2030 nam
3566 1973 3745 2030 statim
3772 1973 3907 2030 sub-

2302 2059 2506 2134 iungit,
2536 2059 2640 2118 sed
2666 2063 2938 2123 iniustis.-
2969 2066 3025 2118 at
3050 2061 3351 2133 imperfecti
3380 2077 3489 2118 non
3518 2067 3760 2134 possunt
3798 2060 3906 2119 dici

2304 2150 2517 2224 iniusti;
2556 2166 2688 2224 ergo
2725 2152 2891 2208 etiam
2930 2149 3032 2208 illis
3060 2167 3171 2208 000
3197 2157 3285 2209 001
3312 2149 3396 2209 100
3425 2153 3602 2224 000110
3630 2167 3699 2210 ex
3726 2157 3908 2208 mente

2304 2241 2477 2298 Pauli.

2380 2331 2740 2388 Nihilominus
2782 2330 2940 2405 dico,
2986 2337 3376 2405 argumentum
3416 2347 3527 2388 non
3560 2346 3685 2389 esse
3720 2332 3910 2406 magni

2306 2422 2595 2492 momenti,
2624 2423 2757 2495 quia
2785 2436 2967 2479 sermo
2996 2422 3150 2480 Pauli
3178 2429 3333 2480 recte
3352 2421 3574 2495 intelligi
3595 2428 3778 2495 potest
3798 2421 3909 2478 101·-

2306 2511 2518 2568 01011101·
2546 2511 2647 2586 (01
2676 2513 2756 2570 010
2792 2511 2969 2568 dicam
2992 2510 3031 2584 1,
3060 2518 3117 2570 01
3143 2519 3412 2587 quantum
3438 2519 3619 2570 estex
3644 2519 3797 2584 parte
3825 2512 3910 2569 iu-

2309 2602 2509 2670 stitiae,
2538 2600 2683 2658 sicut
2711 2601 2940 2658 Ioannes
2969 2600 3121 2673 dixit,
3144 2603 3241 2675 qui
3262 2608 3425 2659 natus
3446 2607 3530 2658 est
3550 2617 3617 2658 ex
3638 2604 3773 2675 Deo,
3796 2616 3909 2658 non

2308 2696 2508 2764 peccat
2532 2691 2747 2765 utique,
2768 2693 2812 2746 si
2840 2697 3007 2763 prout
3032 2696 3190 2747 natus
3216 2697 3302 2748 est
3328 2697 3609 2764 operetur3
3639 2693 3714 2750 ita
3740 2692 3905 2749 etiam

2309 2779 2522 2849 iustus,
2562 2785 2830 2853 quantum
2869 2785 2955 2836 est
2992 2795 3059 2836 00
3101 2784 3257 2852 001·ῑο
3298 2780 3532 2837 iustitiae
3572 2796 3677 2837 000
3706 2780 3913 2853 indiget

2310 2867 2596 2925 coactione
2622 2866 2783 2940 legis,
2813 2882 2917 2924 nec
2944 2867 3035 2925 1110
3062 2873 3335 2926 movetur.
3358 2868 3515 2937 Quod
3540 2867 3757 2926 videtur
3777 2885 3902 2927 sen-

2310 2956 2443 3012 sisse
2464 2957 2757 3013 Caietanus
2778 2955 2851 3013 1111
2872 2956 3081 3014 dicensi
3108 2957 3411 3016 Formalis
3430 2963 3517 3015 est
3534 2973 3725 3016 sermo
3744 2961 3911 3016 Pato-

2310 3044 2356 3101 lt
2370 3063 2391 3113 ;
2430 3060 2578 3102 nam
2615 3060 2753 3102 cum
2788 3044 3051 3103 medium
3085 3045 3229 3120 leqis
3256 3049 3336 3104 sit
3356 3062 3569 3123 poena,
3603 3051 3659 3104 et
3684 3051 3894 3117 iustus,

2310 3139 2606 3208 quatenus
2631 3136 2843 3195 iustus.
2875 3133 3028 3192 nulli
3062 3138 3137 3193 sit
3174 3135 3465 3194 obnoxius
3485 3151 3747 3211 poenae,
3773 3134 3914 3208 sor-

2311 3221 2551 3281 maliter
2570 3223 2933 3296 verificatur,
2962 3223 3117 3298 quod
3138 3229 3289 3282 iusto
3314 3242 3435 3283 non
3459 3231 3546 3283 est
3572 3224 3678 3283 lex
3690 3230 3910 3300 posita.

2310 3316 2586 3387 Favetque
2614 3314 2955 3386 Augustinus
2982 3313 3054 3370 de
3078 3317 3311 3392 Spiritu
3335 3321 3391 3372 et
3410 3315 3632 3382 littera,
3660 3331 3787 3388 cap.
3822 3319 3910 3388 to,

2310 3401 2529 3459 dicens:
2565 3404 2829 3460 Iniustas
2856 3401 3123 3476 leqitima
3160 3403 3285 3477 leqe
3321 3409 3563 3471 utatur,
3612 3408 3679 3460 ut
3718 3407 3914 3462 iustus

646 3499 793 3552 reret
832 3505 1063 3566 poenam
1098 3489 1265 3564 legis,
1297 3487 1743 3561 quandoquidem
1773 3488 1850 3544 vis
1880 3489 2134 3544 coactiva
2165 3488 2240 3546 le·
2294 3491 2454 3564 fiat‚·
2482 3490 2639 3564 quod
2664 3490 3027 3564 cumsactus
3044 3491 3270 3564 suerit,
3298 3509 3373 3552 ea
3398 3497 3526 3552 iam
3554 3511 3673 3551 non
3699 3497 3916 3552 utatur

644 3584 728 3658 gis
764 3598 873 3639 non
911 3579 1063 3638 cadit
1097 3580 1149 3635 in
1180 3578 1367 3650 illum,
1400 3577 1547 3635 sicut
1576 3576 1826 3648 princeps
1854 3583 2243 3649 030000001το

643 3672 822 3746 legem
862 3685 973 3726 non
1003 3667 1235 3726 incurrit
1258 3681 1490 3739 poenam
1515 3668 1634 3722 eius
1653 3706 1669 3738 ,
1699 3666 1828 3740 quia
1853 3680 1962 3721 non
1989 3681 2242 3737 compre·

643 3759 903 3820 henditur
933 3756 1037 3814 sub
1066 3757 1184 3830 lege
1211 3756 1395 3829 quoad
1423 3756 1534 3812 vim
1561 3755 1900 3827 coactivam,
1933 3753 2028 3810 sed
2055 3755 2240 3828 quoad

647 3847 970 3908 directivam
989 3851 1226 3902 tantum.
1242 3843 1622 3916 Respondetur
1635 3843 1882 3918 negando
1898 3857 2242 3917 consequen-

644 3938 808 4012 tiam;
841 3951 952 3992 000
979 3933 1122 3991 enim
1151 3932 1206 3990 in
1235 3948 1302 3989 eo
1331 3946 1500 3989 sensu
1527 3931 1750 4004 dicitur,
1774 3931 1949 3988 iustos
1981 3947 2089 3988 000
2120 3933 2241 4008 0031

645 4026 791 4100 1030,
821 4025 952 4098 quia
977 4039 1088 4079 000
1115 4020 1427 4094 obligentur
1455 4021 1510 4077 vi
1539 4021 1792 4077 coactiva
1818 4021 1964 4092 eius,
1995 4020 2091 4078 sed
2112 4022 2242 4094 quia

646 4115 715 4172 de
753 4114 896 4172 facto
937 4127 1047 4169 non
1076 4116 1356 4183 coguntur
1375 4151 1390 4181 ,
1422 4107 1518 4165 sed
1544 4108 1752 4180 Spiritu
1777 4109 1871 4164 Dei
1899 4108 2054 4165 ducti
2086 4109 2241 4167 valde

648 4203 950 4261 voluntarie
969 4201 1074 4274 legi
1095 4199 1499 4272 obsequuntur.
1522 4196 1771 4254 instabis:
1795 4199 1923 4269 quia
1947 4196 2052 4256 hoc
2077 4198 2240 4256 modo

647 4295 817 4353 etiam
831 4291 938 4348 dici
955 4297 1155 4363 potest,
1175 4287 1348 4361 legem
1371 4303 1481 4344 000
1499 4301 1620 4344 0000
1641 4287 1875 4359 positam
1897 4287 2040 4344 iusto
2056 4287 2241 4361 quoad

643 4385 755 4442 vim
792 4381 1144 4450 directivam,
1187 4379 1316 4450 quia
1341 4378 1417 4435 ita
1443 4382 1706 4449 operatur
1734 4377 1913 4434 iustus
1941 4376 2147 4435 bonum
2174 4394 2243 4436 ex

647 4486 836 4530 amore
865 4469 1105 4526 iustitiae
1131 4472 1189 4524 et
1214 4467 1538 4539 honestatis,
1571 4472 1768 4523 utnon
1796 4467 1870 4524 sit
1894 4469 2078 4524 minus
2105 4467 2243 4526 illud

645 4565 1008 4633 operaturus,
1039 4555 1250 4613 etiamsi
1277 4554 1361 4612 100
1387 4553 1462 4611 1111
1488 4569 1597 4611 000
1627 4554 1961 4626 imponatur.
1993 4556 2243 4627 Respon-

644 4649 827 4721 detur,
843 4662 953 4704 non
972 4662 1095 4705 esse
1118 4643 1344 4702 similem
1365 4644 1651 4716 rationem3
1672 4649 1790 4701 tum
1810 4643 1940 4716 quia
1954 4643 2040 4702 100
2057 4645 2242 4717 quoad

645 4741 758 4795 vim
786 4736 1104 4794 directivam
1133 4741 1218 4792 001
1245 4733 1429 4792 lumen
1459 4733 1752 4792 ostendens
1781 4736 1926 4792 viam
1949 4733 2165 4808 salutis,
2188 4741 2245 4794 et

644 4845 712 4887 00
742 4828 845 4884 bac
872 4833 1026 4899 parte
1053 4831 1139 4882 est
1165 4839 1262 4898 per
1289 4840 1348 4882 se
1378 4825 1687 4882 necessaria
1714 4823 1890 4897 iustis,
1931 4832 2050 4882 tum
2077 4826 2241 4884 etiam

647 4919 779 4993 quia
817 4932 979 4989 saepe
1015 4915 1275 4973 honestas
1312 4916 1538 4973 actionis
1578 4931 1677 4988 per
1719 4931 1776 4972 se
1815 4915 2014 4987 pendet
2040 4932 2072 4972 a
2099 4916 2237 4990 lege,

645 5006 734 5065 vel
762 5005 1096 5078 simpliciter,
1119 5005 1249 5077 quia
1276 5004 1393 5062 aine
1420 5004 1540 5078 lege
1570 5003 1714 5062 actio
1737 5011 1883 5061 esset
1903 5004 2236 5079 indifferens,

646 5095 733 5154 vel
760 5094 953 5152 saltem
982 5091 1170 5168 quoad
1195 5093 1602 5166 necessitatem,
1628 5095 1758 5166 quia
1783 5093 1901 5151 sine
1929 5093 2045 5167 lege
2069 5097 2235 5152 omis·

649 5186 730 5242 sio
757 5189 914 5242 00100
941 5199 1049 5240 000
1075 5189 1226 5241 esset
1254 5180 1415 5256 mala3
1444 5190 1501 5241 et
1527 5181 1673 5256 ideo,
1703 5182 1922 5240 seclusa
1947 5186 2239 5242 coactione

2310 3585 2602 3654 tanquam
2621 3578 2900 3646 veniendo,
2923 3597 3061 3638 cum
3073 3585 3424 3656 pervenerit,
3449 3581 3539 3639 vel
3558 3585 3759 3658 potius
3778 3589 3917 3640 tan-

2310 3683 2491 3741 quam
2520 3669 2874 3744 paedaqoqo
2893 3713 2907 3735 ‚
2942 3685 3081 3728 cum
3117 3669 3385 3728 eruditus
3404 3667 3621 3742 fuerit.
3664 3673 3739 3728 De
3767 3672 3915 3728 omni

2309 3771 2439 3830 ergo
2466 3756 2679 3814 homine
2708 3759 2815 3814 iam
2846 3758 3162 3832 iustificato,
3186 3767 3250 3817 ut
3270 3759 3393 3816 talis
3415 3765 3519 3829 est,
3545 3759 3816 3833 intelligit,
3841 3760 3917 3818 illi

2309 3862 2419 3902 non
2459 3861 2580 3903 esse
2620 3847 2793 3920 legem
2836 3847 3100 3919 positam,
3146 3849 3333 3922 utique
3374 3855 3439 3905 ut
3476 3847 3793 3907 vehiculum
3818 3856 3919 3907 aut

2311 3936 2719 4010 paedagogum,
2764 3951 2875 4009 quo
2917 3936 3257 4009 perducatur
3298 3937 3367 3994 ad
3405 3939 3671 4010 gratiam:
3712 3936 3917 3995 dicitur

2312 4031 2497 4082 autem
2520 4026 2603 4082 lex
2628 4024 2944 4084 vehiculum
2962 4033 3020 4081 et
3038 4026 3410 4100 paedagogus,
3428 4035 3705 4100 quatenus
3722 4033 3915 4100 terret,

2310 4120 2368 4173 et
2394 4114 2563 4186 cogit.
2595 4112 2751 4172 Unde
2788 4113 2856 4171 de
2894 4114 3038 4171 iusto
3068 4114 3379 4188 subiungit,
3406 4116 3484 4173 illi
3513 4130 3633 4173 esse
3662 4131 3920 4175 necessa-

2313 4204 2450 4260 riam
2491 4203 2699 4276 legem,
2741 4218 2861 4260 non
2898 4217 3022 4276 qua
3068 4205 3325 4261 iniustus
3364 4202 3448 4261 ad
3485 4204 3919 4278 iustfficantem

2310 4293 2582 4364 qratiam
2603 4287 2996 4366 perducatur,
3024 4289 3128 4348 sed
3146 4307 3271 4366 qua
3295 4290 3551 4366 legitime
3570 4295 3701 4350 iam
3721 4295 3917 4352 iustus

2310 4385 2542 4439 utatur.

2390 4476 2445 4530 3.
2478 4471 2580 4528 Est
2604 4483 2737 4543 ergo
2764 4467 2923 4525 valde
2949 4467 3240 4540 probabilis
3262 4467 3411 4526 dicta
3432 4470 3725 4544 expositio,
3748 4487 3921 4545 quam

2313 4559 2426 4617 aliis
2456 4559 2639 4616 verbis
2677 4555 2901 4614 tradidit
2930 4559 3275 4630 Augustinus
3312 4573 3475 4616 conc.
3516 4563 3603 4618 11.
3634 4559 3687 4616 10
3717 4560 3917 4633 psalm.

2322 4653 2447 4721 118,
2480 4647 2572 4705 0111
2600 4653 2846 4705 tractans
2875 4645 3043 4702 verba
3070 4646 3178 4703 illa:
3202 4652 3413 4722 Leqem
3428 4664 3581 4722 pone
3603 4650 3771 4717 milti,
3801 4654 3921 4708 Do·

2313 4740 2492 4804 niine,
2522 4743 2633 4795 etc.
2666 4734 2895 4792 dubium
2924 4736 3199 4808 proponit,
3229 4750 3299 4793 an
3328 4737 3517 4811 David,
3544 4753 3675 4796 cum
3696 4737 3805 4796 hoc
3824 4755 3922 4812 po-

2314 4827 2502 4899 tebat,
2544 4830 2694 4881 esset
2732 4824 2968 4883 iniustus
3008 4825 3093 4881 vel
3134 4825 3346 4896 10010ος
3387 4841 3515 4882 nam
3543 4828 3780 4898 primum
3810 4828 3922 4886 dici

2314 4931 2422 4973 non
2462 4919 2665 4988 potest,
2698 4928 2830 4970 cum
2859 4913 3102 4986 proxime
3130 4920 3253 4970 ante
3278 4914 3368 4970 illa
3399 4913 3567 4972 verba
3592 4915 3744 4974 dicat
3770 4917 3919 4996 idem

2311 5004 2622 5078 Propheta:
2672 5002 2845 5060 Viam
2892 5001 3322 5062 mandatorum
3356 5009 3599 5062 tuorum
3644 5000 3907 5074 cucurri,

2312 5109 2448 5152 cum
2484 5091 2765 5151 dilatasti
2798 5107 2899 5148 cor
2936 5107 3168 5161 πωπω
3206 5093 3253 5149 si
3290 5108 3422 5150 vero
3459 5094 3679 5152 dicatur
3716 5109 3920 5152 secun-

2314 5183 2467 5254 dum,
2494 5179 2771 5255 quomodo
2792 5181 2963 5240 David
2984 5181 3222 5256 petebat,
3246 5181 3347 5239 sibi
3370 5182 3547 5256 legem
3570 5185 3721 5256 poni,
3746 5201 3919 5258 quam
