4325 6267
831 351 954 416 216

757 509 922 567 φατε,
943 494 1237 568 significat,
1255 497 1571 557 sententiam
1596 493 1908 554 interiorum
1930 494 2350 568 magistratuum

751 597 861 640 non
887 584 1068 642 facere
1098 585 1298 660 legem,
1326 592 1382 643 et
1407 585 1653 660 loquitur
1681 585 1735 642 in
1762 583 2084 657 particulari
2105 582 2173 641 de
2193 599 2351 658 prae-

752 682 907 747 tore,
938 674 1029 732 ubi
1068 674 1122 732 id
1161 663 1530 732 notat'las'on.
1565 692 1717 733 num.
1751 680 1845 734 23.
1875 691 2006 733 cum
2045 674 2253 749 Angelo
2292 680 2349 732 et

753 755 940 822 ‘multis
971 764 1114 838 aliis,
1145 768 1241 840 qui
1271 765 1640 824 limitationem
1675 765 1976 824 extendunt
2012 764 2080 823 ad
2107 780 2265 839 reges
2294 771 2350 823 et

753 855 887 913 alios
917 857 1196 914 inferiores
1223 857 1520 931 principes,
1543 858 1706 914 etiam·
1735 856 1996 913 habentes
2025 861 2349 928 potestatem

753 943 1022 1002 condendi
1051 945 1218 1020 leges.
1253 948 1324 1004 Et
1347 946 1453 1003 hoc
1481 947 1646 1003 etiam
1681 953 1910 1004 secutus
1938 951 2024 1004 est
2049 945 2267 1002 Felinus
2292 945 2348 1000 in

753 1036 898 1094 dicta
920 1036 1044 1094 rub.
1071 1037 1138 1096 de
1159 1039 1415 1109 rescript.
1435 1037 1776 1095 Contrarium
1797 1043 1986 1095 autem
1997 1035 2189 1094 docuit
2206 1034 2347 1092 idem

751 1126 991 1201 Angelus
1020 1127 1068 1184 in
1101 1129 1138 1185 Ι.
1175 1132 1318 1186 item
1344 1131 1598 1192 veniunt.
1625 1123 1990 1194 §caeter-um,
2021 1127 2075 1184 fl'.
2103 1125 2171 1184 de
2196 1125 2344 1198 petit.

753 1217 1013 1275 haeredit.
1045 1235 1212 1292 quem
1238 1221 1415 1276 lason.
1449 1233 1638 1292 supra,
1662 1218 1788 1274 etin
1809 1217 1952 1274 dicta
1981 1217 2016 1273 Ι.
2055 1219 2104 1274 1.
2129 1216 2197 1273 de
2220 1232 2353 1273 con-

751 1307 845 1365 stit
869 1307 1042 1381 princ.
1075 1325 1130 1365 n.
1165 1312 1218 1367 6.
1253 1307 1542 1381 posteriori
1571 1308 1694 1366 loco
1724 1298 1910 1380 refert,
1935 1313 1992 1364 et
2013 1322 2121 1363 non
2146 1297 2352 1379 impr‘o-

751 1399 864 1456 bat.
893 1397 1109 1457 Felinus
1139 1413 1270 1456 vero
1303 1400 1458 1471 prius
1485 1397 1764 1471 reprobat,
1798 1402 1986 1468 postea
2009 1411 2078 1453 ex
2103 1402 2259 1468 parte
2286 1395 2351 1452 il-

752 1489 856 1548 lius
885 1490 1204 1547 sententiam
1233 1487 1486 1559 admittit,
1512 1489 1723 1546 scilicet
1741 1486 1958 1562 quando
1984 1487 2252 1544 sententia
2270 1487 2351 1543 in-

751 1579 960 1638 ferioris
983 1580 1214 1652 potentis
1237 1577 1475 1636 condere
1497 1578 1643 1651 leges
1667 1578 1716 1634 in
1736 1578 2008 1635 territorio
2027 1593 2128 1634 suo
2145 1576 2351 1632 inserta

752 1675 836 1727 est
860 1671 1001 1727 inter
1028 1670 1446 1726 constitutiones
1477 1670 1616 1725 eius.
1633 1666 1738 1725 Sed
1760 1667 1864 1724 hoc
1888 1669 2122 1741 pertinet
2142 1665 2209 1724 ad
2232 1681 2351 1723 mo-

751 1759 884 1818 dum
913 1759 1386 1834 promulgationis,
1415 1765 1473 1816 et
1498 1761 1755 1831 supponit
1783 1763 2109 1831 potestatem
2139 1754 2347 1814 serendi

752 1849 928 1924 legem
968 1865 1066 1922 per
1106 1849 1458 1906 sententiam:
1492 1848 1601 1905 hoc
1643 1853 1825 1906 autem
1865 1849 2066 1922 posito,
2095 1862 2204 1902 non
2242 1849 2348 1920 est,

751 1955 856 1997 cur
883 1938 1078 1997 modus
1107 1939 1558 2013 promulgationis
1579 1937 1839 1996 limitetur
1861 1937 1928 1994 ad
1951 1935 2100 1994 illum
2120 1933 2348 1992 modum

752 2032 921 2104 magis
956 2031 1004 2087 in
1037 2031 1118 2086 his
1144 2028 1526 2102 inferioribus,
1555 2043 1724 2103 quam
1761 2029 1817 2086 iu
1845 2027 2201 2101 imperatore,
2230 2041 2348 2084 ser-

749 2127 874 2178 vata
901 2121 1274 2195 proportione.

823 2199 1096 2280 Quocirca
1131 2209 1482 2268 distinctione
1526 2208 1791 2267 utendum
1819 2224 1942 2266 esse
1969 2224 2171 2266 censeo
2191 2249 2208 2282 ,
2238 2223 2349 2282 qua

749 2302 929 2376 posita
957 2301 1110 2359 facile
1137 2301 1490 2376 intelligetur,
1521 2301 1573 2358 in
1601 2317 1713 2375 quo
1743 2316 1910 2358 sensu
1939 2299 2126 2357 locum
2148 2298 2349 2356 habere

749 2393 921 2467 possit
945 2393 1092 2466 prior
1119 2391 1385 2448 sententia
1403 2432 1419 2465 ,
1450 2397 1507 2449 et
1532 2389 1806 2465 quomodo
1841 2389 2082 2465 Angelus
2109 2405 2219 2446 non
2249 2387 2346 2446 do-

752 2484 934 2542 cuerit
959 2483 1250 2540 contraria.
1277 2483 1458 2540 Primo
1482 2497 1614 2556 ergo
1641 2484 1688 2538 si
1717 2485 2071 2556 magistratus
2099 2480 2340 2547 inferior,

751 2575 846 2648 qui
874 2574 1192 2632 sententiam
1223 2572 1430 2645 profert
1454 2611 1470 2644 ,
1501 2587 1608 2628 non
1636 2572 1831 2629 babeat
1858 2577 2183 2646 potestatem
2210 2584 2341 2627 con·

751 2663 911 2721 dendi
949 2663 1131 2738 leges,
1161 2663 1376 2720 clarum
1403 2670 1516 2735 est,
1549 2662 1722 2720 multo
1751 2664 1933 2720 minus
1969 2678 2130 2735 posse
2172 2661 2346 2736 legem

752 2754 925 2828 serre,
953 2752 1173 2812 serendo
1203 2755 1560 2828 sententiam,
1590 2761 1710 2810 tum
1747 2753 1874 2826 quia
1903 2768 2114 2825 semper
2139 2758 2225 2808 est
2252 2751 2344 2808 de-

751 2843 930 2904 l'ectus
957 2845 1239 2918 potestatis
1259 2887 1273 2916 ,
1304 2849 1419 2900 tum
1447 2844 1634 2917 etiam,
1665 2843 1791 2917 quia
1821 2842 2015 2900 modus
2043 2841 2250 2900 ferendi
2270 2841 2347 2914 le·

749 2950 871 3008 gem
900 2949 995 3008 per
1023 2935 1335 2990 sententiam
1367 2933 1495 2990 nihil
1522 2933 1693 2990 habet
1727 2933 1991 3007 speciale,
2023 2931 2118 2990 sed
2158 2933 2344 3005 potius

750 3026 984 3099 pertinet
1008 3025 1078 3082 ad
1103 3025 1469 3082 extensionem
1499 3021 1790 3098 quamdam
1817 3024 2120 3096 potestatis.

833 3120 920 3174 13.
950 3114 1150 3173 Deinde
1177 3116 1223 3172 si
1252 3115 1318 3186 is,
1350 3114 1443 3189 qui
1472 3112 1598 3170 tulit
1633 3115 1991 3186 sententiam,
2023 3117 2349 3186 potestatem

753 3205 951 3262 habeat
977 3203 1244 3263 condendi
1271 3205 1464 3278 legem,
1496 3202 2048 3276 subdistinguendum
2076 3207 2191 3276 est,
2222 3202 2349 3275 quia

753 3297 838 3368 vel
865 3305 952 3355 est
980 3312 1273 3370 supremus
1310 3295 1568 3368 princeps
1605 3309 1715 3351 non
1751 3308 2155 3366 recognoscens
2186 3307 2349 3365 supe-

754 3389 955 3446 riorem
977 3389 1030 3444 in
1052 3386 1462 3459 temporalibus,
1487 3400 1550 3443 ac
1573 3384 1713 3457 talis,
1729 3391 1921 3442 utnon
1943 3382 2348 3457 obligeturiure

756 3478 1031 3537 communi
1067 3477 1237 3550 civili,
1278 3492 1375 3535 seu
1412 3475 1779 3548 imperialibus
1820 3474 2047 3549 legibus.
2079 3476 2151 3532 Et
2179 3475 2232 3530 in
2259 3473 2347 3532 illo

755 3568 1011 3642 procedit
1029 3567 1276 3626 doctrina
1297 3583 1406 3624 non
1428 3565 1606 3624 minus
1627 3580 1791 3639 quam
1805 3565 1858 3622 in
1879 3565 2352 3648 imperatore,sive

753 3659 842 3716 ille
871 3662 942 3716 sit
973 3675 1068 3716 rex
1089 3699 1105 3732 ,
1139 3663 1200 3717 ut
1225 3656 1509 3731 Hispaniae
1530 3698 1545 3728 ,
1575 3655 1804 3730 Galliae,
1837 3660 1945 3712 etc.
1965 3654 2092 3712 ‘sive
2119 3653 2231 3712 dux
2258 3671 2353 3712 su·

756 3764 1005 3823 memus,
1035 3749 1147 3808 sive
1174 3746 1512 3821 respublica,
1547 3753 1607 3804 ut
1631 3751 1824 3803 veneta
1844 3785 1862 3818 ,
1893 3745 1960 3802 de
1987 3760 2097 3819 qua
2131 3745 2349 3803 videtur

759 3839 909 3915 loqui
934 3840 1174 3914 Angelus
1204 3840 1258 3896 in
1286 3839 1576 3913 posteriori
1603 3837 1729 3894 loco
1756 3850 1924 3909 supra
1960 3833 2205 3909 allegato.
2240 3837 2348 3893 Ra·

759 3933 838 3989 tio
876 3937 1056 3989 autem
1097 3937 1205 4005 est,
1235 3929 1365 4003 quia
1402 3927 1655 3986 doctriua
1695 3926 1823 3985 data
1862 3942 1971 3983 non
2011 3925 2272 3983 fundatur
2297 3924 2351 3982 in

762 4020 978 4095 speciali
1005 4019 1262 4094 dignitate
1294 4019 1656 4092 imperatoris,
1683 4023 1779 4074 aut
1804 4016 1970 4090 regis,
1993 4015 2162 4073 sedin
2191 4015 2353 4073 iuris-

761 4112 995 4170 dictione
1025 4110 1322 4186 legislativa
1349 4123 1634 4181 suprema3
1675 4123 1802 4167 nam
1841 4106 1909 4164 ad
1948 4120 2162 4164 omnem
2204 4106 2352 4178 prin-

763 4205 971 4277 cipem,
1004 4201 1086 4260 vel
1114 4201 1480 4275 legislatorem
1507 4199 1795 4256 habentem
1825 4197 1990 4256 talem
2018 4196 2352 4255 iurisdictio-

761 4311 907 4368 nem,
931 4309 1104 4368 aeque
1132 4297 1348 4365 spectat
1372 4291 1708 4362 interpretari
1731 4305 1888 4347 suam
1910 4287 2106 4363 legem,
2131 4303 2197 4346 ac
2218 4303 2353 4346 con·

762 4383 919 4460 dere,
939 4391 996 4442 et
1015 4389 1191 4458 potest
1213 4398 1310 4456 per
1338 4383 1654 4439 sententiam
1684 4380 1832 4438 illam
1858 4379 2216 4453 interpretari,
2248 4379 2355 4438 sic-

764 4483 828 4534 ut
860 4482 1045 4549 potest
1079 4475 1408 4548 imperator,
1436 4471 1521 4530 vel
1557 4471 1778 4530 serendo
1815 4471 2141 4530 sententiam
2175 4476 2353 4545 potest

763 4581 860 4640 per
882 4565 1028 4623 illam
1056 4565 1232 4640 legem
1253 4563 1512 4636 condere,
1539 4564 1584 4621 si
1605 4561 1755 4638 velit,
1777 4568 1833 4621 et
1849 4563 1902 4622 id
1930 4561 2199 4635 declaret3
2230 4563 2351 4636 quis

765 4658 908 4714 enim
935 4662 1029 4713 aut
1053 4654 1183 4730 quid
1211 4651 1498 4729 prohibet?
2288 4713 2291 4718 ,

841 4746 1079 4820 Denique
1107 4739 1230 4803 talis
1256 4761 1376 4802 esse
1399 4748 1577 4817 potest
1595 4744 1868 4817 princeps,
1893 4743 1989 4817 qui
2013 4741 2112 4800 lert
2131 4749 2350 4800 senten-

765 4838 915 4910 tiam,
947 4843 1010 4895 ut
1034 4835 1160 4894 licet
1187 4837 1360 4910 possit
1384 4835 1559 4909 legem
1585 4834 1758 4908 serre,
1789 4834 2130 4907 superiorem
2157 4832 2355 4890 nihilo-

767 4929 947 4987 minus
975 4927 1203 5000 babeat,
1237 4926 1396 4983 cuius
1424 4941 1716 4983 commune
1751 4929 1839 4983 ius
1867 4939 2084 4982 servare
2112 4931 2348 4999 tenetur,

725 5054 734 5062 ·
769 5027 826 5076 et
863 5019 1044 5075 solum
1085 5033 1154 5076 ex
1182 5016 1538 5075 concessione
1575 5017 1698 5074 eius
1734 5016 1909 5090 possit
1953 5015 2162 5090 aliquas
2203 5017 2349 5092 leges

767 5109 1004 5168 condere
1041 5125 1148 5166 non
1177 5109 1481 5190 contrarias
1510 5107 1611 5166 iuri
1639 5108 1939 5166 communi.
1970 5108 2041 5166 Et
2066 5106 2134 5164 de
2159 5106 2350 5165 huius·

769 5199 912 5260 modi
955 5200 1222 5258 sententia
1255 5199 1459 5256 iterum
1499 5197 1940 5272 distinguendum
1979 5203 2090 5270 θεὶς
2129 5214 2255 5258 nam
2302 5199 2350 5256 si

770 5292 858 5353 illa
889 5291 1164 5352 contineat
1203 5291 1706 5364 interpretationem
1749 5287 1880 5346 iuris
1917 5289 2228 5347 communis
2256 5305 2349 5349 su·

2201 367 2404 418 LIBER
2430 369 2537 418 111.

2426 493 2597 567 premi
2636 491 2893 566 principis
2914 536 2929 564 ,
2960 507 3067 550 non
3104 494 3305 566 poterit
3328 491 3585 550 inducere
3612 491 3815 568 legem,
3843 496 4025 554 etiam

2421 580 2519 655 pro
2540 582 2859 654 particulari
2880 582 3149 641 territorio
3172 581 3436 640 inferioris
3458 583 3737 657 principis.
3750 583 3887 654 Quia
3901 601 4025 643 non

2420 679 2635 745 spectat
2663 672 2731 730 ad
2760 671 2911 729 illum
2942 673 3276 745 interpretari
3305 673 3479 747 legem
3508 676 3823 747 superioris,
3848 677 4024 734 etiam

2418 778 2518 835 pro
2541 779 2641 820 sua
2664 762 2961 836 provincia3
2976 770 3094 822 tum
3118 765 3248 836 quia
3268 770 3412 821 esset
3435 763 3489 820 in
3508 763 3899 837 praeiudicium
3916 781 4025 822 su-

2418 855 2667 924 perioris,
2693 859 2807 912 tum
2830 855 2989 911 etiam
3007 854 3135 928 quia
3159 852 3247 913 lex
3269 854 3430 911 unica
3464 860 3551 912 est
3576 861 3815 928 prototo
3840 871 4023 930 regno

2418 944 2713 1018 superioris
2733 986 2749 1019 ,
2780 944 3009 1019 ideoque
3037 961 3209 1003 unum
3239 944 3597 1003 universalem
3631 945 3789 1004 debet
3812 945 4022 1003 babere

2417 1048 2660 1098 sensum,
2693 1051 2858 1108 quem
2887 1050 2992 1091 non
3022 1040 3205 1106 potest
3230 1033 3359 1092 dare
3395 1034 3610 1092 inferior
3652 1051 3781 1093 eum
3808 1043 4010 1093 aucto-

2417 1122 2604 1181 ritate:
2638 1122 2771 1182 alias
2800 1129 3026 1198 possent
3054 1123 3238 1196 plures
3273 1139 3340 1181 ex
3366 1124 3627 1182 similibus
3664 1124 4015 1183 inferioribus

2417 1215 2583 1272 variis
2610 1222 2667 1272 et
2694 1215 2983 1273 contrariis
3012 1213 3183 1273 modis
3210 1215 3553 1287 interpretari
3576 1216 3751 1290 legem
3770 1233 3870 1291 pro
3894 1218 4016 1275 suis

2416 1305 2729 1378 provinciis.
2763 1305 2917 1364 Unde
2952 1312 3197 1381 constat,
3228 1307 3401 1364 multo
3438 1307 3617 1364 minus
3652 1324 3813 1381 posse
3840 1309 4011 1367 talem

2421 1396 2742 1454 sententiam
2762 1438 2777 1468 ,
2810 1397 2858 1452 si
2885 1395 2952 1452 sit
2981 1402 3175 1453 contra
3202 1397 3289 1453 ius
3318 1398 3647 1472 superioris,
3682 1399 3877 1456 habere
3904 1401 4017 1457 vim

2418 1483 2550 1560 legis
2580 1489 2820 1558 privatae
2842 1501 2939 1544 seu
2967 1486 3327 1563 municipalis,
3343 1493 3457 1546 tum
3484 1490 3611 1562 quia
3641 1506 3747 1546 non
3769 1496 3855 1547 est
3880 1504 4019 1546 con·

2423 1590 2642 1634 cessum
2670 1577 2743 1634 illi
2772 1577 3007 1635 inferiori
3037 1576 3331 1650 legislatori
3358 1583 3552 1635 contra
3598 1579 3682 1635 ius
3724 1593 4020 1637 commune

2422 1669 2571 1740 regni
2598 1668 2932 1740 praecipere,
2959 1674 3021 1725 ut
3047 1683 3213 1740 supra
3234 1673 3515 1725 ostensum
3544 1677 3654 1740 est,
3680 1676 3801 1725 tum
3826 1670 4013 1742 etiam,

2418 1758 2547 1831 quia
2571 1773 2673 1814 nec
2704 1757 2823 1815 talis
2852 1757 3117 1815 sententia
3143 1759 3288 1816 iusta
3315 1764 3493 1830 esset,
3524 1765 3713 1832 utpote
3750 1759 3853 1816 iuri
3880 1774 4017 1816 con-

2419 1849 2605 1905 traria.
2634 1847 2705 1906 Et
2729 1849 2784 1905 in
2814 1847 2920 1906 boc
2950 1863 3117 1905 sensu
3142 1847 3393 1908 videntur
3418 1849 3586 1906 locuti
3614 1855 3873 1907 auctores
3903 1865 4003 1922 po-

2418 1944 2605 1996 nentes
2621 1936 2909 1996 discrimen
2927 1936 3066 1996 inter
3080 1952 3398 2012 supremum
3414 1938 3499 1995 vel
3515 1938 4014 2008 interiorem.Quod

2416 2029 2581 2086 etiam
2623 2027 2945 2101 significavit
2980 2029 3275 2102 Gregorius
3313 2031 3491 2102 Lopez
3529 2029 3587 2087 in
3625 2029 3665 2086 l.
3698 2034 3755 2104 9,
3787 2031 3874 2090 tit.
3913 2033 4005 2103 18,

2415 2125 2559 2192 part.
2594 2123 2649 2191 3,
2680 2135 2737 2175 n.
2772 2123 2829 2190 9,
2859 2118 2950 2176 ubi
2977 2119 3071 2191 ait,
3100 2119 3250 2193 quod
3277 2117 3410 2177 licet
3432 2121 3485 2176 in
3514 2135 3771 2192 supremo
3798 2121 4011 2178 Senatu

2415 2207 2578 2267 tuerit
2601 2209 2907 2267 iudicatum
2936 2216 3134 2268 contra
3159 2209 3243 2266 ius
3271 2225 3565 2268 commune
3588 2212 3765 2285 regni,
3786 2227 3896 2268 non
3922 2217 4014 2268 est

2418 2299 2894 2376 curandum,quia
2914 2299 3265 2374 magistratus
3288 2316 3393 2358 non
3414 2305 3597 2374 potest
3614 2300 3877 2358 iuducere
3899 2305 4017 2378 sty-

2418 2390 2534 2450 lum
2564 2393 2617 2449 in
2642 2391 3050 2466 derogationem
3079 2391 3211 2448 iuris
3244 2391 3549 2448 communis
3569 2411 3583 2466 3
3608 2398 3666 2449 et
3687 2391 3925 2449 sumitur
3944 2405 4019 2449 ex

2417 2481 2455 2540 l.
2489 2500 2687 2553 nemo,
2724 2485 2785 2541 C.
2818 2482 2884 2540 de
2914 2489 3147 2541 sentent.
3180 2489 3235 2539 et
3261 2480 3573 2540 interlocut.
3605 2483 3849 2540 omnium
3876 2480 4016 2538 iudi-

2416 2589 2566 2630 cum.
2598 2575 2666 2630 At
2705 2589 2834 2630 vero
2876 2574 2923 2631 si
2967 2572 3084 2630 talis
3126 2574 3393 2630 sententia
3426 2578 3574 2630 esset
3598 2572 3702 2630 iuri
3730 2571 4011 2630 communi

2416 2664 2571 2737 regni
2598 2664 2892 2721 conformis
2910 2704 2925 2734 ,
2948 2671 3005 2720 et
3023 2663 3226 2738 aliquid
3247 2662 3469 2721 adderet
3487 2663 3554 2720 ad
3576 2663 3900 2734 iuvandum,
3925 2663 4012 2720 vel

2420 2757 2591 2830 magis
2634 2753 3069 2813 confirmandum
3108 2753 3241 2812 illud
3282 2755 3368 2813 ius
3389 2797 3404 2828 ,
3436 2753 3617 2830 quoad
3646 2753 3697 2812 id
3723 2761 3911 2828 posset
3935 2753 4011 2811 le-

2420 2860 2545 2918 gem
2584 2845 2975 2917 particularem
3020 2843 3280 2902 inducere
3302 2888 3316 2917 ,
3349 2845 3476 2918 quia
3512 2847 3565 2902 in
3594 2845 3697 2902 boc
3726 2851 3907 2918 potest
3932 2847 4015 2900 in-

2421 2935 2587 2992 l'erior
2616 2933 2789 3008 legem
2818 2935 2960 2992 serre
2988 2935 3136 2991 circa
3161 2933 3407 2992 eamdem
3434 2934 3714 2992 materiam
3737 2951 3867 2993 cum
3888 2933 4008 3008 lege

2418 3027 2721 3097 superioris
2738 3066 2754 3099 ,
2781 3033 2843 3083 ut
2869 3041 3037 3098 supra
3058 3041 3187 3082 cum
3209 3025 3486 3084 communi
3504 3005 3771 3084 sententia
3790 3024 4002 3084 dictum

2416 3123 2522 3174 est.
2555 3116 2627 3173 Et
2654 3115 2843 3174 eadem
2870 3117 3097 3189 ratione,
3127 3118 3173 3172 si
3198 3119 3468 3175 sententia
3494 3115 3614 3175 talis
3643 3117 3903 3191 principis
3933 3117 4015 3173 iu-

2420 3206 2637 3265 ferioris
2662 3212 2911 3265 versetur
2930 3207 2985 3264 in
3006 3205 3234 3266 materia
3248 3249 3263 3280 ,
3287 3209 3439 3265 circa
3459 3223 3625 3281 quam
3646 3207 3793 3266 nulla
3818 3215 3906 3266 est
3928 3207 4014 3266 lex

2418 3298 2749 3371 superioris3
2786 3299 2837 3355 in
2877 3313 2942 3354 ea
2980 3297 3167 3354 locum
3194 3296 3414 3355 habebit
3438 3298 3691 3356 doctrina
3716 3297 3872 3371 data3
3906 3312 4005 3355 nec

2420 3393 2636 3462 oportet
2662 3387 3056 3446 distinctionem
3085 3387 3263 3445 facere
3286 3387 3425 3447 inter
3446 3388 3595 3446 hunc
3615 3387 3927 3446 inferiorem
3948 3394 4008 3444 et

2420 3493 2774 3552 supremum,
2814 3479 2943 3552 quia
2968 3479 3023 3534 in
3054 3476 3367 3536 huiusmodi
3394 3477 3660 3536 sententia
3686 3494 3746 3534 se
3773 3477 3919 3552 gerit
3942 3483 4009 3534 ut

2420 3583 2720 3642 supremus
2742 3609 2757 3640 ,
2780 3578 2837 3625 et
2864 3569 2995 3641 quia
3021 3573 3197 3640 potest
3226 3569 3304 3626 uti
3332 3584 3431 3626 sua
3453 3576 3723 3641 potestate
3752 3569 4014 3642 legislati-

2419 3673 2487 3715 va
2515 3658 2566 3714 in
2594 3657 2684 3715 tali
2710 3657 2965 3730 materia,
2994 3665 3051 3716 et
3076 3673 3173 3730 per
3202 3661 3523 3717 sententiam
3552 3665 3734 3732 potest
3761 3658 3891 3716 satis
3918 3675 4015 3716 ex-

2418 3747 2651 3822 plicare,
2679 3764 2739 3805 se
2777 3747 2915 3806 velle
2952 3747 3045 3806 illa
3074 3749 3152 3806 uti
3171 3789 3187 3822 ,
3218 3755 3272 3806 et
3300 3750 3502 3826 stylum
3532 3765 3630 3807 seu
3656 3749 3902 3824 regulam
3932 3751 4017 3808 in-

2421 3838 2648 3898 ducere.

2504 3934 2587 3989 14.
2618 3927 2853 3988 Tandem
2887 3927 3121 3988 dubitari
3156 3929 3243 3988 hic
3282 3937 3496 4006 potest,
3528 3947 3595 3989 an
3624 3930 3771 4006 quod
3798 3930 4011 3990 dictum

2420 4025 2507 4077 est
2532 4020 2602 4077 de
2628 4019 2923 4092 sententia,
2945 4018 3128 4077 locum
3158 4020 3353 4078 habeat
3377 4023 3431 4078 in
3453 4021 3717 4094 rescripto
3733 4064 3747 4092 ,
3780 4037 3880 4079 seu
3899 4020 4015 4094 epi-

2421 4110 2561 4168 stola
2584 4109 2871 4184 principis,
2890 4107 3041 4183 quod
3059 4110 3316 4168 nimirum
3340 4112 3445 4168 vim
3465 4110 3659 4169 habeat
3680 4111 3835 4186 legiS,
3858 4111 4013 4186 quod

2418 4199 2651 4258 maxime
2676 4199 2863 4258 locum
2882 4197 3075 4271 habet,
3099 4197 3315 4273 quando
3335 4215 3433 4272 per
3452 4199 3557 4258 tale
3577 4216 3903 4274 responsum
3928 4203 4014 4258 in-

2419 4297 2752 4365 terpretatur
2774 4290 3009 4364 aliquam
3034 4289 3238 4363 legem,
3266 4291 3347 4350 vel
3369 4307 3546 4366 suam,
3570 4293 3656 4350 vel
3679 4293 4006 4363 naturalem,

2420 4380 2671 4456 idemque
2714 4380 2846 4453 erit,
2890 4381 2937 4437 si
2974 4379 3280 4453 rescribat,
3310 4380 3597 4440 statuendo
3626 4381 3761 4457 quid
3786 4398 4012 4440 servan-

2419 4470 2556 4530 dum
2596 4473 2665 4528 sit
2702 4470 2755 4528 in
2796 4469 2975 4545 aliquo
3014 4470 3261 4546 negotio,
3294 4471 3377 4529 vel
3416 4471 3599 4530 dubio.
3633 4473 3693 4529 ln
3729 4473 3836 4531 hoc
3862 4473 4010 4532 enim

2417 4563 2565 4620 Bart.
2595 4562 2649 4618 in
2675 4561 2714 4619 l.
2746 4567 2804 4636 2,
2826 4562 2887 4620 C.
2911 4561 2979 4618 de
3001 4560 3160 4635 legib.
3187 4569 3368 4638 negat,
3391 4565 3719 4636 rescriptum
3738 4565 4006 4637 Principis

2418 4655 2754 4713 constituere
2780 4651 3084 4726 generalem
3116 4654 3321 4726 legem,
3354 4655 3489 4712 etin
3527 4653 3628 4711 hoc
3656 4653 4013 4714 differentiam

2420 4742 2714 4821 quamdam
2742 4743 3028 4800 constituit
3051 4742 3193 4799 inter
3218 4743 3472 4816 epistolas
3502 4744 3819 4819 pontificias,
3843 4753 3903 4803 et
3923 4761 4013 4803 re-

2419 4833 2595 4910 gales,
2624 4832 2718 4890 sed
2747 4831 2813 4890 de
2839 4832 3127 4905 pontificiis
3156 4838 3345 4906 postea
3373 4835 3426 4890 in
3456 4849 3557 4891 suo
3587 4834 3708 4893 loco
3735 4834 4009 4894 dicemus.

2418 4927 2679 5000 Sequitur
2696 4925 2892 4982 Decius
2914 4923 2967 4980 in
2988 4921 3143 4980 rubr.
3166 4923 3232 4982 de
3253 4927 3480 5000 rescrip.
3500 4925 3554 4984 in
3573 4929 3749 5001 princ.
3776 4933 3832 4984 et
3846 4927 4005 4987 Paul.

2418 5015 2485 5073 de
2510 5016 2703 5074 Castro
2733 5014 2785 5071 iu
2813 5013 2851 5070 l.
2891 5015 2950 5088 1,
2979 5013 3035 5071 ff.
3066 5011 3133 5070 de
3160 5014 3443 5073 constitut.
3476 5018 3651 5088 princ.
3682 5015 4007 5075 Fundantur

2418 5106 2470 5164 in
2498 5105 2647 5164 dicta
2675 5105 2713 5163 l.
2745 5109 2803 5177 2,
2832 5106 2894 5162 C.
2917 5102 2985 5160 de
3005 5103 3166 5178 legib.
3184 5105 3261 5162 ibi
3276 5146 3291 5178 ,
3313 5104 3403 5163 vel
3423 5101 3878 5166 consultatione.
3902 5109 4011 5166 Ve-

2415 5197 2529 5255 rius
2566 5203 2747 5254 tamen
2782 5200 2898 5268 est,
2930 5192 3069 5252 idem
3106 5208 3227 5252 esse
3252 5193 3545 5254 dicendum
3574 5195 3642 5254 de
3666 5197 3896 5271 epistola
3922 5199 4009 5257 vel

2415 5290 2686 5362 rescripto
2724 5288 3116 5358 interpretante
3156 5284 3381 5346 dubium
3418 5286 3569 5362 quod
3606 5286 3674 5347 de
3710 5291 4001 5348 sententia.
