4325 6267
852 344 937 411 94

758 490 900 547 turis
938 502 1125 547 rerum
1165 487 1473 548 inferiorum
1502 502 1760 549 mensura
1789 490 1915 549 boni
1944 494 2001 548 et
2026 488 2188 563 mali,
2219 504 2356 547 con-

758 580 1021 639 venientis
1041 588 1099 639 et
1120 579 1572 638 disconvenientis
1593 587 1680 639 est
1702 581 2137 655 uniuscuiusque
2156 582 2234 637 rei
2261 595 2356 637 na-

762 678 915 729 tura:
943 676 1005 727 ut
1030 686 1084 727 v.
1115 687 1173 744 g.
1207 668 1361 727 calor
1384 658 1911 730 est‘disconveniens
1940 686 2148 745 aquae,
2181 676 2235 727 et
2261 668 2356 726 fri-

756 777 863 834 gus
894 760 1220 817 conveniens
1240 803 1255 830 ,
1285 760 1411 833 quia
1437 777 1580 834 aqua
1604 778 1673 819 ex
1700 766 1753 818 vi
1784 777 1915 819 suae
1944 762 2149 819 formae
2177 767 2235 818 et
2259 776 2353 817 na-

758 858 913 909 turae
952 850 1196 922 postulat
1222 850 1395 923 frigus
1422 856 1479 907 et
1506 867 1613 909 non
1642 852 1881 909 calorem
1902 893 1918 923 ,
1944 850 2038 909 sed
2068 851 2248 923 potius
2279 848 2354 907 illi

756 952 1043 1013 repugnat.
1094 939 1245 998 Unde
1287 942 1331 997 si
1372 940 1601 999 velimus
1642 958 1955 999 mensuram
1996 943 2267 1015 aliquam,
2297 946 2354 997 et

756 1031 911 1105 quasi
960 1028 1135 1104 legem
1176 1031 1449 1104 assignare
1494 1034 1797 1089 motionum
1825 1032 2267 1091 convenientium
2298 1037 2355 1088 et

756 1122 1278 1187 disconvenientium
1339 1122 1429 1179 tali
1467 1122 1569 1190 rei,
1602 1122 1750 1180 nulla
1776 1125 2108 1181 inveniemus
2136 1127 2353 1195 praeter

756 1220 1009 1270 naturam
1059 1213 1207 1285 eius3
1231 1228 1361 1285 ergo
1390 1212 1529 1268 idem
1552 1228 1683 1269 cum
1704 1214 2054 1285 proportione
2073 1219 2161 1269 est
2185 1214 2236 1267 in
2260 1226 2354 1267 na-

758 1310 884 1361 tura
934 1301 1212 1375 rationali,
1258 1302 1311 1357 in
1350 1318 1461 1375 qua
1501 1301 1904 1373 convenientia,
1950 1301 2030 1359 vel
2072 1302 2356 1359 disconve-

756 1392 956 1450 nientia
990 1398 1154 1449 aetus
1184 1390 1337 1448 liberi
1364 1390 1432 1449 ad
1458 1392 1629 1463 ipsam
1658 1398 1907 1449 naturam
1938 1390 2257 1449 rationalem
2292 1394 2354 1445 ut

757 1482 881 1542 talis
919 1486 1033 1554 est,
1065 1481 1351 1539 constituit
1372 1480 1713 1539 honestatem
1743 1482 1826 1539 vel
1848 1479 2276 1553 turpitudinem,
2298 1486 2355 1536 et

754 1574 831 1631 ita
867 1572 1036 1645 magis
1064 1573 1283 1644 proprie
1311 1573 1541 1643 pertinet
1570 1571 1640 1629 ad
1665 1573 1929 1629 rationem
1959 1572 2114 1645 legis.

844 1667 896 1721 3.
928 1664 988 1719 ln
1031 1662 1132 1719 hac
1176 1664 1441 1720 sententia
1482 1677 1669 1719 veram
1706 1678 1829 1719 esse
1868 1663 2115 1719 existimo
2149 1660 2355 1719 doctri-

758 1770 915 1825 nam,
956 1769 1122 1827 quam
1163 1753 1215 1809 in
1256 1752 1609 1810 fundamento
1649 1754 1907 1826 supponit
1944 1752 2010 1809 de
2057 1754 2351 1811 intrinseca

756 1845 1042 1901 honestate
1084 1841 1168 1899 vel
1206 1842 1403 1900 malitia
1431 1848 1689 1915 actuum,
1714 1859 1826 1918 qua
1856 1843 1958 1900 sub
1985 1843 2161 1917 legem
2190 1848 2350 1899 natu-

757 1935 925 1992 ralem
958 1933 1338 2006 prohibentem
1374 1933 1458 1990 vel
1490 1935 1908 2005 praecipientem
1936 1932 2177 2004 cadunt,
2211 1940 2274 1990 ut
2299 1933 2353 1989 in

756 2026 1014 2083 discursu
1066 2024 1259 2096 capitis
1314 2022 1626 2081 declarabo.
1677 2024 2033 2081 Nihilominus
2085 2026 2353 2081 sententia

752 2118 872 2187 ipsa
900 2120 1171 2189 quatenus
1201 2113 1269 2171 ad
1295 2113 1477 2188 legem
1501 2114 1799 2172 naturalem
1823 2112 2206 2171 declarandam
2231 2130 2354 2185 per-

760 2208 926 2276 tinet,
952 2212 1007 2261 et
1034 2203 1229 2263 modus
1263 2204 1522 2279 loquendi
1552 2204 1620 2261 de
1648 2204 1740 2261 illa
1765 2204 1895 2261 mihi
1923 2220 2029 2261 non
2058 2205 2346 2278 probatur.

752 2295 964 2369 Primo,
994 2295 1121 2367 quia
1150 2294 1344 2352 modus
1382 2294 1635 2369 loquendi
1663 2296 1869 2353 alienus
1896 2303 1984 2353 est
2002 2296 2071 2353 ab
2094 2297 2348 2354 omnibus

756 2385 1021 2459 theologis
1060 2391 1116 2442 et
1156 2384 1523 2457 philosophis,
1567 2393 1629 2441 ut
1669 2388 1852 2442 statim
1894 2384 2222 2443 videbimus.
2255 2387 2354 2443 Se-

754 2474 936 2533 cundo
952 2516 967 2545 ,
992 2476 1120 2548 quia
1143 2482 1335 2531 natura
1359 2476 1479 2547 ipsa
1511 2475 1789 2532 rationalis
1812 2475 2054 2547 praecise
2077 2482 2345 2548 spectata,

756 2571 821 2622 ut
848 2564 991 2635 taliS,
1021 2566 1260 2620 essentia
1284 2571 1390 2636 est,
1423 2580 1522 2622 nec
1553 2564 1838 2637 praecipit,
1864 2581 1966 2623 nec
1997 2565 2228 2623 ostendit
2255 2564 2351 2621 ho-

756 2660 1021 2713 nestatem
1062 2661 1157 2711 aut
1195 2654 1482 2726 malitiam,
1536 2670 1639 2711 nec
1679 2654 1893 2730 dirigit,
1924 2663 2023 2713 aut
2056 2656 2349 2725 illuminat,

754 2760 857 2803 nec
886 2744 1051 2802 alium
1081 2745 1364 2817 proprium
1399 2744 1664 2803 effectum
1692 2742 1825 2819 legis
1854 2745 2050 2818 habet3
2080 2762 2214 2819 ergo
2243 2762 2352 2802 non

757 2842 938 2908 potest
976 2834 1081 2892 dici
1112 2835 1194 2892 lex
1216 2878 1230 2906 ,
1262 2836 1360 2891 nisi
1390 2835 1621 2892 velimus
1649 2835 1803 2893 valde
1831 2837 2129 2909 aequivoce
2156 2843 2212 2893 et
2237 2852 2354 2893 me-

759 2926 1039 2996 taphorice
1080 2926 1295 2982 nomine
1349 2924 1480 2999 legis
1512 2928 1620 2998 uti,
1652 2926 1796 2999 quod
1824 2929 2020 2985 evertit
2046 2934 2219 2986 totam
2244 2927 2354 2984 dis·

757 3017 1115 3090 putationem.
1158 3018 1294 3073 Nam
1348 3017 1707 3089 supponimus
1749 3034 1878 3075 cum
1922 3020 2202 3076 communi
2231 3034 2352 3075 sen-

755 3108 922 3165 tentia
952 3124 1060 3166 non
1086 3106 1266 3164 solum
1309 3106 1603 3164 doctorum
1622 3150 1638 3179 ,
1669 3107 1764 3165 sed
1790 3110 1953 3166 etiam
1992 3126 2268 3167 canonum
2296 3116 2353 3167 et

754 3197 958 3273 legum,
990 3201 1077 3255 ius
1106 3197 1354 3255 naturale
1378 3213 1500 3255 esse
1528 3214 1591 3255 ve
1606 3214 1732 3257 rum
1761 3200 1876 3272 ius,
1908 3206 1964 3257 et
1988 3198 2163 3274 legem
2191 3206 2351 3259 natu-

751 3288 921 3347 ralem
948 3306 1067 3347 esse
1095 3304 1279 3347 veram
1308 3288 1504 3362 legem.

829 3380 1007 3437 Tertio
1028 3379 1343 3437 declaratur
1372 3380 1427 3434 in
1450 3378 1598 3435 hunc
1628 3377 1855 3436 modum
1871 3418 1885 3447 ,
1910 3381 2039 3453 quia
2060 3396 2168 3437 non
2189 3395 2351 3437 omne

754 3471 839 3543 id,
872 3471 1023 3544 quod
1062 3477 1145 3527 est
1184 3468 1599 3526 fundamentum
1628 3468 1963 3541 honestatis,
1994 3488 2094 3529 seu
2122 3473 2350 3530 rectitu-

755 3568 894 3626 dinis
938 3574 1102 3623 actus
1142 3566 1262 3637 lege
1289 3564 1598 3636 praecepti,
1628 3562 1711 3619 vel
1748 3562 1895 3635 quod
1922 3568 2007 3619 est
2032 3561 2351 3620 fundamen-

756 3664 875 3714 tum
900 3654 1251 3727 turpitudinis
1273 3660 1432 3711 actus
1454 3652 1573 3727 lege
1597 3652 1880 3724 prohibiti,
1904 3658 2086 3724 potest
2108 3650 2217 3708 dici
2240 3651 2345 3726 lex,

756 3762 895 3819 ergo
934 3745 1066 3801 licet
1104 3751 1301 3801 natura
1342 3741 1621 3799 rationalis
1649 3742 1717 3797 sit
1742 3741 2155 3798 fundamentum
2185 3742 2352 3799 hone-

756 3837 909 3891 statis
932 3834 1231 3892 obiectivae
1256 3839 1487 3890 actuum
1510 3831 1801 3889 moralium
1824 3832 2215 3904 humanorum,
2244 3848 2351 3889 non

755 3925 877 3983 ideo
924 3924 1031 3981 dici
1070 3928 1253 3995 potest
1278 3922 1397 3995 lex,
1430 3928 1487 3978 et
1514 3921 1704 3979 eadem
1727 3924 1963 3993 ratione,
1995 3924 2244 3996 quamvis
2268 3921 2350 3979 di-

754 4022 914 4071 catur
954 4023 1240 4085 mensura,
1297 4026 1409 4068 non
1450 4011 1569 4069 ideo
1611 4018 1761 4069 reete
1790 4012 2172 4085 concluditur,
2203 4010 2350 4085 quod

756 4106 829 4161 sit
869 4103 985 4175 lex,
1014 4104 1142 4176 quia
1180 4117 1439 4160 mensura
1465 4101 1625 4159 latius
1656 4109 1841 4175 patet,
1867 4119 2033 4178 quam
2060 4104 2168 4162 lex.
2198 4103 2351 4163 Unde

758 4202 906 4252 totus
943 4195 1232 4252 discursus
1265 4193 1512 4265 procedit
1539 4209 1571 4250 a
1598 4194 1833 4267 generali
1861 4193 1930 4251 ad
1951 4194 2182 4266 speciale
2203 4194 2348 4252 affir-

755 4286 950 4343 mative
994 4282 1329 4357 colligendo,
1373 4282 1517 4356 quod
1560 4284 1815 4339 vitiosum
1850 4291 1953 4342 est.
1990 4288 2348 4357 Assumptnm

760 4376 1076 4434 declaratur
1116 4373 1304 4431 multis
1345 4372 1542 4430 modis.
1574 4375 1754 4430 Primo
1784 4374 1834 4430 in
1864 4374 2240 4451 eleemosyna,
2271 4375 2350 4431 in-

757 4466 992 4541 digentia
1032 4466 1287 4539 pauperis
1326 4470 1381 4521 et
1420 4462 1655 4522 facultas
1696 4464 1869 4521 dantis
1908 4472 1994 4522 est
2032 4458 2351 4522 fundamen-

760 4565 879 4615 tum
919 4555 1219 4612 honestatis
1263 4553 1350 4610 vel
1392 4553 1733 4626 obligationis
1760 4562 1918 4612 actus
1946 4554 2345 4632 eleemosynae,

758 4656 819 4705 et
846 4654 1027 4704 tamen
1056 4660 1215 4701 nemo
1246 4643 1411 4713 dicit,
1436 4644 1815 4702 necessitatem
1845 4646 2100 4718 pauperis
2126 4662 2248 4703 esse
2274 4646 2351 4703 le·

760 4753 884 4812 gem
924 4736 1315 4811 eleemosynae.
1362 4735 1542 4793 Simile
1571 4742 1686 4808 est,
1717 4737 1863 4809 quod
1894 4735 1960 4793 de
1990 4737 2348 4809 temperantia

760 4827 926 4886 tradit
955 4826 1011 4884 d.
1042 4826 1273 4882 Thomas
1300 4830 1356 4883 2.
1389 4830 1421 4885 2
1448 4866 1462 4897 ,
1487 4841 1544 4900 q.
1582 4830 1708 4898 141,
1740 4832 1845 4883 art.
1878 4830 1932 4899 6,
1964 4826 2347 4885 necessitatem

761 4920 1010 4991 corporis
1050 4931 1171 4973 esse
1220 4915 1469 4990 regulam
1516 4917 1928 4989 temperantiae,
1970 4932 2126 4974 nemo
2169 4924 2348 4975 tamen

761 5010 911 5068 dicet
936 5023 1057 5065 esse
1097 5006 1306 5081 legem,
1338 5007 1431 5064 sed
1458 5022 1578 5064 esse
1604 5007 2017 5065 fundamentum
2046 5006 2201 5081 legis.
2235 5008 2348 5066 lmo

764 5099 957 5158 ibidem
999 5096 1065 5155 ad
1114 5101 1163 5156 1.
1208 5098 1284 5154 ait
1310 5097 1367 5155 d.
1398 5098 1629 5155 Thomas
1650 5140 1666 5170 ,
1706 5096 2089 5161 beatitudinem
2116 5114 2238 5155 esse
2264 5113 2351 5155 re-

759 5190 949 5264 gulam
978 5194 1207 5247 actuum
1235 5188 1632 5263 humanorum,
1658 5194 1933 5262 quatenus
1951 5188 2161 5246 honesti
2189 5195 2343 5261 sunt,

766 5286 823 5339 et
850 5288 1030 5341 tamen
1056 5294 1167 5337 non
1188 5284 1274 5336 est
1302 5279 1419 5353 lex,
1452 5286 1673 5339 constat
1698 5294 1866 5355 ergo,
1891 5280 2157 5338 rationem
2182 5295 2348 5355 regu-

2243 360 2447 411 LIBER
2473 362 2553 411 11.

2423 486 2506 547 lae
2525 494 2581 548 et
2605 501 2897 547 mensurae
2925 484 3088 544 latius
3115 491 3324 559 patere.
3356 486 3492 543 Item
3533 484 3655 542 finis
3693 490 3781 543 est
3818 483 4020 561 regula.

2422 585 2478 639 et
2516 594 2771 638 mensura
2809 577 3144 639 mediorum,
3177 582 3233 633 et
3259 592 3368 633 non
3393 582 3479 634 est
3501 576 3617 644 lex,
3652 582 3710 634 et
3735 576 4020 635 obiectum

2421 676 2508 727 est
2543 670 2735 743 regula
2769 674 2828 725 et
2863 683 3121 725 mensura
3147 672 3403 741 actuum,
3433 672 3487 723 et
3517 666 3763 724 similiter
3791 683 3900 725 non
3927 674 4020 725 est

2423 760 2540 829 lex;
2567 760 2647 817 vel
2677 760 2992 817 laboramus
3021 759 3074 816 in
3103 758 3402 832 aequivoco
3432 757 3704 815 abutendo
3737 758 4008 815 terminis.

2497 854 2554 909 4.
2586 852 2873 907 Praeterea
2899 864 3195 923 possumus
3224 848 3289 905 ab
3317 846 3824 905 inconvenientibus
3847 863 4018 923 argu-

2423 941 2670 997 mentari.
2702 942 2882 999 Unum
2921 946 3032 1011 est,
3064 940 3191 1011 quia
3231 939 3507 1011 sequitur,
3539 953 3646 995 non
3675 939 3856 995 minus
3885 954 4022 1010 pro-

2423 1032 2538 1109 prie
2566 1030 2766 1088 habere
2795 1033 2966 1089 Deum
2994 1044 3154 1087 suam
3185 1026 3364 1102 legem
3393 1028 3731 1098 naturalem,
3763 1044 3904 1104 quae
3935 1030 4017 1103 ip-

2423 1137 2544 1178 sum
2575 1118 2732 1193 liget,
2761 1125 2818 1177 et
2843 1120 3074 1192 obliget,
3106 1134 3274 1192 quam
3301 1118 3578 1192 homines3
3610 1119 3762 1192 quod
3790 1120 4016 1178 videtur

2421 1210 2743 1268 absurdum.
2777 1209 3004 1282 Sequela
3047 1217 3226 1282 patet,
3269 1210 3394 1283 quia
3421 1209 3582 1267 etiam
3609 1213 3718 1268 Deo
3743 1218 4018 1285 repugnat

2421 1318 2476 1357 v.
2506 1316 2561 1375 g.
2596 1300 2975 1373 mendacium,
2997 1300 3146 1374 quod
3177 1306 3262 1357 est
3287 1300 3700 1359 disconveniens
3723 1303 4014 1361 excellenti

2425 1398 2652 1449 naturae
2681 1406 2847 1464 suae,
2877 1397 2966 1448 est
2991 1406 3123 1463 ergo
3155 1391 3272 1462 ipsa
3297 1396 3493 1448 natura
3519 1391 3611 1449 Dei
3633 1393 3822 1465 regula
3843 1393 4016 1451 hone-

2423 1484 2607 1554 statis,
2639 1498 2780 1557 quae
2820 1487 2906 1538 est
2943 1484 2998 1537 in
3037 1480 3272 1539 dicendo
3291 1498 3516 1556 verum,
3547 1492 3605 1541 et
3631 1485 4004 1557 turpitudinis,

2421 1589 2562 1647 quae
2600 1580 2684 1629 est
2720 1574 2776 1629 in
2815 1571 3139 1643 mendacio3
3182 1588 3314 1647 ergo
3343 1581 3541 1632 natura
3569 1574 3664 1631 Dei
3689 1592 3796 1632 non
3825 1579 4012 1633 minus

2420 1670 2508 1721 est
2537 1663 2623 1719 lex
2644 1670 2900 1735 respectu
2921 1664 3036 1729 Dei,
3059 1678 3225 1735 quam
3247 1662 3318 1719 sit
3343 1670 3539 1723 natura
3561 1664 3788 1723 hominis
3819 1682 4006 1740 respe-

2419 1761 2518 1811 ctu
2548 1754 2799 1810 hominis.
2826 1754 2958 1809 Nam
2987 1751 3138 1825 quod
3165 1752 3420 1811 voluntas
3447 1756 3542 1812 Dei
3572 1762 3776 1813 tantam
3808 1756 4007 1815 habeat

2420 1843 2840 1913 rectitudinem,
2871 1850 2937 1901 ut
2973 1860 3081 1900 non
3109 1845 3280 1916 possit
3306 1859 3418 1901 non
3444 1845 3776 1903 conformari
3803 1847 3880 1905 illi
3907 1864 4010 1905 na-

2419 1943 2605 2008 turae,
2650 1934 2872 2008 quando
2913 1932 3117 2008 aliquid
3156 1935 3404 2007 postulat
3445 1942 3506 1993 ut
3535 1939 3906 1995 necessarium
3937 1939 4008 1996 ad

2419 2026 2786 2091 honestatem,
2818 2024 2948 2081 nihil
2977 2025 3141 2082 refert
3167 2024 3234 2082 ad
3263 2027 3525 2085 rationem
3554 2026 3705 2101 legis,
3737 2044 3882 2102 quae
3911 2044 4004 2086 so-

2419 2117 2534 2176 lum
2563 2117 2784 2189 ponitur
2810 2116 2861 2171 in
2891 2114 2983 2173 illa
3007 2117 3217 2173 ratione
3245 2132 3555 2187 mensurae,
3586 2134 3728 2192 quae
3754 2122 3807 2176 in
3835 2126 3996 2177 natu-

2419 2225 2482 2266 ra
2509 2208 2686 2266 divina
2712 2206 3007 2263 invenitur.
3039 2206 3186 2266 Unde
3211 2206 3371 2263 divus
3398 2207 3629 2266 Thomas
3665 2212 3713 2267 1.
3737 2224 3792 2280 p.
3817 2225 3874 2283 q.
3906 2216 4006 2281 21,

2419 2306 2522 2357 art.
2565 2301 2611 2355 1.
2643 2296 2712 2353 ad
2742 2301 2805 2363 3,
2841 2295 2914 2353 ait
2933 2337 2947 2364 ,
2978 2295 3239 2353 iustitiam
3274 2299 3368 2355 Dei
3397 2298 3670 2370 respicere
3699 2298 4012 2357 decentiam

2419 2388 2623 2460 ipsius,
2655 2385 2964 2443 secundum
2991 2386 3142 2459 quod
3169 2385 3344 2443 reddit
3371 2387 3472 2444 sibi
3491 2428 3506 2457 ,
3538 2386 3686 2461 quod
3715 2388 3814 2445 sibi
3843 2389 4012 2447 debe-

2420 2485 2542 2551 tur3
2567 2478 2680 2549 ipsa
2699 2492 2834 2549 ergo
2863 2482 3059 2534 natura
3078 2478 3174 2533 Dei
3195 2483 3282 2533 est
3304 2493 3562 2535 mensura
3583 2493 3812 2535 suarum
3831 2479 4002 2536 actio-

2419 2583 2587 2639 num,
2631 2574 2904 2639 quatenus
2944 2568 3330 2623 convenienter
3369 2573 3427 2624 et
3465 2566 3723 2625 decenter
3761 2568 3830 2624 ad
3859 2566 4005 2625 illam

2419 2664 2714 2729 operatur3
2745 2656 2850 2713 erit
2888 2670 3021 2731 ergo
3063 2656 3167 2713 lex.
3207 2658 3342 2713 ltem
3369 2656 3560 2715 eadem
3587 2658 3795 2714 ratione
3821 2657 4005 2716 divina

2422 2747 2634 2829 bonitas
2675 2745 3015 2803 manifestata
3054 2746 3213 2803 beato
3251 2748 3362 2803 erit
3401 2747 3488 2804 lex
3513 2747 3715 2804 amoris
3741 2747 3994 2822 beatifici,

2419 2838 2548 2911 quia
2589 2843 2670 2893 est
2710 2830 2965 2895 menstira
3005 2834 3306 2893 honestatis
3344 2837 3494 2907 eius,
3529 2844 3587 2895 et
3627 2837 3804 2911 modi,
3834 2853 4004 2912 quem

2421 2929 2714 2987 observare
2743 2926 2903 2985 debet
2925 2927 2976 2984 in
3000 2926 3284 2999 diligendo.
3310 2930 3620 3003 Parumque
3643 2927 3824 3003 refert,
3851 2931 4004 3005 quod
4035 2964 4062 2983 .

2417 3034 2573 3076 amor
2605 3017 2692 3074 ille
2721 3018 2792 3074 sit
2812 3017 3178 3092 necessarius,
3209 3033 3309 3075 nec
3338 3018 3889 3093 ne3quandoquidem
3913 3019 4000 3077 lex

2421 3109 2553 3165 haec
2583 3115 2668 3165 est
2695 3122 2840 3164 mere
2869 3107 3160 3179 naturalis,
3191 3114 3249 3164 et
3273 3107 3456 3169 solum
3482 3110 3718 3183 requirit
3744 3109 4006 3168 rationem

2419 3213 2712 3257 mensurae
2741 3199 2794 3255 in
2817 3200 2936 3271 ipsa
2962 3204 3162 3255 natura
3185 3199 3524 3256 existentem.

2493 3288 2694 3347 Deinde
2717 3290 2992 3362 sequitur,
3020 3288 3194 3360 legem
3215 3289 3522 3349 naturalem
3547 3306 3658 3347 non
3679 3306 3800 3349 esse
3820 3293 3998 3367 legem

2417 3378 2650 3436 divinam
2668 3420 2683 3451 ,
2707 3394 2884 3452 neque
2912 3394 3034 3435 esse
3059 3394 3126 3435 ex
3153 3381 3282 3435 Deo.
3306 3381 3578 3438 Probatur
3599 3382 3842 3456 sequela3
3869 3385 4002 3456 quia

2415 3472 2570 3526 iuxta
2591 3468 2738 3526 illam
2763 3470 3086 3525 sententiam
3101 3476 3392 3542 praecepta
3415 3468 3575 3527 huius
3593 3470 3727 3544 legis
3743 3488 3851 3529 non
3873 3480 4006 3530 sunt

2421 3576 2485 3617 ex
2527 3562 2664 3631 Deo,
2709 3566 2978 3631 quatenus
3019 3560 3382 3616 necessariam
3411 3560 3746 3619 honestatem
3771 3562 3997 3636 habent,

2415 3656 2474 3707 et
2503 3649 2592 3707 illa
2622 3648 2860 3706 conditio
2877 3690 2891 3713 ,
2913 3664 3054 3722 quae
3081 3656 3166 3706 est
3191 3650 3244 3705 in
3273 3658 3470 3707 natura
3487 3652 3765 3725 rationali,
3793 3654 4001 3711 ratione

2415 3740 2576 3797 cuius
2615 3745 2702 3796 est
2739 3754 2994 3795 mensura
3037 3734 3188 3796 illius'
3222 3738 3552 3812 honestatis,
3593 3758 3702 3799 non
3742 3742 3943 3815 pendet
3971 3760 4004 3800 a

2416 3832 2525 3887 Deo
2547 3830 2601 3886 in
2622 3828 2828 3885 ratione
2842 3867 2858 3899 ,
2882 3828 3012 3885 licet
3035 3828 3264 3899 pendeat
3287 3830 3338 3885 in
3359 3830 3664 3888 existentia.
3689 3834 3824 3889 Nam
3845 3834 3998 3907 quod

2417 3919 2759 3977 mendacium
2789 3935 2841 3974 v.
2871 3934 2928 3992 g.
2954 3920 3026 3976 sit
3043 3918 3458 3979 disconveniens
3486 3923 3578 3979 tali
3602 3931 3850 3996 naturae,
3887 3940 3998 3981 non

2415 4016 2502 4069 est
2541 4026 2606 4067 ex
2645 4012 2755 4067 Deo
2775 4050 2790 4079 ,
2835 4024 2936 4065 nec
2979 4008 3174 4082 pendet
3197 4026 3264 4067 ex
3289 4012 3406 4067 eius
3437 4012 3745 4087 voluntate,
3777 4014 3882 4071 imo
3913 4030 4004 4072 or-

2418 4101 2543 4159 dine
2570 4100 2794 4158 rationis
2821 4108 2906 4156 est
2930 4100 3112 4172 prius,
3129 4115 3295 4173 quam
3315 4101 3582 4160 iudicium
3609 4102 3728 4171 Dei,
3757 4118 3889 4177 ergo
3913 4104 3998 4161 lex

2417 4190 2682 4248 naturalis
2703 4189 2980 4262 praecedit
3001 4189 3266 4247 iudicium
3285 4197 3343 4247 et
3364 4190 3698 4249 voluntatem
3719 4194 3832 4265 Dei,
3858 4210 3994 4267 ergo

2417 4296 2528 4338 non
2556 4280 2720 4338 habet
2745 4286 3028 4337 auctorem
3055 4282 3256 4351 Deum,
3281 4280 3378 4337 sed
3405 4296 3501 4354 per
3529 4297 3587 4339 se
3617 4281 3755 4339 inest
3785 4282 3880 4339 tali
3907 4300 4005 4339 na-

2416 4377 2570 4430 turae
2609 4386 2676 4427 eo
2714 4362 2906 4444 modo,
2935 4385 3046 4441 quo
3075 4367 3140 4425 de
3167 4385 3224 4425 se
3253 4368 3414 4427 habet
3435 4412 3450 4441 ,
3481 4377 3544 4429 ut
3571 4371 3640 4427 sit
3667 4371 3784 4429 talis
3811 4388 3998 4430 essen-

2418 4465 2554 4537 tiae,
2585 4469 2645 4520 et.
2681 4478 2788 4518 non
2817 4460 3060 4518 alterius.
3093 4459 3250 4528 Quod
3277 4468 3462 4518 autem
3489 4477 3832 4536 consequens
3859 4462 3996 4521 illud

2421 4572 2530 4612 non
2571 4556 2643 4611 sit
2683 4551 3104 4623 admittendum,
3149 4552 3498 4610 ostendemus
3537 4552 3588 4615 in
3626 4553 4004 4626 sequentibus.

2416 4644 2654 4703 Tandem
2682 4646 2736 4701 in
2765 4644 2889 4716 ipsis
2920 4642 3131 4716 legibus
3160 4642 3440 4713 humanis,
3471 4659 3603 4701 cum
3629 4644 3806 4701 iustae
3835 4651 3891 4702 et
3917 4661 4006 4703 re·

2418 4744 2542 4796 ctae
2571 4752 2690 4793 esse
2717 4734 2981 4806 debeant,
3006 4734 3242 4805 supponi
3263 4735 3576 4791 necessario
3595 4732 3756 4791 debet
3777 4734 4006 4810 aliquod

2417 4827 2832 4885 fundamentum
2871 4824 3103 4881 iustitiae
3144 4830 3201 4881 et
3236 4823 3579 4881 rectitudinis
3615 4840 3843 4900 earum,
3873 4843 4000 4885 nam

2419 4932 2578 4975 omne
2605 4918 2813 4974 iustum
2838 4920 2896 4971 et
2921 4921 3138 4971 rectum
3168 4928 3263 4987 per
3283 4915 3526 4973 ordinem
3549 4914 3618 4972 ad
3645 4916 3882 4990 aliquam
3910 4933 4001 4975 re-

2420 5010 2606 5082 gulam
2643 5007 2854 5064 iustum
2889 5012 3005 5079 est,
3050 5012 3321 5079 quatenus
3349 5005 3422 5064 illi
3459 5005 3830 5083 adaequatur,
3867 5024 4002 5085 ergo

2417 5099 2622 5156 bonum
2659 5112 2950 5156 commune
2972 5114 3024 5155 v.
3049 5112 3105 5170 g.
3133 5097 3217 5154 vel
3247 5100 3613 5157 communitas
3643 5099 3781 5174 ipsa,
3812 5110 4008 5176 quate·

2419 5206 2523 5246 nus
2551 5189 2602 5245 ei
2629 5187 2891 5260 debetur,
2919 5186 3004 5243 vel
3031 5188 3358 5245 conveniens
3379 5195 3465 5246 est
3491 5189 3612 5247 talis
3634 5192 3885 5266 materia,
3911 5194 3998 5251 vel
4045 5232 4058 5239 -

2421 5280 2598 5353 actio,
2637 5294 2778 5355 quae
2803 5278 2922 5353 iege
2947 5277 3187 5337 humana
3211 5280 3577 5355 praecipitur,
3604 5281 3712 5340 erit.
3737 5282 4004 5358 quaedam
