4325 6267
1160 926 1735 1049 LIBER
1835 927 2720 1123 QUARTUS

1748 1170 2119 1181 -----

1314 1639 1417 1724 ΒΕ
1476 1640 1682 1725 LEGE
1736 1594 2103 1725 P0s1r1v'A
2168 1642 2558 1726 οΑΝοΝΙοΑ

365 2476 611 2534 Diximus
640 2477 713 2535 de
740 2477 860 2552 lege
887 2478 1037 2536 civili
1072 2478 1127 2535 in
1158 2476 1515 2551 particulari,
1544 2484 1602 2537 et
1628 2485 1906 2552 quatenus

294 2566 427 2622 inter
457 2567 799 2625 christianos
828 2570 939 2626 vim
968 2583 1127 2625 suam
1158 2567 1357 2625 habere
1385 2574 1597 2642 potest3
1630 2567 1903 2641 reliquum

298 2662 405 2727 est,
436 2666 499 2714 ut
524 2658 593 2715 de
622 2660 899 2717 canonica
926 2658 1045 2733 lege
1072 2658 1430 2715 disseramus.
1456 2662 1531 2716 De
1559 2674 1671 2732 qua
1699 2673 1903 2730 suppo-

298 2746 469 2801 nimus
490 2750 702 2821 omnia,
726 2763 869 2821 quae
891 2748 965 2805 illi
988 2764 1117 2805 cum
1140 2748 1286 2805 civili
1307 2748 1425 2821 lege
1446 2750 1763 2806 communia
1780 2762 1903 2803 esse

300 2844 558 2909 possunt,
586 2846 649 2897 et
683 2840 734 2894 in
766 2839 904 2895 libro
933 2840 1025 2896 111.
1058 2844 1293 2896 tractata
1332 2846 1493 2908 sunt3
1524 2836 1595 2895 ad
1622 2854 1787 2910 quem
1815 2837 1903 2893 illa

298 2926 635 2983 remittemus
656 2969 673 2999 ,
704 2927 1176 3001 quandocumque
1204 2928 1581 2997 occurrerint,
1611 2926 1902 3001 solumque

299 3012 696 3084 explicabimus
734 3033 831 3089 ea,
862 3033 1005 3091 quae
1042 3017 1147 3090 legi
1174 3018 1471 3074 canonicae
1500 3024 1631 3076 sunt
1656 3020 1897 3091 propria,

298 3110 351 3157 et
377 3104 425 3159 in
456 3106 668 3178 quibus
695 3122 727 3162 a
756 3107 898 3163 civili
926 3106 1305 3179 distinguitur.
1334 3107 1599 3173 Quoniam
1632 3122 1759 3164 vero
1791 3112 1903 3164 tota

300 3194 433 3251 ratio
474 3194 649 3253 huius
691 3196 854 3272 legis,
884 3198 1115 3270 eiusque
1156 3198 1396 3270 cognitio
1436 3198 1672 3253 maxime
1700 3196 1904 3269 pendet

303 3296 365 3337 ex
396 3290 707 3357 potestate,
732 3301 762 3342 a
791 3301 903 3359 qua
930 3285 1210 3359 procedit,
1238 3285 1358 3342 ideo
1386 3288 1541 3357 prius
1567 3284 1635 3341 de
1663 3286 1779 3358 ipsa
1808 3302 1905 3359 po-

300 3376 493 3430 testate
537 3375 797 3433 dicemus
829 3383 947 3433 tum
976 3376 1222 3432 absolute
1245 3418 1259 3447 ,
1295 3382 1413 3432 tum
1444 3375 1816 3447 comparando
1844 3374 1905 3431 il-

301 3458 401 3517 lam
428 3464 497 3519 ad
526 3471 859 3537 potestatem
886 3466 1137 3538 civilem,
1166 3472 1353 3538 postea
1373 3480 1506 3523 vero
1534 3465 1603 3522 de
1624 3473 1777 3533 actu,
1802 3466 1902 3523 se'u

302 3550 413 3623 lege
438 3556 593 3631 ipsa,
627 3563 685 3613 et
721 3556 1127 3615 conditionibus
1166 3555 1241 3612 illi
1276 3556 1512 3629 propriis
1539 3555 1897 3614 disseremus.

902 3734 1181 3805 CAPUT
1226 3734 1281 3803 1.

481 3938 579 3991 An
611 3934 691 3990 sit
714 3932 783 3988 in
808 3928 1087 3991 Ecclesia
1112 3927 1452 4005 spiritualis
1476 3934 1738 4004 potestas

627 4018 713 4079 ad
741 4021 1071 4079 canonicas
1101 4016 1255 4093 leqes
1264 4018 1581 4093 serendas.
1750 4042 1755 4047 ·

860 4200 1347 4264 summarium

1976 2475 2259 2550 Paduano,
2282 2483 2348 2536 ut
2375 2475 2576 2537 iudicat
2603 2478 2811 2537 Albert.
2846 2479 3068 2554 Pighius
3096 2480 3189 2538 lib.
3225 2488 3279 2541 5.
3307 2482 3580 2543 deeccle-

1975 2571 2147 2625 sia-st.
2190 2568 2420 2626 hierar.
2467 2569 2857 2626 Verumtamen
2898 2586 3076 2646 neque
3116 2571 3348 2629 Alvarus
3385 2574 3570 2649 Pelag.

1974 2655 2113 2714 libro
2150 2662 2200 2715 1.
2230 2655 2303 2713 de
2321 2656 2582 2733 planctu
2607 2656 2832 2716 Eccles.
2865 2675 2991 2732 cap.
3028 2665 3122 2731 68,
3152 2678 3330 2736 neque
3356 2664 3574 2737 Castro,

1972 2762 2153 2821 neque
2182 2746 2420 2805 Prateol.
2451 2747 2736 2805 referendo
2762 2749 2974 2806 Marsilii
3015 2766 3238 2808 errores
3268 2751 3433 2810 huius
3461 2770 3577 2811 me·

1972 2836 2270 2893 minerunt.
2315 2836 2410 2893 Ille
2449 2838 2596 2893 enim
2638 2837 2868 2896 abstulit
2907 2839 3124 2913 quidem
3161 2840 3579 2901 fundamentum

1975 2924 2145 2982 huius
2177 2925 2463 2996 potestatis
2481 2965 2496 2995 ,
2521 2919 3124 2999 negando'potestatem
3143 2930 3321 3002 Papae
3339 2940 3395 2990 et
3421 2933 3581 2991 Vica-

1975 3015 2039 3070 rii
2065 3014 2267 3072 Christi
2296 3014 2347 3069 in
2382 3015 2572 3071 terris:
2605 3016 2823 3088 negarit
2849 3017 3040 3089 etiam,
3066 3018 3266 3076 habere
3287 3021 3582 3094 episcopos

1975 3105 2236 3161 maiorem
2267 3110 2619 3175 potestatem,
2643 3120 2811 3179 quam
2841 3106 3076 3165 habeant
3104 3107 3428 3184 presbyteri3
3458 3111 3582 3168 inde

1976 3200 2158 3251 tamen
2183 3210 2288 3251 non
2313 3196 2629 3251 necessario
2650 3195 2933 3269 sequitur,
2958 3196 3107 3270 quod
3131 3200 3434 3269 negaverit,
3457 3214 3582 3257 esse

1973 3285 2028 3340 in
2056 3286 2210 3341 clero
2237 3291 2566 3357 potestatem
2593 3284 2660 3341 ad
2693 3283 2840 3358 leges
2867 3284 3140 3343 serendas.
3182 3288 3366 3344 Refert
3396 3295 3580 3347 tamen

1977 3376 2286 3431 Antoninus
2316 3378 2368 3431 4.
2413 3389 2468 3445 p.
2508 3372 2696 3430 Theoi.
2729 3376 2816 3432 tit.
2861 3380 2916 3433 11
2942 3418 2956 3446 ,
2987 3391 3041 3433 c.
3080 3378 3144 3444 7,
3175 3372 3200 3440 ἒ
3230 3380 3292 3447 5,
3321 3378 3586 3436 Extrava·

1973 3470 2192 3536 gantem
2217 3464 2366 3519 ioan.
2392 3464 2554 3535 xxll,
2575 3479 2716 3537 quae
2737 3464 2945 3537 incipit:
2963 3464 3214 3523 Diadume
3233 3466 3318 3523 ad
3336 3466 3584 3527 audien-

1976 3557 2154 3621 tiam,
2193 3569 2337 3626 quae
2363 3554 2416 3610 in
2444 3569 2679 3626 corpore
2707 3554 2842 3611 iuris
2864 3572 2973 3612 non
2998 3556 3250 3632 habetur,
3276 3560 3327 3615 in
3341 3542 3463 3633 'qua
3486 3564 3586 3618 Pe-

1979 3650 2103 3701 trus
2130 3642 2200 3701 de
2225 3643 2482 3701 corbaria
2509 3651 2568 3701 et
2594 3644 2682 3701 alii
2701 3643 3037 3702 damnantur
3057 3656 3280 3719 propter
3299 3649 3478 3707 dictos
3497 3666 3586 3708 er·

1978 3750 2134 3792 rores
2154 3779 2169 3805 ,
2227 3735 2431 3809 quibus
2485 3734 2794 3806 addebant,
2852 3752 3070 3794 omnem
3123 3738 3580 3811 iurisdictionem,

1978 3839 2146 3898 quam
2174 3823 2398 3897 quidem
2439 3824 2667 3896 praelati
2708 3825 2912 3883 habent
2951 3830 3245 3901 maiorem,
3278 3844 3444 3904 quam
3474 3830 3585 3904 alii,

1978 3930 2101 3971 esse
2123 3914 2192 3970 ab
2213 3916 2567 3987 imperatore,
2591 3923 2647 3971 et
2663 3914 2870 3973 nullam
2894 3917 3091 3975 habere
3117 3935 3148 3975 a
3168 3919 3408 3993 Christo,
3431 3919 3586 3993 quod

1977 4011 2065 4062 est
2091 4018 2294 4076 negare
2321 4003 2755 4061 ecclesiasticam
2786 4013 3116 4077 potestatem
3145 4008 3213 4065 ad
3235 4008 3386 4081 leges
3408 4008 3588 4067 seren·

1974 4095 2094 4152 das.
2122 4096 2251 4151 Fuit
2277 4100 2461 4149 autem
2483 4094 2756 4152 Marsilius
2786 4094 3078 4153 Paduanus
3097 4097 3290 4154 eodem
3314 4104 3584 4172 tempore,

1976 4191 2033 4241 et
2072 4182 2256 4240 fautor
2297 4182 2441 4240 iliius
2483 4184 2666 4253 Petri,
2698 4186 2792 4257 qui
2818 4183 2924 4243 suit
2953 4187 3252 4259 Antipapa,
3281 4196 3340 4245 et
3367 4192 3439 4246 ita
3469 4192 3587 4247 sine

1908 4290 1917 4299 ·
1976 4273 2148 4331 dubio
2179 4272 2266 4328 ille
2292 4272 2398 4329 suit
2425 4274 2740 4346 principalis
2769 4282 2969 4332 auctor
2998 4277 3140 4334 illius
3161 4280 3388 4335 erroris.
3415 4280 3586 4336 Eum-

316 4380 362 4434 ¹.
387 4384 569 4441 Aerias
604 4386 735 4439 banc
768 4391 1077 4452 potestatem
1112 4386 1407 4450 pastoribus
1440 4385 1700 4437 Ecclesiae
1734 4388 1910 4439 abstu-

374 4455 453 4506 lit.
476 4485 546 4497 —
566 4458 619 4509 2.
648 4456 994 4508 Fundamenta
1019 4456 1177 4507 huius
1199 4458 1411 4508 erroris.
1429 4484 1499 4494 —
1517 4457 1569 4507 3.
1600 4456 1765 4507 Prima
1790 4470 1912 4510 eon-

374 4526 549 4580 clusio.
576 4555 647 4567 —
663 4530 719 4578 4.
758 4526 989 4579 Secunda
1023 4527 1303 4578 conclusio.
1326 4554 1397 4567 —
1415 4526 1466 4577 5.
1497 4526 1673 4577 Tertia
1698 4528 1907 4579 conclu-

376 4596 466 4647 sio.
491 4625 561 4636 —
581 4600 633 4651 6.
663 4598 737 4648 Ad
770 4603 1075 4661 argumenta
1101 4598 1352 4661 opposita.
1376 4624 1447 4633 —
1468 4596 1519 4645 7.
1548 4596 1808 4658 Quomodo
1831 4598 1911 4647 in-

378 4667 643 4732 telligendi
686 4674 803 4719 sunt
848 4674 1021 4731 patres
1038 4702 1053 4729 ,
1090 4670 1181 4731 qui
1217 4668 1411 4718 sentire
1449 4664 1693 4717 videntur
1729 4674 1910 4718 contra

375 4738 685 4798 praedictam
706 4744 1036 4802 potestatem.

391 4900 439 4951 1.
471 4897 642 4955 Vetus
667 4896 769 4954 suit
793 4911 953 4954 error
970 4910 1179 4969 negans
1198 4910 1319 4953 esse
1348 4894 1399 4951 in
1422 4893 1700 4953 Ecclesiae
1722 4901 1906 4968 pasto-

315 4982 460 5041 ribus
481 4986 623 5045 hanc
646 4991 1003 5061 potestatem.
1029 4988 1327 5058 Potestque
1353 4985 1519 5043 tribui
1545 4986 1740 5059 Aerio,
1770 5002 1907 5059 qua·

314 5076 465 5131 tenus
493 5078 661 5150 dixit,
690 5076 893 5135 ieiunia
920 5075 1199 5134 Ecclesiae
1226 5092 1333 5132 non
1361 5090 1483 5133 esse
1511 5075 1776 5134 servanda
1793 5116 1809 5145 ,
1842 5092 1907 5133 ne

320 5163 417 5219 sub
456 5166 576 5242 lege
614 5182 737 5225 esse
778 5166 1099 5235 videamur,
1145 5172 1209 5222 ut
1248 5166 1487 5223 sumitur
1513 5182 1577 5222 ex
1607 5166 1909 5239 Epiphanio

318 5248 519 5314 haeres.
550 5260 619 5317 75
636 5298 653 5327 ,
676 5260 910 5331 August.
936 5256 993 5312 in
1018 5260 1109 5311 55.
1137 5254 1289 5311 Solet
1306 5254 1471 5312 etiam
1494 5255 1656 5313 tribui
1678 5256 1913 5315 Marcilio

466 5368 665 5423 amm.
690 5370 751 5417 ne
768 5366 1143 5426 mim-rm
1160 5367 1197 5413 ι.

1978 4363 2103 4420 dem
2132 4364 2310 4420 secuti
2339 4370 2472 4420 sunt
2489 4362 2810 4420 waldenses
2827 4406 2842 4434 ,
2874 4364 3004 4421 alias
3027 4365 3156 4423 dicti
3182 4369 3490 4441 Pauperes
3511 4366 3587 4425 dc

1982 4451 2295 4526 Lugduno,
2333 4467 2573 4525 quorum
2605 4453 2853 4510 meminit
2877 4456 3182 4512 Antoninus
3210 4461 3267 4515 4.
3294 4474 3348 4528 p.
3375 4460 3455 4514 tit.
3499 4462 3586 4530 11,

1983 4558 2109 4614 cap.
2144 4544 2200 4613 7,
2230 4545 2255 4614 a
2283 4546 2340 4613 2,
2369 4541 2499 4599 licet
2527 4542 2673 4599 hunc
2696 4558 2943 4600 errorem
2965 4562 3073 4601 non
3097 4547 3321 4620 referat3
3349 4563 3477 4604 eum
3508 4556 3592 4605 ta-

1982 4646 2105 4687 men
2135 4630 2304 4687 rel'ert
2330 4629 2616 4688 Prateolus
2647 4632 2814 4690 verbo
2841 4636 3146 4709 Pauper-es
3171 4634 3244 4693 de
3272 4636 3582 4711 Luydtmo,

1979 4736 2037 4777 n.
2074 4726 2125 4778 8.
2158 4729 2219 4776 et
2238 4724 2332 4778 22.
2357 4734 2422 4776 ex
2443 4721 2616 4777 AEnea
2644 4721 2828 4797 Sylvio
2857 4723 2929 4780 de
2955 4730 3167 4799 oriyin.
3194 4729 3590 4784 Bohemorum

1979 4826 2034 4867 c.
2070 4813 2161 4866 33.
2194 4806 2344 4865 Idem
2371 4811 2548 4866 secuti
2575 4818 2705 4866 sunt
2727 4812 3048 4884 Wiclephus
3079 4822 3135 4871 et
3165 4816 3316 4873 loan.
3351 4818 3499 4889 llus,
3526 4822 3592 4873 ut

1978 4905 2199 4958 constat
2221 4914 2288 4955 ex
2316 4899 2552 4956 concilio
2583 4904 2978 4960 constantiensi
3009 4920 3148 4961 sess.
3185 4912 3239 4976 8,
3271 4912 3330 4962 et
3367 4913 3462 4977 15,
3495 4905 3591 4963 ubi

1978 4986 2214 5051 istorum
2256 5004 2474 5046 errores
2512 4989 2852 5049 referuntur.
2886 4994 3035 5052 ldem
3065 5002 3257 5068 postea
3286 4996 3589 5065 botherus,

1981 5096 2147 5155 quem
2179 5082 2358 5137 secuti
2401 5087 2535 5137 sunt
2576 5082 2919 5140 Melancthon
2941 5126 2956 5155 ,
2988 5084 3196 5141 Calvio.
3229 5089 3376 5143 loan.
3413 5086 3594 5143 West-

1981 5170 2180 5242 phalus
2203 5211 2218 5240 ,
2257 5177 2314 5226 et
2355 5170 2476 5238 alii,
2515 5170 2584 5226 de
2625 5172 2828 5243 quibus
2866 5174 3014 5247 apud
3045 5175 3276 5233 Prateol.
3310 5184 3368 5233 et
3391 5176 3596 5235 Bellor-

1988 5261 2121 5335 min.
2153 5259 2247 5317 lib.
2281 5262 2336 5317 4.
2367 5258 2442 5316 de
2467 5274 2624 5316 sum.
2654 5261 2873 5337 pontif.
2906 5279 3027 5337 cap.
3074 5270 3158 5322 13.

3062 5370 3116 5414 38
