4325 6267
1730 362 1943 411 CAPUT
1971 364 2097 411 XV.

256 487 492 558 imponit
529 486 788 559 operandi
831 502 996 543 onus.
1026 487 1134 565 Lex
1164 492 1346 544 autem
1385 488 1634 561 negativa
1664 486 1866 557 obligat

255 592 506 647 semper,
547 584 605 633 et
643 593 743 647 pro
784 592 1032 649 semper,
1061 577 1186 647 quia
1213 585 1270 633 et
1298 579 1418 633 eius
1449 577 1706 649 obligatio
1734 591 1865 631 cum

259 664 348 721 illa
369 681 595 737 semper
621 665 820 736 durat,
852 671 906 722 et
933 672 1156 737 propter
1184 667 1527 739 negationem
1547 708 1562 736 ,
1587 681 1752 738 quam
1784 668 1866 720 in-

251 754 436 810 cludit
463 771 568 827 pro
600 755 744 812 omni
771 762 1051 827 tempore,
1081 762 1138 811 et
1164 754 1409 827 qualibet
1445 761 1596 826 parte
1627 753 1865 825 prohibi-

252 844 418 900 tionis
459 859 594 899 suae
632 844 860 916 obligat,
902 844 1032 915 quia
1059 845 1274 915 negatio
1305 842 1482 899 omnia
1509 841 1775 907 destruit,
1810 846 1866 897 et

251 934 386 1004 quia
415 933 692 989 abstinere
721 950 750 989 a
777 932 922 989 malo
952 948 1167 1005 semper
1203 938 1258 989 et
1294 948 1396 1004 pro
1425 947 1640 1004 semper
1671 946 1860 987 neces-

251 1023 464 1078 sarium
485 1030 592 1081 est.
621 1024 698 1079 Ex
724 1023 824 1078 hac
851 1023 1012 1079 etiam
1034 1021 1294 1079 divisione
1317 1023 1494 1078 oritur
1516 1021 1710 1078 divisio
1733 1036 1861 1091 pec-

252 1118 516 1168 catorum
560 1113 613 1170 in
657 1118 950 1183 peccatum
990 1112 1388 1168 commissionis
1429 1117 1485 1168 et
1531 1110 1858 1180 omissionis;

249 1217 376 1257 nam
409 1208 710 1271 peccatum
742 1202 1138 1258 commissionis
1161 1202 1500 1258 contrarium
1527 1208 1614 1257 est
1635 1200 1740 1274 legi
1766 1215 1864 1256 ne·-

251 1292 506 1362 gativae3
531 1291 748 1347 omissio
773 1305 924 1360 vero,
949 1289 1335 1361 affirmativae,
1363 1296 1425 1345 ut
1451 1306 1517 1345 ex
1543 1288 1768 1345 materia
1796 1288 1863 1345 de

253 1380 506 1450 peccatis
531 1396 804 1452 suppono.
837 1381 1016 1451 Atque
1045 1381 1121 1435 ita
1149 1380 1366 1435 tandem
1395 1385 1633 1445 constat,
1667 1393 1862 1434 nomen

253 1472 544 1543 praecepti
585 1485 686 1527 seu
723 1469 935 1542 imperii
982 1468 1346 1540 aequivocum
1385 1482 1536 1539 esse,
1586 1466 1861 1523 interdum

251 1560 396 1615 enim
431 1560 702 1631 significat
731 1560 886 1632 quasi
915 1573 1088 1630 genus
1131 1572 1422 1614 commune
1451 1558 1519 1614 ad
1550 1556 1861 1630 negativum

251 1654 308 1703 et
339 1647 748 1727 ‘affirmativum
789 1654 1173 1720 praeceptum,
1217 1646 1493 1719 quomodo
1533 1646 1770 1703 diximus
1807 1646 1859 1701 in

251 1736 565 1793 definitione
594 1737 766 1809 legis,
799 1751 920 1793 esse
953 1740 1342 1809 praeceptum
1371 1751 1700 1801 commune,
1737 1743 1850 1792 etc.

254 1826 554 1898 aliquando
599 1843 729 1883 vero
771 1826 1076 1899 specialiter
1115 1826 1357 1882 sumitur
1397 1842 1494 1896 pro
1533 1826 1859 1883 affirmativo

255 1923 588 1987 praecepto,
624 1920 680 1972 et
719 1916 796 1971 sic
838 1914 1200 1987 distinguitur
1227 1930 1258 1969 a
1287 1914 1674 1987 prohibitione,
1705 1915 1859 1971 etita

255 2016 548 2078 ponuntur
576 2006 664 2062 illa
694 2005 804 2062 duo
835 2013 1094 2078 tanquam
1126 2004 1368 2061 distincti
1400 2004 1529 2077 legis
1557 2004 1806 2061 effectus.

333 2096 519 2152 Tertia
563 2094 860 2151 difficultas
903 2102 1023 2151 erat
1062 2094 1128 2151 de
1169 2094 1551 2166 permissione,
1596 2110 1760 2167 quam
1801 2094 1856 2151 d.

258 2185 500 2240 Thomas
524 2185 602 2241 ita
622 2182 895 2250 declarat,
922 2190 984 2240 ut
1005 2184 1256 2239 videatur
1278 2181 1422 2238 illam
1447 2198 1648 2254 ponere
1673 2183 1724 2238 in
1746 2181 1860 2239 sola

255 2276 547 2345 negatione
590 2275 866 2344 praecepti
905 2278 958 2328 et
994 2272 1406 2343 prohibitionis,
1443 2271 1530 2327 illa
1560 2273 1704 2327 enim
1737 2286 1859 2343 per-

253 2365 396 2419 mitti
431 2362 730 2430 dicuntur,
763 2378 903 2436 quae
935 2378 1034 2418 nec
1067 2362 1511 2433 praecipiuntur,
1543 2376 1645 2417 nec
1681 2360 1860 2433 prohi-

254 2451 480 2507 bentur.
513 2452 811 2523 Additque,
844 2453 1128 2507 materiam
1155 2444 1524 2519 permissionis
1554 2465 1676 2506 esse
1699 2457 1858 2505 actus

255 2540 338 2597 vel
368 2541 768 2613 indifferentes,
799 2540 884 2596 vel
913 2555 1108 2611 parum
1145 2538 1318 2595 bonos
1356 2547 1414 2595 et
1439 2554 1634 2609 parum
1664 2537 1854 2593 malos.

256 2630 575 2701 Utrumque
591 2636 776 2687 autem
791 2627 990 2684 dictam
1013 2626 1394 2684 difficultatem
1411 2626 1595 2684 habet.
1618 2630 1861 2684 Primum

257 2719 480 2791 quidem
501 2760 516 2790 ,
549 2722 678 2792 quia
704 2718 796 2793 (ut
819 2716 1166 2786 obiiciebam)
1197 2717 1290 2774 illa
1313 2718 1526 2789 negatio
1551 2734 1659 2775 non
1680 2725 1765 2774 est
1784 2717 1862 2774 es·

257 2809 434 2865 sectus
459 2808 592 2881 legis
612 2851 625 2877 ,
652 2809 744 2865 sed
769 2810 950 2880 potius
971 2812 1055 2863 est
1075 2808 1306 2864 effectus
1331 2808 1628 2881 negationis
1656 2811 1863 2865 utrius-

261 2914 368 2970 que
399 2898 536 2969 legis
566 2903 672 2954 tam
703 2896 1111 2971 praecipientis,
1137 2912 1305 2969 quam
1334 2897 1703 2969 prohibentis,
1735 2898 1864 2971 quia

259 2988 402 3042 sicut
443 2986 736 3043 affirmatio
776 2993 862 3041 est
901 3001 1070 3043 causa
1099 2986 1508 3056 affirmationis,
1540 2989 1614 3044 ita
1649 2989 1862 3060 negatio

259 3084 342 3131 est
377 3092 552 3133 causa
579 3077 904 3148 negationis3
933 3076 1219 3147 permissio
1250 3083 1434 3132 autem
1463 3075 1550 3131 illo
1576 3076 1740 3132 modo
1771 3076 1864 3133 de-

261 3166 470 3223 clarata
502 3167 719 3239 negatio
751 3172 962 3223 tantum
989 3173 1104 3237 est,
1135 3181 1268 3238 ergo
1297 3181 1407 3221 uon
1434 3172 1519 3221 est
1537 3166 1764 3223 effectus
1788 3165 1864 3222 le·

261 3256 374 3326 gis,
399 3253 498 3311 sed
523 3255 819 3326 negationis
846 3254 1002 3327 legis.
1034 3256 1106 3319 Eg
1139 3255 1499 3311 confirmatur
1538 3263 1860 3326 argumento

261 3344 404 3401 sacto
437 3345 488 3399 in
513 3342 860 3415 praecedenti
888 3344 1062 3415 capite
1079 3384 1092 3407 ,
1120 3346 1248 3415 quia
1275 3345 1560 3415 permissio
1587 3343 1676 3399 illo
1697 3343 1861 3401 modo

261 3448 364 3489 non
393 3432 607 3489 inducit
627 3432 1031 3505 obligationem,
1063 3447 1164 3488 nec
1192 3438 1278 3489 est
1302 3432 1532 3490 effectus
1559 3432 1698 3505 eius3
1730 3449 1860 3506 ergo

259 3538 364 3577 non
391 3528 574 3594 potest
600 3537 720 3577 esse
745 3522 973 3577 effectus
1004 3519 1156 3593 legis.

333 3610 652 3667 Secundum
679 3611 841 3667 etiam
868 3609 934 3665 de
962 3612 1188 3666 materia
1211 3598 1434 3667 difficile
1454 3616 1567 3681 est,
1595 3612 1771 3682 primo
1793 3627 1858 3669 ex

259 3709 410 3773 parte
450 3708 680 3758 actuum
709 3696 1013 3772 malorum,
1043 3700 1170 3772 quia
1197 3699 1327 3755 licet
1353 3702 1462 3755 sint
1489 3715 1682 3771 parum
1713 3700 1859 3770 mali,

260 3807 366 3847 non
403 3792 802 3863 permittuntur
845 3787 962 3860 lege
1003 3795 1226 3845 aeterna
1266 3795 1320 3846 et
1359 3788 1620 3862 naturali,
1661 3796 1726 3845 ut
1764 3789 1863 3846 do-

261 3882 374 3937 cuit
396 3880 746 3952 Augustinus
768 3877 860 3933 lib.
895 3884 944 3948 l,
969 3875 1040 3933 de
1066 3875 1254 3934 libero
1275 3877 1545 3941 arbitrio,
1575 3896 1698 3951 cap.
1729 3884 1781 3935 5.
1806 3870 1890 3935 et*

265 3972 314 4026 6.
346 3970 399 4026 Si
431 3984 564 4027 vero
593 3970 664 4024 sit
689 3983 872 4023 sermo
901 3966 970 4023 de
1000 3966 1116 4039 lege
1149 3968 1412 4039 positiva,
1438 3967 1605 4025 etiam
1625 3969 1862 4040 graviter

261 4060 383 4115 mali
413 4058 684 4115 interdum
714 4056 1138 4128 permittuntur,
1169 4062 1230 4113 ut
1257 4062 1388 4113 sunt
1413 4056 1702 4114 fornicatio
1723 4099 1738 4130 ,
1767 4058 1861 4114 ho-

257 4148 532 4205 micidium
567 4146 876 4220 adulterae,
907 4144 1088 4219 aliqua
1110 4152 1268 4217 pacta
1293 4148 1526 4218 iniusta,
1557 4155 1612 4205 et
1640 4147 1853 4203 similia.

263 4236 520 4294 Secundo
550 4252 615 4293 ex
644 4242 798 4308 parte
827 4236 1096 4291 honorum
1125 4241 1384 4303 actuum,
1409 4236 1538 4307 quia
1558 4236 1599 4292 si
1625 4238 1860 4308 permis-

257 4326 332 4382 sio
361 4328 418 4382 in
450 4325 565 4382 sola
593 4326 876 4397 negatione
906 4322 1188 4391 consistit,
1218 4322 1384 4396 aliqui
1412 4324 1534 4381 boni
1566 4334 1725 4381 actus
1756 4341 1857 4383 nec

257 4416 696 4489 praecipiuntur,
735 4428 836 4470 nec
882 4412 1268 4485 prohibentur,
1310 4414 1440 4484 quia
1477 4419 1606 4469 sunt
1642 4415 1852 4486 optimi,

257 4513 313 4563 et
336 4522 402 4564 ex
431 4504 740 4562 melioribus
764 4502 918 4559 bonis
933 4542 949 4573 ,
975 4509 1042 4559 ut
1063 4503 1343 4574 virginitas
1365 4508 1422 4559 et
1443 4502 1647 4559 similes
1670 4510 1853 4574 actus,

259 4599 348 4669 qui
376 4596 484 4653 sub
513 4594 800 4653 consilium
830 4592 1066 4666 cadunt,
1096 4597 1151 4648 et
1177 4593 1259 4649 sic
1289 4592 1478 4648 Glossa
1514 4595 1570 4648 in
1596 4591 1651 4649 d.
1685 4594 1857 4663 capite

261 4684 402 4759 leqis
431 4688 618 4742 virtus
646 4684 809 4755 dixit,
842 4682 1131 4739 consilium
1159 4696 1280 4737 esse
1308 4696 1468 4753 posse
1495 4680 1750 4738 effectum
1781 4682 1861 4738 le-

260 4777 367 4847 εἰς,
397 4782 461 4831 et.
492 4773 597 4830 sub
640 4772 1000 4845 permissione
1028 4766 1437 4842 comprehendi.
1469 4770 1625 4837 Quod
1655 4771 1700 4827 si
1730 4773 1856 4845 quis

260 4862 494 4936 refugiat
531 4862 868 4932 concedere,
900 4860 1036 4916 tales
1078 4865 1238 4916 actus
1259 4862 1382 4916 es'se
1410 4860 1743 4933 permissos,
1775 4875 1859 4916 se-

262 4956 447 5026 quitur
468 4996 482 5023 ,
512 4960 570 5011 et
596 4968 707 5009 non
733 4956 886 5009 recte
916 4950 1042 5022 poni
1083 4950 1504 5021 permissionem
1541 4951 1594 5005 in
1622 4949 1714 5005 illa
1742 4948 1860 5005 sola

262 5044 576 5117 negatione,
609 5048 667 5099 et
692 5040 1008 5098 divisionem
1037 5045 1271 5096 actuum
1299 5036 1481 5096 datam
1514 5054 1546 5095 a
1572 5038 1628 5096 d.
1651 5039 1858 5096 Thema

264 5148 378 5191 esse
409 5132 855 5191 insufficientem.

337 5228 394 5285 4.
422 5222 505 5281 Ad
544 5217 925 5295 explicandum
966 5233 1098 5292 ergo
1137 5217 1288 5277 hunc
1328 5218 1588 5279 effectum
1625 5217 1856 5279 adverto

417 5330 1088 5388 stimulum—Pars
1106 5330 1140 5377 1.

3372 356 3454 417 57

1936 487 2128 559 primo,
2160 489 2577 558 permissionem
2608 490 2887 547 interdum
2914 506 3036 548 esse
3064 492 3232 549 solius
3261 495 3389 551 sacti
3411 537 3426 566 ,
3458 496 3537 553 in-

1936 574 2156 630 terdum
2186 578 2353 647 iuris,
2390 578 2537 649 prior
2568 577 2716 635 nullo
2747 579 2908 636 modo
2937 582 3162 651 ponitur
3188 582 3418 641 effectus
3462 586 3539 643 le-

1933 666 2018 735 gis
2043 705 2058 727 ,
2102 667 2376 737 posterior
2414 677 2599 723 autem
2639 682 2759 723 esse
2798 674 3011 740 potest,
3056 673 3185 742 quia
3226 672 3310 729 lex
3352 673 3537 732 adius

1935 755 2199 825 pertinet,
2234 758 2333 811 se'u
2362 756 2447 811 ius
2477 756 2779 813 constituit.
2812 759 3123 830 Utrumque
3153 760 3205 816 in
3232 764 3339 817 Deo
3369 764 3536 835 expli-

1935 850 2097 901 catur
2117 845 2346 916 optime3
2374 860 2500 901 nam
2524 847 2567 901 si
2590 844 2795 902 iactum
2814 846 3159 905 attendamus
3182 889 3198 917 ,
3224 853 3370 908 Deus
3394 853 3535 909 mul-

1935 938 1991 988 ta
2019 939 2255 1005 peccata
2288 935 2580 1007 permittit,
2610 937 2740 1007 quia
2766 952 2895 993 cum
2924 944 3109 1007 posset
3150 940 3439 1015 impedire,
3470 959 3537 999 ne
3588 1009 3591 1011 v

1932 1022 2088 1093 fiant,
2120 1022 2187 1078 de
2216 1023 2361 1080 sacto
2390 1040 2499 1080 non
2526 1024 2786 1097 impedit,
2826 1041 2924 1081 nec
2957 1027 3074 1084 vult
3114 1030 3407 1102 impedire,
3439 1032 3538 1089 sed

1933 1113 2114 1182 potius
2136 1110 2345 1169 directe
2373 1114 2493 1169 vult
2521 1112 2610 1169 illa
2638 1116 2988 1186 permittere,
3020 1114 3077 1171 id
3112 1124 3197 1173 est
3230 1118 3441 1193 sinere,
3475 1127 3542 1178 ut

1932 1200 2080 1257 fiant.
2121 1202 2466 1259 Attendendo
2506 1210 2688 1259 autem
2734 1202 2800 1259 ad
2838 1206 2959 1275 ius,
2992 1208 3135 1262 Deus
3166 1208 3378 1265 nullum
3406 1226 3536 1281 pec-

1932 1294 2116 1345 catum
2148 1292 2443 1361 permittit,
2484 1293 2611 1363 quia
2652 1291 2865 1349 nullum
2904 1307 3013 1349 non
3040 1294 3323 1368 prohibet,
3356 1314 3534 1371 neque

1933 1377 2107 1435 ullum
2136 1381 2471 1451 impunitum
2499 1380 3095 1455 relinquit,qu0mo‹io
3118 1384 3249 1442 dixit
3278 1388 3538 1461 Augusti-

1929 1483 2035 1523 nus
2077 1484 2277 1539 supra,
2322 1468 2495 1541 legem
2538 1479 2819 1527 aeternam
2845 1471 3062 1528 nullum
3092 1484 3385 1544 peccatum
3416 1493 3539 1547 per-

1933 1558 2173 1612 mittere.
2204 1559 2377 1630 Igitur
2404 1558 2691 1630 permissio
2723 1559 2849 1616 sacti
2889 1577 2995 1617 non
3028 1562 3264 1620 includit
3294 1567 3535 1637 negatio-

1929 1660 2052 1700 nem
2073 1644 2471 1720 prohibitionis,
2487 1646 2579 1703 sed
2597 1663 2805 1705 meram
2823 1652 3165 1722 negationem
3188 1652 3539 1724 impedimen-

1931 1733 1997 1803 ti,
2023 1749 2121 1789 seu
2144 1736 2326 1806 operis
2342 1775 2357 1806 ,
2382 1752 2493 1808 quo
2514 1740 2687 1809 possit
2704 1737 3004 1797 efficaciter
3025 1741 3276 1813 impediri
3306 1744 3534 1820 effectus

1929 1826 2263 1895 permissus3
2308 1826 2591 1897 permissio
2632 1834 2819 1885 autem
2860 1829 3027 1902 iuriS,
3060 1830 3125 1888 de
3155 1848 3265 1905 qua
3292 1836 3347 1890 in
3375 1850 3535 1905 prae-

1930 1914 2066 1969 senti
2091 1919 2178 1969 est
2205 1930 2389 1972 sermo
2408 1956 2424 1988 ,
2456 1915 2685 1973 includit
2712 1920 3058 1989 negationem
3082 1922 3455 1993 prohibitionis
3478 1933 3536 1984 et

1931 2004 2236 2076 praecepti,
2269 2010 2330 2060 ut
2356 2004 2413 2059 d.
2442 2004 2674 2061 Thomas
2702 2005 2853 2063 dixit.
2902 2009 3157 2067 Secundo
3180 2052 3195 2079 ,
3227 2012 3361 2069 haec
3394 2032 3522 2086 per-

1929 2092 2116 2148 missio
2157 2094 2291 2149 iuris
2334 2094 2667 2151 considerari
2710 2103 2921 2169 potest,
2966 2097 3049 2153 vel
3095 2107 3157 2157 ut
3194 2104 3450 2160 consistit
3478 2106 3533 2161 in

1931 2198 2084 2238 mera
2122 2184 2409 2256 negatione
2446 2186 2724 2257 praecepti
2752 2195 2807 2242 et
2834 2187 3240 2264 prohibitionis,
3275 2193 3356 2249 vel
3390 2210 3527 2267 qua-

1931 2277 2090 2327 tenus
2120 2272 2170 2327 in
2200 2270 2377 2344 aliquo
2403 2274 2631 2342 positivo
2656 2283 2949 2347 praecepto
2973 2277 3267 2351 fundatur,
3291 2284 3421 2354 quia
3446 2286 3527 2339 ni-

1931 2360 2126 2416 mirum
2166 2375 2261 2431 per
2288 2360 2463 2433 legem
2493 2362 2727 2433 aliquam
2758 2366 3050 2435 positivam
3081 2367 3203 2423 talis
3234 2372 3520 2441 permissio

1930 2448 2156 2506 decreta
2196 2455 2309 2517 est,
2356 2456 2412 2505 et
2452 2451 2715 2507 stabilita.
2760 2454 2915 2511 Sicut
2952 2457 3095 2512 enim
3128 2458 3180 2513 in
3211 2462 3318 2515 Deo
3346 2463 3532 2533 quoad

1931 2538 2345 2609 permissionem
2390 2540 2550 2611 sacti,
2586 2540 2735 2598 aliud
2770 2553 2856 2599 est
2891 2552 3233 2617 permittere,
3267 2548 3419 2605 aliud
3446 2558 3533 2609 est

1933 2627 2066 2683 velle
2095 2629 2444 2697 permittere3
2482 2629 2553 2685 ita
2584 2630 2638 2686 in
2666 2630 2853 2687 ordine
2885 2632 2949 2689 ad
2981 2635 3097 2705 iuS,
3122 2634 3272 2691 aliud
3294 2644 3379 2693 est
3408 2654 3530 2709 per-

1931 2718 2146 2773 mittere
2175 2732 2313 2788 pure
2344 2718 2621 2791 negative,
2652 2720 2799 2777 aliud
2829 2736 2925 2793 per
2952 2720 3127 2794 legem
3148 2726 3441 2795 positivam
3464 2727 3531 2785 de

1931 2808 2291 2877 permissione
2322 2814 2587 2864 statuere.

2011 2902 2061 2954 5.
2090 2898 2223 2953 Dico
2244 2912 2371 2969 ergo
2387 2937 2402 2964 ,
2430 2899 2839 2969 permissionem
2864 2916 3010 2956 mere
3032 2904 3356 2976 negativam,
3382 2921 3525 2979 quae

1930 2987 2165 3043 resultat
2204 3002 2269 3044 ex
2311 2987 2429 3045 sola
2470 2990 2753 3060 negatione
2798 2992 3089 3062 utriusque
3129 2995 3407 3064 praecepti
3446 2995 3526 3051 as-

1932 3077 2177 3133 firmativi
2205 3082 2260 3131 et
2286 3077 2517 3150 negatIvi
2535 3116 2549 3144 ,
2583 3094 2694 3133 non
2722 3094 2841 3134 esse
2871 3081 3151 3151 proprium
3172 3082 3427 3139 effectum
3449 3084 3525 3140 le-

1929 3167 2042 3239 gis3
2078 3172 2140 3223 ut
2176 3181 2307 3221 vero
2344 3180 2440 3237 per
2475 3166 2713 3238 aliquam
2750 3169 3039 3237 positivam
3072 3170 3246 3241 legem
3275 3171 3526 3233 decerni-

1895 3280 1900 3287 ·
1933 3264 2052 3323 tur,
2085 3255 2165 3311 sie
2193 3268 2315 3311 esse
2338 3254 2627 3325 specialem
2654 3255 2911 3311 effectum
2940 3256 3090 3329 legis.
3117 3259 3273 3314 Prior
3297 3276 3423 3331 pars
3446 3262 3524 3317 vi-

1931 3343 2092 3400 detur
2131 3342 2351 3415 probari
2393 3343 2735 3400 sufficienter
2770 3346 2980 3401 ratione
3008 3344 3185 3417 sacta,
3218 3348 3348 3419 quia
3378 3349 3445 3406 ad
3467 3350 3531 3406 il-

1931 3431 2045 3489 lum
2073 3430 2301 3488 modum
2330 3432 2699 3504 permissionis
2728 3448 2837 3489 non
2872 3438 2956 3489 est
2985 3438 3357 3493 necessarium
3384 3438 3529 3495 serre

1931 3520 2107 3595 legem
2138 3522 2407 3595 aliquam,
2432 3522 2563 3577 satis
2585 3522 2729 3578 enim
2749 3529 2835 3580 est
2855 3538 2962 3579 uon
2989 3524 3132 3580 serre
3154 3523 3329 3598 legem
3350 3528 3532 3598 prohi-

1930 3612 2171 3668 bentem.
2203 3613 2340 3668 ltem
2381 3612 2665 3683 permissio
2694 3612 2781 3668 illa
2810 3629 2915 3668 non
2943 3620 3035 3670 est
3064 3630 3131 3671 ex
3157 3622 3425 3685 potestate
3453 3616 3531 3673 le-

1931 3701 2199 3772 gislativa3
2226 3716 2354 3757 nam
2385 3699 2659 3757 interdum
2682 3707 2841 3757 actus
2864 3703 2989 3759 talis
3010 3708 3114 3775 est,
3141 3711 3203 3760 ut
3225 3720 3325 3761 nec
3348 3704 3530 3776 prohi-

1932 3789 2058 3851 beri,
2078 3792 2280 3862 possit,
2312 3805 2413 3846 nec
2442 3790 2713 3863 praecipi,
2750 3806 2881 3863 ergo
2907 3791 3221 3864 negationes
3250 3792 3367 3849 illae
3401 3801 3532 3851 tunc

1930 3894 2036 3936 nou
2066 3886 2198 3936 sunt
2222 3878 2451 3935 effectus
2481 3878 2603 3935 talis
2632 3880 2953 3950 potestatis,
2987 3875 3115 3953 quia
3143 3897 3251 3937 non
3283 3888 3432 3955 sunt,
3466 3888 3532 3940 ut

1931 3969 2008 4025 sic
2045 3968 2256 4040 dicam,
2286 3984 2353 4025 ex
2385 3968 2663 4024 voluntate
2700 3969 2859 4025 etiam
2889 3968 3155 4025 indirecta
3183 3970 3526 4046 legislatoris,

1931 4056 2025 4113 sed
2052 4073 2118 4113 ex
2145 4074 2206 4114 se
2235 4057 2370 4114 tales
2399 4063 2546 4112 sunt.
2578 4058 2725 4130 Ergo
2747 4074 2847 4114 nec
2874 4059 3157 4129 permissio
3182 4059 3267 4115 illa
3289 4068 3375 4117 est
3394 4062 3524 4118 effe-

1929 4152 2056 4203 ctus
2085 4147 2372 4216 potestatis
2400 4144 2765 4217 legislativae,
2796 4162 2927 4219 ergo
2956 4162 3133 4220 neque
3174 4148 3327 4221 legis.
3365 4152 3522 4207 Deni-

1930 4251 2038 4309 que
2064 4235 2152 4291 illa
2174 4235 2385 4306 negatio
2409 4234 2614 4291 nullam
2638 4236 2852 4305 proprie
2875 4236 3034 4292 habet
3054 4253 3301 4307 causam,
3328 4238 3425 4295 sed
3450 4255 3521 4298 ex

1929 4339 1986 4380 se
2027 4323 2146 4381 talis
2188 4329 2347 4380 actus
2388 4327 2691 4395 permissus
2730 4331 2849 4394 est,
2881 4322 3013 4381 dum
3043 4341 3151 4381 non
3176 4325 3521 4397 prohibetur.

1927 4412 2083 4470 Sicut
2106 4428 2214 4470 non
2243 4413 2461 4485 proprie
2484 4411 2695 4469 dicetur
2715 4415 2858 4470 Deus
2880 4428 3004 4469 esse
3020 4428 3197 4470 causa
3219 4418 3529 4487 negationis

1929 4502 2177 4574 essendi,
2221 4516 2365 4575 quae
2408 4500 2726 4572 intelligitur
2764 4503 2819 4556 in
2860 4515 2919 4558 re
2959 4501 3201 4572 possibili
3242 4508 3529 4577 nunquam

1930 4593 2150 4663 sutura,
2184 4589 2281 4648 sed
2308 4605 2375 4645 ex
2404 4605 2461 4646 se
2490 4588 2680 4659 habet,
2712 4589 2861 4661 quod
2890 4589 2956 4645 sit
2983 4589 3145 4662 nihil,
3170 4592 3301 4663 quia
3328 4592 3419 4649 illa
3445 4594 3530 4651 ni-

1927 4681 2003 4737 hil
2022 4687 2129 4752 est,
2161 4679 2263 4737 nisi
2292 4685 2544 4751 creetur,
2570 4679 2720 4751 quod
2747 4686 2931 4735 autem
2956 4681 3027 4737 sit
3047 4680 3203 4753 nihil,
3228 4697 3335 4738 non
3360 4681 3525 4740 habet

1927 4787 1960 4828 a
1999 4771 2142 4844 Deo,
2187 4769 2285 4827 sed
2323 4784 2390 4826 ex
2432 4784 2522 4839 se3
2566 4769 2645 4824 sic
2673 4784 2803 4841 ergo
2832 4776 2993 4826 actus
3021 4783 3089 4825 ex
3119 4768 3223 4826 hoc
3255 4775 3527 4847 praecise,

1927 4859 2080 4931 quod
2120 4874 2227 4914 non
2270 4857 2622 4929 prohibetur,
2665 4872 2767 4913 nec
2808 4859 3147 4929 praecipitur
3185 4874 3284 4931 per
3325 4860 3525 4935 legem,

1927 4966 2037 5007 non
2066 4948 2231 5006 habet
2255 4964 2286 5003 a
2312 4946 2463 5020 lege,
2506 4945 2655 5018 quod
2693 4949 2765 5003 sit
2798 4948 3133 5019 permissus,
3165 4947 3261 5004 sed
3284 4947 3334 5005 id
3365 4949 3530 5009 habet

1927 5055 1996 5095 ex
2017 5054 2095 5095 se.
2121 5037 2197 5096 Ut
2216 5051 2351 5109 ergo
2372 5038 2442 5091 sit
2463 5035 2682 5107 proprie
2704 5038 3002 5108 permissus
3018 5052 3115 5110 per
3138 5036 3334 5110 legem,
3360 5054 3525 5111 opor-

1928 5135 2040 5201 tet,
2073 5133 2135 5184 ut
2160 5128 2280 5199 ipsa
2306 5124 2587 5197 permissio
2616 5125 2959 5201 stabiliatur,
2984 5132 3042 5183 et
3069 5127 3317 5184 firmetur
3335 5128 3525 5201 aliquo

1901 5216 2150 5293 ⁴decreto
2180 5222 2238 5275 et
2262 5213 2548 5277 voluntate
2574 5213 2927 5291 legislatoris;
2960 5222 3017 5273 et
3042 5222 3175 5275 tunc
3205 5222 3357 5276 recte
3388 5218 3529 5277 dici-
