4325 6267
1832 272 2045 352 carn-r
2072 308 2188 356 xv·

934 408 1215 479 CAPUT
1262 414 1410 483 XV.

402 611 619 667 Utrum
647 615 810 670 Deus
836 613 1186 689 dispensare
1205 624 1399 693 possit
1424 626 1486 679 in
1514 623 1638 699 [eye
1665 630 1943 687 naturali

708 706 895 761 etiam
922 704 997 777 de
1024 706 1303 767 absoluta
1320 718 1634 785 potestate.

926 898 1409 967 summarium

367 1082 416 1133 1.
440 1084 590 1138 Ratio
612 1088 1076 1142 difficultatis—9..
1092 1095 1297 1158 Triplex
1316 1096 1658 1163 distinguitur
1676 1104 1803 1155 ordo
1822 1119 1967 1170 prae-

429 1164 697 1219 ceptorum
722 1162 1137 1211 naturalium.—
1157 1164 1207 1213 3.
1239 1165 1405 1217 Prima
1429 1174 1684 1221 sententia
1700 1209 1715 1233 ,
1743 1188 1875 1238 quac
1892 1176 1967 1226 af-

430 1224 618 1287 firmat,
657 1229 813 1279 Deum
852 1244 995 1293 posse
1020 1232 1314 1296 dispensare
1341 1237 1393 1286 in
1417 1242 1653 1291 omnibus
1676 1248 1966 1308 praeceptis

434 1298 778 1348 naturalibus.
801 1326 873 1334 —
890 1301 944 1349 4.
973 1300 1226 1352 Reiicitur
1252 1303 1373 1355 haec
1396 1312 1671 1360 sententia.
1693 1339 1761 1348 —-
1783 1314 1834 1363 δ.
1862 1316 1965 1365 Ab·

432 1364 674 1425 surdum‚
701 1368 837 1430 quod
863 1370 1100 1432 sequitur
1124 1384 1186 1421 ex
1212 1374 1495 1437 improbata
1518 1383 1794 1443 sententia,
1823 1384 1961 1433 scili—

430 1439 515 1481 cet
527 1448 671 1497 posse
684 1436 837 1486 Deum
856 1441 1151 1503 praecipere
1172 1448 1231 1491 ut
1250 1444 1465 1505 ipsemet
1485 1448 1601 1498 odio
1620 1448 1964 1503 habeatur.—

426 1502 479 1552 6.
505 1504 735 1553 Secunda
761 1506 952 1569 opinio,
982 1522 1114 1573 quae
1140 1512 1377 1575 affirmat,
1404 1523 1673 1581 praecepta
1700 1520 1957 1583 Decalogi,

427 1584 559 1633 qnae
583 1573 828 1623 dicuntur
851 1578 1103 1628 secundae
1130 1580 1364 1644 tabulae,
1392 1584 1677 1648 dispensari
1696 1603 1841 1653 posse
1867 1596 1959 1655 p'er

427 1640 613 1703 Deum,
654 1657 752 1693 non
796 1657 919 1695 vero
960 1648 1173 1711 primae.
1197 1676 1266 1687 —
1286 1652 1335 1702 7.
1382 1652 1636 1706 Βθίἰοίιυι·
1677 1658 1865 1722 opinio.
1887 1687 1958 1696 —

424 1710 476 1759 8.
506 1711 614 1760 Non
654 1718 849 1763 tantum
886 1725 1157 1780 praecepta
1190 1733 1313 1783 erga
1339 1722 1497 1773 Deum
1521 1730 1954 1779 suntnecessaria

424 1778 489 1828 de
514 1780 629 1837 iure
648 1789 861 1833 naturae
875 1819 889 1844 ,
912 1785 1001 1835 sed
1020 1787 1173 1837 etiam
1196 1789 1413 1852 plurima
1432 1806 1556 1856 erga
1580 1797 1956 1858 proximum.—

424 1847 476 1898 9.
505 1848 697 1901 Satisfit
717 1854 1033 1915 argumentis
1050 1856 1292 1908 Scoti.-—
1309 1861 1392 1911 10.
1416 1863 1590 1913 Tertia
1610 1866 1802 1930 opini0,
1823 1880 1953 1932 quae

420 1918 634 1968 affirmat
655 1956 671 1981 ‚
701 1922 1113 1985 indispensabilia
1150 1938 1262 1977 esse
1302 1939 1572 1995 praecepta
1598 1936 1835 1997 negativa
1862 1938 1954 1987 De-

420 1988 585 2050 calogi
600 2025 615 2049 ,
643 1996 849 2054 praeter
871 1994 1105 2055 quintum
1132 2005 1462 2061 praeceptum
1478 2037 1493 2061 ,
1516 2003 1650 2065 quod
1674 2018 1791 2055 cum
1817 2006 1950 2056 affir-

417 2057 621 2107 mativis
656 2059 939 2123 dispensari
978 2070 1165 2125 potest.
1185 2092 1253 2101 —-
1278 2068 1361 2117 11.
1390 2070 1657 2123 Durandus
1680 2075 1778 2135 ait,
1805 2088 1951 2139 prae-

414 2132 561 2188 cepta
588 2128 779 2191 primae
801 2130 1009 2181 tabulae
1032 2145 1143 2183 aese
1168 2134 1583 2200 indispensabilia
1604 2178 1618 2201 ,
1647 2156 1747 2192 non
1773 2146 1845 2193 ita
1874 2152 1948 2195 ta-

418 2208 533 2243 men
558 2196 808 2247 secundae
832 2200 1057 2251 tabulae.
1074 2229 1145 2239 —
1168 2203 1250 2254 12.
1280 2206 1469 2267 Quarta
1496 2211 1688 2273 opinio,
1713 2226 1845 2276 quae
1870 2213 1945 2263 at-

314 2306 323 2311 .
415 2262 581 2317 firmat
598 2301 613 2325 ,
640 2268 805 2316 omnia
832 2277 1103 2333 praecepta
1129 2273 1365 2337 Decalogi
1390 2291 1489 2327 non
1513 2292 1661 2341 posse
1686 2281 1946 2345 dispensa-

420 2334 497 2393 ri,
522 2335 679 2384 etiam
702 2335 766 2385 de
793 2340 1020 2401 potentia
1047 2340 1136 2390 Dei
1162 2344 1595 2399 absoluta.—13.
1619 2350 1809 2411 Quarta
1830 2366 1944 2401 sen-

416 2404 577 2452 tentia
612 2404 955 2468 adprobatur,
992 2416 1045 2458 et
1081 2412 1387 2473 explicatur.
1409 2442 1479 2453 --
1501 2417 1585 2467 14.
1623 2418 1944 2471 Probabilior

414 2474 666 2522 sententia
700 2481 808 2537 est,
848 2476 1025 2527 Oseam
1048 2487 1312 2543 coaptasse
1336 2488 1660 2536 meretricem
1686 2490 1735 2537 in
1768 2492 1943 2540 coniu-

410 2543 709 2603 gem—15.
738 2546 875 2606 Quae
895 2555 1163 2611 praecepta
1184 2557 1397 2603 naturae
1416 2555 1521 2605 sint
1541 2558 1745 2608 omnino
1766 2559 1961 2609 numu--

414 2611 608 2659 tabilia.
632 2639 701 2649 -
723 2614 807 2665 16.
848 2615 923 2663 An
962 2619 1121 2680 possit
1160 2620 1294 2671 Deus
1317 2624 1599 2675 concedere
1628 2628 1705 2677 vel
1732 2630 1942 2691 permit-

416 2684 527 2729 tere
553 2681 737 2743 alicui,
762 2688 820 2732 ut
841 2698 933 2747 per
961 2692 1119 2737 totam
1144 2691 1502 2742 aeternitatem
1526 2696 1724 2747 nullum
1749 2705 1939 2748 mot-um

412 2748 599 2799 bonum
623 2759 861 2803 exerceat
897 2755 1035 2804 eirca
1062 2756 1246 2819 ipsum.
1268 2787 1339 2797 —-
1364 2762 1445 2812 17.
1475 2764 1585 2825 Quo
1609 2778 1762 2817 sensu
1787 2768 1938 2819 divus

410 2817 697 2871 Bernartius
734 2825 1044 2886 asseruerit,
1072 2836 1341 2891 praecepta
1376 2834 1629 2883 secundae
1669 2836 1873 2887 tabulae
1908 2850 1937 2887 a

410 2886 513 2939 Deo
548 2902 695 2951 posse
731 2893 939 2941 mutari.
962 2920 1033 2930 —
1056 2896 1137 2944 18.
1170 2897 1245 2946 An
1269 2905 1413 2949 extra
1440 2901 1743 2966 Decalogum
1767 2906 1937 2970 aliqua

408 2956 512 3006 sint
530 2966 805 3023 praecepta
826 2968 1201 3027 naturae‚quae
1220 2966 1505 3031 dispensari
1525 2975 1719 3035 possint
1740 2987 1831 3038 per
1850 2990 1938 3039 po-

410 3028 621 3076 tentiam
668 3029 915 3080 divinam.
944 3058 1013 3067 —
1036 3033 1119 3083 19.
1166 3035 1429 3089 Resolutio
1446 3074 1461 3096 ,
1504 3040 1661 3091 Deum
1703 3043 1756 3092 in
1795 3045 1937 3095 nullo

404 3102 679 3161 praecepto
702 3104 917 3149 naturae
942 3114 1089 3163 posse
1116 3107 1321 3167 proprie
1347 3107 1663 3172 dispensare.

416 3271 468 3325 1.
499 3269 657 3324 Ratio
697 3268 978 3328 dubitandi
1018 3260 1291 3348 est,‘quia
1320 3282 1495 3335 omnis
1526 3282 1803 3355 legislator
1832 3302 1932 3357 po-

329 3360 439 3412 test
474 3356 526 3411 iu
557 3373 659 3415 sua
687 3358 804 3431 lege
831 3361 1145 3433 dispensare
1174 3368 1321 3438 quod
1364 3369 1413 3424 in
1446 3370 1683 3429 humano
1716 3373 1929 3446 legisla-

298 3514 301 3517 ,
329 3450 449 3501 tore
497 3453 608 3503 tam
635 3451 962 3520 generaliter
997 3459 1054 3509 et
1093 3456 1207 3511 sine
1246 3461 1563 3529 exceptione
1595 3461 1699 3518 hoc
1732 3478 1924 3519 verum

328 3532 519 3605 habet,
566 3542 629 3593 ut
669 3538 883 3594 etiamsi
925 3541 1130 3615 absque
1173 3559 1343 3603 causa
1378 3546 1685 3621 dispenset,
1716 3551 1925 3609 sactum

328 3629 539 3695 teneat,
569 3641 703 3699 ergo
736 3629 910 3685 multo
942 3632 1113 3702 magis
1142 3635 1193 3689 in
1227 3638 1362 3708 Deo,
1387 3653 1519 3710 ergo
1550 3656 1680 3696 cum
1711 3642 1823 3713 ipse
1852 3644 1925 3699 sit

324 3717 526 3768 auctor
548 3716 810 3771 naturalis
840 3717 979 3791 legis
996 3760 1011 3791 ,
1037 3725 1239 3791 poterit
1259 3726 1311 3779 in
1334 3740 1396 3782 ea
1419 3726 1755 3799 dispensare.
1781 3733 1922 3787 Con-

323 3799 603 3873 firmatur,
636 3804 759 3876 quia
806 3807 884 3861 ita
924 3808 1119 3865 secisse
1160 3812 1370 3869 videtur
1396 3806 1761 3887 dispensando
1792 3838 1921 3879 cum

322 3888 653 3963 Abrahamo‚
686 3892 737 3947 in
760 3894 953 3966 quinto
984 3906 1270 3971 praecepto
1301 3904 1572 3977 Decalogi,
1601 3909 1791 3965 Genes.
1822 3916 1919 3982 22,

320 3983 377 4033 et
404 3994 532 4035 cum
562 3982 702 4038 Osea
728 3983 779 4037 in
815 3988 869 4054 6,
892 3988 1109 4057 quaudo
1132 3988 1207 4045 illi
1232 3994 1506 4065 praecepit
1526 3998 1775 4069 accipere
1797 4017 1919 4057 mu-

320 4067 502 4125 lierem
549 4069 929 4143 fornicariam,
975 4078 1146 4134 Oseae
1186 4082 1245 4150 2,
1289 4088 1501 4139 etcum
1529 4086 1644 4141 liliis
1672 4090 1837 4145 lsrael
1865 4092 1919 4147 in

320 4160 551 4229 septimo
569 4201 583 4228 ,
614 4161 837 4232 quando
863 4179 927 4221 ex
950 4166 1043 4221 Dei
1070 4166 1331 4226 facultate
1359 4172 1729 4243 spoliaverunt
1753 4180 1921 4256 AEgy-

315 4247 461 4318 ptios
487 4288 501 4313 ,
536 4250 705 4307 Exod.
746 4254 831 4310 12.

392 4344 449 4396 2.
484 4340 889 4411 Distinguamus
928 4350 1039 4401 tres
1068 4348 1286 4405 ordines
1310 4362 1730 4426 praeceptorum
1758 4364 1916 4414 natu-

314 4427 539 4484 ralium:
566 4430 833 4501 quaedam
884 4440 1016 4490 sunt
1043 4438 1499 4497 universalissima
1528 4446 1819 4517 principia,
1855 4454 1915 4504 ut

312 4516 519 4572 malum
548 4516 856 4575 iaciendum
891 4536 997 4577 non
1029 4530 1143 4595 est,
1170 4531 1226 4581 et
1246 4525 1450 4585 bonum
1473 4538 1557 4587 est
1580 4549 1912 4607 prosequen-

308 4604 471 4662 dum:
504 4608 772 4679 quaedam
817 4626 945 4666 vero
977 4619 1104 4669 sunt
1131 4615 1517 4675 conclusiones
1548 4622 1905 4697 immediatae,

308 4701 369 4751 et
393 4698 613 4752 omnino
640 4697 935 4756 intrinsece
976 4701 1305 4763 coniunctae
1332 4706 1497 4763 dictis
1527 4712 1821 4783 principiis,
1848 4722 1910 4771 ut

308 4791 609 4857 praecepta
655 4788 930 4861 Decalogi.
974 4791 1033 4845 In
1064 4794 1223 4849 tertio
1254 4794 1439 4852 ordine
1467 4804 1597 4854 sunt
1625 4800 1727 4855 alia
1754 4817 1911 4872 prae-

305 4881 467 4945 cepta
488 4918 501 4943 ,
532 4890 675 4948 quae
700 4876 875 4933 multo
898 4879 1070 4950 magis
1094 4888 1225 4938 sunt
1250 4891 1459 4942 remota
1482 4902 1513 4943 a
1536 4888 1721 4959 primis
1750 4893 1899 4962 prin-

306 4962 610 5035 cipiis,imo
638 4972 695 5021 et
720 4964 787 5020 ab
816 4965 947 5037 ipsis
978 4969 1227 5043 Decalogi
1258 4977 1582 5045 praeceptis,
1608 4977 1675 5033 de
1698 4979 1899 5050 quibus

303 5059 496 5125 postea
522 5054 767 5125 exempla
795 5072 1077 5127 ponemus.
1105 5061 1180 5116 De
1208 5061 1392 5132 primis
1422 5079 1529 5120 non
1556 5072 1639 5121 est
1660 5076 1885 5126 contro-

306 5143 480 5200 versia
521 5144 665 5201 inter
705 5151 992 5221 auctores,
1038 5164 1161 5207 nam
1202 5158 1420 5209 certum
1460 5161 1574 5227 est,
1607 5156 1659 5213 in
1694 5172 1759 5215 ea
1790 5176 1898 5217 non

3440 304 3564 368 133

2045 430 2243 489 cadere
2285 431 2743 507 dispensationem
2789 447 3048 513 respectu
3099 444 3334 501 hominis
3381 444 3548 502 libere
3589 454 3645 505 et

2046 521 2324 578 moraliter
2349 528 2640 596 operantis.
2666 531 2801 603 Nam
2824 533 2867 587 si
2887 535 3030 589 Deus
3054 533 3235 605 saciat,
3266 542 3326 592 ut
3357 536 3519 593 homo
3543 554 3635 593 ca-

2044 616 2163 665 reat
2190 615 2332 667 omni
2357 616 2666 686 operatione
2691 621 2882 675 morali
2907 664 2920 691 ,
2947 622 3176 680 liberum
3215 640 3378 680 usum
3413 627 3637 682 rationis

2041 703 2097 753 et
2118 699 2409 759 voluntatis
2441 705 2800 779 impediendo,
2825 719 3185 768 excusaretur
3210 712 3374 769 homo
3398 714 3464 771 ab
3487 716 3635 771 omni

2042 785 2160 859 lege
2185 792 2436 861 naturali,
2462 796 2589 865 quia
2612 812 2713 851 nec
2738 796 2895 866 bene,
2923 815 3020 855 nec
3043 801 3180 857 male
3208 802 3484 859 moraliter
3507 820 3635 875 ope-

2038 878 2147 932 rari
2181 888 2394 951 posset,
2425 890 2602 939 tamen
2631 886 2723 941 illa
2765 902 2870 943 non
2899 897 3044 946 esset
3070 888 3402 961 dispensatio
3431 894 3484 948 in
3515 894 3632 965 lege

2038 972 2292 1039 naturae,
2324 971 2416 1027 sed
2447 979 2593 1028 esset
2618 976 2879 1047 impedire
2908 978 3241 1048 subiectum,
3274 996 3338 1036 ne
3366 988 3511 1037 esset
3539 999 3629 1038 ca-

2036 1070 2140 1126 pax
2169 1057 2510 1131 obligationis
2537 1062 2716 1135 iltius,
2744 1065 2888 1121 sicut
2915 1083 3064 1123 nunc
3097 1068 3268 1123 infans
3292 1084 3396 1124 non
3421 1070 3627 1143 obliga-

2035 1150 2127 1199 tur
2156 1148 2369 1219 proprie
2398 1148 2514 1222 lege
2544 1152 2797 1209 naturali.
2829 1158 2900 1210 At
2929 1171 3058 1211 vero
3101 1157 3144 1212 si
3175 1156 3336 1213 homo
3369 1158 3626 1232 relinqui·

2036 1238 2127 1289 tur
2156 1250 2328 1306 capax
2359 1238 2556 1295 liberae
2588 1244 2950 1315 operationiS,
2979 1246 3184 1302 absolvi
3216 1264 3321 1303 non
3353 1255 3532 1319 potest
3559 1252 3628 1306 ab

2030 1324 2287 1395 ,omnibus
2327 1326 2431 1381 illis
2475 1328 2744 1400 principiis
2786 1331 2919 1405 legis
2951 1340 3210 1405 naturae3
3261 1338 3421 1407 quia,
3454 1339 3626 1407 posita

2032 1425 2384 1487 quacumque
2411 1416 2814 1489 dispensatione
2838 1461 2852 1491 ,
2877 1438 3103 1478 necesse
3131 1432 3239 1495 est,
3273 1425 3448 1482 utilia
3479 1429 3626 1499 prin-

2031 1498 2170 1575 cipia
2198 1503 2306 1557 sint
2330 1504 2520 1576 regula
2549 1506 2771 1564 honeste
2811 1511 3097 1584 operandi3
3130 1512 3211 1567 vel
3240 1514 3385 1569 enim
3413 1515 3626 1587 dispen-

2028 1591 2166 1665 sptio
2206 1591 2335 1647 facit
2372 1596 2774 1664 operationem,
2809 1599 2891 1656 vel
2920 1602 3218 1657 carentiam
3245 1602 3362 1657 eius
3395 1603 3614 1677 licitam,

2029 1675 2109 1732 vel
2150 1694 2256 1735 non
2287 1681 2448 1754 facit,
2492 1684 2535 1739 si
2565 1701 2669 1741 non
2703 1687 2866 1757 facit,
2897 1688 3049 1745 nulla
3075 1697 3160 1745 est
3187 1689 3546 1764 dispensatim
3579 1695 3623 1750 si

2024 1782 2153 1821 vero
2183 1768 2310 1825 facit
2333 1812 2348 1839 ,
2371 1788 2594 1830 necesse
2623 1783 2742 1846 est,
2769 1783 2832 1832 ut
2860 1779 2995 1834 ratio
3027 1777 3249 1848 iudicet,
3285 1780 3372 1837 hic
3395 1788 3451 1838 et
3473 1798 3620 1839 nunc

2022 1859 2394 1926 operationem
2435 1878 2555 1919 esse
2597 1866 2829 1939 licitam3
2862 1882 2995 1938 ergo
3023 1867 3350 1939 dispensatio
3383 1887 3490 1926 non
3522 1888 3620 1943 po·

2022 1950 2130 2001 test
2167 1946 2360 2003 cadere
2401 1952 2454 2006 in
2499 1951 2632 2009 illud
2673 1956 3036 2026 principium:
3083 1956 3288 2013 bonum
3316 1967 3400 2014 est
3428 1975 3616 2031 prose-

2018 2034 2487 2111 quendum3quod
2517 2042 2752 2113 amplius
2781 2060 2846 2100 ex
2877 2044 3128 2101 dicendis
3159 2047 3448 2105 constabit.
3479 2052 3618 2107 Con·
3723 2082 3730 2087 ·

2020 2125 2288 2181 troversia
2315 2142 2447 2201 ergo
2475 2137 2557 2186 est
2585 2130 2651 2188 de
2683 2132 2796 2188 aliis
2826 2133 3048 2191 duobus
3076 2135 3356 2192 ordinibus
3387 2154 3610 2210 praece-

2016 2219 2234 2285 ptorum
2259 2258 2273 2287 ,
2304 2224 2362 2274 et
2390 2222 2710 2289 praesertim
2742 2229 3016 2280 tractatur
3038 2240 3068 2281 a
3089 2223 3412 2281 doctoribus
3435 2226 3500 2284 de
3525 2244 3611 2284 se·

2014 2303 2228 2373 cundo,
2262 2322 2386 2362 nam
2424 2308 2490 2364 de
2528 2310 2687 2366 tertio
2728 2327 2908 2383 pauca
2934 2312 3159 2385 dicunt,
3191 2320 3246 2369 et
3274 2314 3390 2371 ideo
3421 2316 3471 2372 in
3500 2317 3603 2373 line

2015 2389 2251 2449 breviter
2277 2395 2423 2452 illam
2452 2398 2826 2470 expediemus.

2092 2486 2144 2539 3.
2179 2484 2277 2540 Est
2303 2502 2432 2557 ergo
2455 2489 2628 2558 prima
2651 2491 2916 2548 sententia
2953 2492 3278 2564 generaliter
3300 2493 3599 2568 affirmans,

2011 2587 2170 2643 posse
2200 2576 2369 2631 Deum
2397 2576 2712 2649 dispensare
2744 2582 2794 2635 in
2825 2582 3080 2638 omnibus
3102 2584 3407 2655 praeceptis
3429 2588 3602 2642 Deca-

2010 2658 2135 2733 logi.
2168 2662 2316 2730 Quae
2345 2675 2748 2739 consequenter
2777 2670 2888 2742 ait,
2915 2686 3021 2727 non
3046 2671 3225 2727 solum
3249 2687 3408 2743 posse
3430 2676 3603 2730 Deum

2008 2747 2348 2823 dispensare,
2391 2755 2488 2811 sed
2526 2756 2688 2813 etiam
2733 2758 2999 2831 abrogare
3029 2767 3198 2817 totam
3229 2761 3374 2818 illam
3405 2762 3598 2835 legem,

2008 2839 2300 2897 auferendo
2342 2845 2561 2901 omnino
2595 2840 2722 2902 'eius
2765 2848 3143 2919 obligationem
3177 2850 3258 2905 vel
3289 2850 3604 2921 prohihitio-

2006 2941 2149 2987 nem.
2195 2929 2313 2997 Quo
2355 2931 2530 3003 sacto,
2574 2935 2753 3007 inquit
2794 2934 2929 2992 haec
2967 2938 3186 3010 opinio,
3221 2939 3406 2995 sutura
3436 2940 3600 2997 fuisse

2007 3015 2152 3071 licita
2182 3020 2394 3090 omnia,
2427 3036 2570 3094 quae
2601 3022 2683 3078 lex
2713 3032 2942 3080 naturae
2971 3026 3254 3096 prohibet,
3300 3036 3599 3099 quantum-

2005 3106 2083 3159 vis
2113 3106 2255 3162 mala
2297 3124 2442 3164 nunc
2481 3125 2602 3166 esse
2632 3112 2932 3168 videantur.
2963 3114 3042 3169 Ex
3073 3130 3184 3186 quo
3205 3114 3434 3173 tandem
3464 3132 3597 3173 con-

2002 3192 2208 3265 cludit,
2241 3212 2350 3253 non
2381 3198 2560 3254 solum
2591 3216 2750 3271 posse
2783 3203 2952 3257 Deum
2985 3202 3117 3258 haec
3150 3219 3254 3258 non
3284 3203 3590 3276 prohibere,

2001 3282 2097 3339 sed
2136 3286 2300 3341 etiam
2343 3290 2699 3360 praecipere,
2744 3296 2806 3346 ut
2853 3292 3009 3361 liant3
3055 3292 3184 3363 quia
3223 3292 3267 3346 si
3309 3294 3448 3348 mala
3488 3310 3596 3350 non

1999 3380 2149 3446 sunt,
2177 3376 2272 3432 sed
2295 3375 2458 3449 licita,
2485 3395 2590 3435 cur
2613 3396 2719 3435 non
2745 3381 2949 3451 poterit
2969 3380 3057 3437 illa
3079 3380 3424 3453 praecipere?
3446 3384 3593 3440 Haec

1998 3462 2097 3518 suit
2139 3468 2404 3521 sententia
2447 3468 2673 3523 Ocham.
2719 3468 2768 3523 in
2813 3474 2842 3526 2
2871 3510 2886 3539 ,
2927 3484 2984 3541 q.
3031 3472 3127 3538 19,
3160 3469 3227 3526 ad
3257 3476 3312 3527 3.
3343 3470 3592 3543 dubium,

1996 3567 2159 3624 quem
2201 3560 2452 3628 sequitur
2492 3560 2686 3614 Petrus
2728 3558 2796 3614 de
2837 3558 3023 3614 Aliaco
3054 3559 3104 3614 in
3141 3564 3201 3629 1,
3231 3559 3363 3615 dist.
3408 3564 3505 3624 14,
3537 3568 3595 3618 et

1995 3640 2166 3700 Andr.
2197 3641 2264 3700 de
2301 3646 2478 3701 Castr.
2513 3647 2664 3703 Novo
2703 3646 2754 3702 in
2795 3653 2851 3718 t,
2883 3646 2940 3703 d.
2974 3652 3082 3719 -18,
3114 3664 3171 3721 q.
3214 3652 3272 3721 1,
3304 3655 3410 3705 art.
3451 3654 3466 3707 1
3495 3691 3510 3723 ,
3539 3657 3597 3707 et

1994 3730 2221 3789 inclinat
2246 3736 2474 3792 Gerson.
2507 3736 2794 3808 Alpbabet.
2825 3742 2916 3808 71,
2941 3736 3016 3793 lit.
3049 3739 3111 3794 E.
3140 3744 3195 3794 et
3215 3742 3274 3794 F.
3303 3739 3586 3797 Almainus

1990 3822 2150 3877 etiam
2195 3827 2250 3879 3.
2301 3822 2522 3881 Moral.
2569 3828 2748 3895 capite
2785 3830 2884 3897 15,
2930 3832 2994 3882 ut
3022 3824 3354 3897 probabilem
3385 3834 3591 3886 tractat

1992 3909 2130 3966 hanc
2160 3911 2499 3985 opinionem,
2535 3921 2722 3985 postea
2755 3930 2884 3971 vero
2913 3914 3058 3971 illam
3098 3916 3296 3971 reiicit.
3329 3917 3584 3973 Fundan-

1991 4004 2087 4054 tur
2112 4000 2438 4071 praecipue,
2470 4003 2596 4074 quia
2629 4002 2840 4067 omnia,
2872 4018 3009 4075 quae
3039 4002 3247 4059 cadunt
3277 4004 3382 4060 sub
3413 4004 3588 4075 legem

1990 4095 2242 4160 naturae,
2267 4106 2373 4145 non
2399 4097 2530 4146 sunt
2553 4091 2717 4162 mala,
2738 4093 2838 4149 nisi
2861 4095 2991 4165 quia
3009 4092 3370 4163 prohibentur
3397 4107 3427 4148 a
3451 4096 3582 4165 Deo,

1986 4184 2043 4233 et
2072 4178 2184 4248 ipse
2215 4178 2381 4234 libere
2409 4180 2491 4235 illu
2523 4179 2795 4252 prohibet,
2820 4197 2948 4237 cum
2983 4183 3054 4237 sit
3080 4196 3374 4251 supremus
3403 4183 3585 4238 Domi-

1986 4282 2091 4322 nus
2114 4276 2172 4322 et
2190 4268 2548 4339 gubernator.
2576 4271 2707 4324 Item
2732 4270 2860 4341 quia
2882 4270 3188 4341 oppositum
3210 4286 3317 4325 non
3341 4270 3584 4340 implicat

1983 4357 2505 4427 contradictionem3
2552 4357 2728 4413 ablata
2769 4358 2910 4413 enim
2942 4357 3334 4430 prohibitione,
3370 4359 3577 4433 reliqua

1984 4444 2166 4500 omnia
2193 4445 2348 4501 facile
2377 4452 2824 4518 consequuntur.

2058 4538 2113 4591 4.
2147 4536 2296 4590 Haec
2339 4551 2464 4590 vero
2507 4536 2773 4591 sententia
2806 4542 3067 4607 tanquam
3095 4535 3230 4593 salsa
3257 4544 3312 4593 et
3340 4538 3580 4596 absurda

1980 4638 2009 4677 a
2040 4624 2265 4697 reliquis
2298 4622 2565 4697 theologis
2595 4624 2856 4681 reiicitur.
2887 4626 2955 4681 Et
2975 4642 3006 4681 a
3035 4627 3198 4697 priori
3222 4628 3578 4699 improbanda

1977 4720 2061 4769 est
2084 4729 2149 4770 ex
2172 4714 2333 4771 dictis
2357 4730 2524 4786 supra
2547 4731 2600 4770 c.
2627 4715 2726 4786 Vl,
2754 4714 2844 4769 ubi
2868 4716 3243 4789 ostendimus,
3275 4718 3448 4789 legem
3482 4734 3577 4776 na-

1977 4804 2242 4875 turalem,
2275 4805 2434 4867 licet,
2469 4810 2529 4859 ut
2555 4812 2639 4862 est
2667 4803 2884 4875 propria
2917 4804 3001 4861 lex
3034 4804 3245 4876 divina,
3278 4815 3574 4878 praecepta

1974 4900 2028 4949 et
2051 4894 2466 4963 prohibitionem
2489 4894 2580 4949 Dei
2602 4890 2871 4966 includat,
2887 4892 3237 4951 nibilominus
3262 4910 3572 4967 supponere

1974 4982 2027 5037 in
2055 5000 2156 5039 sua
2184 4984 2414 5039 materia
2443 4983 2792 5039 intrinsecam
2824 4982 3162 5041 honestatem
3189 4982 3275 5037 vel
3313 4982 3568 5041 malitiam

1971 5072 2039 5127 ab
2066 5088 2127 5129 ea
2156 5088 2388 5143 prorsus
2418 5071 2852 5143 inseparabilem.
2879 5072 2950 5128 Et
2975 5078 3257 5144 praeterea
3287 5071 3356 5127 ibi
3387 5078 3569 5128 osten-

1970 5161 2177 5233 dimus,
2204 5163 2490 5233 supposita
2510 5161 2690 5219 divina
2712 5161 3067 5236 providentia,
3083 5178 3190 5219 non
3214 5176 3374 5235 posse
3395 5164 3568 5219 Deum
