4325 6267
1714 371 1927 422 carm·
1952 371 2105 423 xlx.

268 512 413 564 ctum
438 499 877 560 conditionatum
906 504 1033 557 ante
1058 498 1342 572 impletam
1364 494 1735 558 cenditionem
1762 513 1873 554 non

270 593 675 666 obligat.lfaior
702 588 1024 664 propositio,
1058 602 1155 645 seu
1188 588 1385 644 modus
1410 586 1501 644 ille
1530 587 1871 645 conditiona-

270 691 347 740 tae
372 671 679 740 voluntatis
705 677 962 756 principis
990 680 1261 734 asseritur
1291 677 1357 734 ab
1382 675 1706 733 auctoribus
1734 676 1871 732 cita·

272 775 353 846 tis,
382 771 717 846 praesertim
744 769 953 840 Felino,
982 768 1210 825 Navarr.
1237 767 1466 824 Covarr.
1491 771 1547 824 et
1566 765 1867 838 Dominico,

270 869 321 920 et
342 847 567 919 Garson.
602 867 743 917 tom.
770 863 826 926 3,
852 864 1017 915 tract.
1049 855 1123 914 dc
1147 859 1277 913 vita
1302 857 1497 931 spirit.
1514 853 1641 912 lect.
1658 859 1714 929 4,
1738 855 1871 912 Cor-

272 953 391 1010 dub.
422 954 511 1010 ¹3.
530 951 606 1008 Et
627 950 758 1007 licet
778 947 845 1005 ab
862 948 939 1004 eis
960 962 1069 1003 non
1092 945 1379 1019 probetur,
1404 945 1727 1002 coniectura
1748 959 1871 1000 esse

272 1049 459 1116 potest,
491 1042 631 1114 quia
660 1040 747 1096 lex
769 1037 934 1096 debet
971 1050 1095 1092 esse
1135 1033 1446 1091 communis
1486 1032 1706 1106 regula3
1738 1047 1871 1106 ergo

276 1129 605 1191 credendum
626 1135 739 1201 est,
762 1125 1131 1202 legislatorem
1152 1123 1319 1198 nolle,
1342 1128 1405 1180 ut
1426 1122 1620 1180 babeat
1638 1127 1868 1194 statum,

275 1230 325 1280 et
348 1223 453 1278 vim
482 1221 803 1278 communis
828 1216 1075 1290 regulae,
1099 1213 1271 1272 donec
1294 1229 1327 1270 a
1352 1215 1750 1272 communitate
1779 1227 1872 1268 ac·

278 1317 479 1384 ceptata
506 1311 601 1382 sit,
636 1310 771 1383 quia
796 1322 905 1364 non
934 1313 1020 1362 est
1044 1302 1359 1373 verisimile,
1386 1310 1449 1358 ut
1474 1301 1711 1358 voluerit
1737 1299 1872 1357 obli·

278 1416 433 1474 gare,
463 1404 519 1456 et
557 1412 768 1471 cogere
808 1401 979 1452 totam
1020 1393 1473 1450 communitatem
1514 1390 1740 1447 invitam
1774 1394 1873 1445 aut

281 1491 473 1563 aliquos
498 1489 551 1544 in
580 1485 931 1560 particulari,
958 1483 1093 1540 dum
1120 1482 1207 1540 alii
1236 1482 1429 1538 maiori
1451 1477 1523 1538 'ex
1550 1485 1710 1551 parte
1737 1478 1872 1535 resi·

280 1585 441 1636 stunt.
474 1577 547 1634 Et
572 1576 645 1634 ad
676 1575 827 1632 bunc
868 1583 1093 1630 sensum
1134 1578 1315 1644 potest
1350 1569 1515 1628 etiam
1555 1584 1873 1628 accommo-

282 1667 389 1725 dari
416 1666 747 1724 coniectura
774 1663 1079 1734 Driedonis,
1109 1662 1235 1735 quia
1273 1659 1740 1734 praesumendum
1765 1664 1871 1730 est,

282 1755 631 1829 legislatorem
660 1753 804 1811 nolle
834 1752 1099 1825 obligare,
1126 1751 1169 1806 si
1198 1749 1289 1807 lex
1314 1763 1424 1806 non
1448 1748 1520 1804 sit
1537 1748 1871 1805 conveniens

280 1845 411 1902 bono
439 1841 761 1910 communi,
802 1841 846 1898 si
874 1846 1060 1898 autem
1089 1854 1197 1896 non
1226 1843 1579 1910 acceptatur,
1611 1851 1873 1910 magnum

283 1935 485 2006 signum
512 1942 621 2004 est,
652 1931 835 2005 legem
860 1946 972 1987 non
998 1944 1120 1986 ease
1148 1926 1561 1984 convenientem
1587 1923 1871 1981 communi

282 2021 439 2092 bono,
468 2036 643 2094 ergo.
674 2019 1043 2077 confirmatur
1082 2014 1320 2088 tandem,
1356 2015 1485 2090 quia
1526 2011 1873 2070 consuetudo

282 2118 451 2182 potest
474 2109 749 2183 abrogare
776 2107 953 2182 legem
992 2107 1099 2163 iam
1140 2104 1497 2178 obligantem;
1528 2117 1661 2176 ergo
1701 2101 1875 2158 multo

282 2203 443 2276 magis
470 2201 829 2272 praevenire,
858 2213 925 2255 ne
958 2196 1194 2270 obliget,
1222 2194 1455 2252 maxime
1476 2233 1491 2264 ,
1522 2194 1652 2266 quia
1686 2190 1873 2249 viden·

288 2299 367 2348 tur
406 2289 585 2364 populi
626 2290 681 2346 in
724 2288 829 2346 boc
868 2291 977 2344 iam
1015 2287 1175 2361 quasi
1216 2285 1661 2359 praescripsisse,
1705 2288 1762 2339 et
1800 2283 1875 2338 ita

288 2380 627 2453 acquisivisse
669 2379 758 2436 ius
798 2393 907 2435 non
947 2375 1175 2450 parendi
1216 2375 1455 2448 legibus,
1500 2372 1673 2430 donec
1715 2387 1875 2429 acce·

290 2477 511 2541 ptentur.

358 2565 409 2616 3.
440 2558 697 2618 Secunda
724 2556 987 2614 sententia
1014 2562 1259 2612 extreme
1286 2553 1562 2610 contraria
1582 2556 1687 2622 est,
1710 2566 1869 2608 acce-

290 2649 567 2719 ptationem
595 2663 708 2706 non
736 2662 857 2703 esse
895 2647 1261 2702 necessariam
1304 2641 1372 2704 ad
1414 2641 1548 2715 legis
1590 2641 1873 2715 obligatio·

292 2751 433 2808 nem,
460 2737 545 2794 vel
586 2737 891 2808 perfectam
930 2733 1357 2803 institutionem,
1390 2729 1484 2786 sed
1526 2731 1712 2802 potius
1750 2746 1873 2787 esse

296 2827 555 2898 effectum,
586 2827 684 2901 qui
730 2827 887 2899 sequi
911 2825 1075 2881 debet
1100 2839 1168 2880 ex
1196 2822 1313 2894 lege
1352 2821 1458 2877 iam
1486 2820 1733 2876 instituta
1760 2819 1874 2876 suf-

296 2917 515 2973 ficienter
544 2923 602 2974 et
633 2915 931 2988 obligante.
964 2915 1115 2970 Hanc
1152 2911 1471 2968 sententiam
1513 2915 1659 2967 tenet
1684 2915 1871 2982 aperte

297 3004 564 3062 cardinalis
576 3003 891 3063 Zabarellus
914 3003 967 3060 in
990 3002 1251 3074 prooemio
1271 2999 1537 3057 Clement.
1559 3000 1721 3056 verbo
1740 3003 1875 3056 uni·

296 3097 575 3166 versitati,
610 3100 829 3168 quaest.
862 3098 925 3164 23
960 3093 1035 3149 ait
1058 3091 1233 3160 enim,
1264 3105 1373 3146 non
1402 3089 1767 3160 receptionem
1796 3089 1874 3144 in-

298 3181 531 3242 distincte
561 3183 697 3240 nibil
738 3183 977 3255 operari,
1006 3181 1110 3238 nisi
1146 3185 1387 3236 transeat
1423 3180 1479 3234 in
1518 3176 1875 3236 consuetudi-

298 3287 405 3328 nem
432 3289 463 3329 a
491 3273 803 3347 legislatore
845 3287 951 3328 non
990 3272 1333 3342 ignoratam,
1362 3273 1418 3324 et
1442 3267 1789 3324 Turrecrem.
1819 3269 1874 3324 in

298 3367 327 3425 s
350 3361 489 3423 ideo.
521 3362 655 3420 dist.
688 3367 743 3420 4.
787 3360 977 3417 dicens
1014 3374 1143 3416 cum
1176 3357 1397 3415 Archid.
1429 3363 1485 3414 et
1512 3357 1769 3429 Hugone,
1799 3355 1874 3412 le-

298 3450 589 3520 gislatorem
629 3465 795 3524 posse
834 3446 1164 3520 compellere
1206 3445 1453 3503 subditos
1492 3444 1560 3501 ad
1584 3451 1875 3517 acceptan-

299 3539 407 3596 dam
433 3540 626 3613 legem,
657 3540 789 3614 quia
818 3539 954 3595 alias
982 3543 1223 3610 potestas
1263 3537 1381 3592 eius
1420 3541 1567 3591 esset
1603 3534 1871 3607 illusoria,

298 3629 415 3686 etin
440 3632 463 3700 ξ
488 3629 662 3704 leqes,
698 3629 822 3687 eod.
856 3628 1013 3699 dicit,
1047 3627 1195 3700 leges
1224 3627 1477 3699 accipere
1516 3640 1583 3682 ex
1626 3625 1875 3683 moribus

300 3719 585 3777 firmitatem
615 3715 957 3790 stabilitatis,
985 3732 1093 3773 non
1123 3730 1251 3772 vero
1286 3716 1597 3772 firmitatem
1634 3716 1877 3771 auctori·

300 3809 430 3872 tatis,
460 3807 549 3866 ubi
574 3811 743 3867 etiam
769 3809 937 3865 refert
962 3807 1222 3863 Laurent.
1255 3812 1310 3862 et
1337 3805 1563 3865 Archid.
1605 3805 1871 3878 dicentes,

300 3895 431 3967 leges
454 3897 655 3955 firmari
684 3896 929 3953 moribus
959 3896 1027 3953 de
1056 3895 1226 3967 facto,
1252 3910 1379 3966 nam
1396 3894 1464 3950 de
1486 3895 1605 3952 iure
1630 3895 1763 3950 satis
1786 3896 1874 3951 fir·

302 3993 457 4042 malae
491 3994 620 4045 sunt
662 3987 730 4045 ab
756 3986 871 4058 ipsa
912 3984 1265 4041 institutione.
1300 3973 1571 4056 Idemque
1598 3985 1765 4041 sentit
1804 3983 1873 4042 ibi

300 4080 568 4148 praeposit.
599 4082 658 4134 et
697 4067 935 4133 inclinat=
961 4073 1193 4151 Sylvest.
1240 4074 1387 4131 dicta
1428 4089 1483 4144 q.
1518 4077 1573 4144 6,
1599 4079 1871 4146 quatenus

303 4166 476 4238 sentit,
504 4183 613 4224 non
656 4165 1025 4237 receptionem
1054 4178 1161 4220 non
1192 4163 1381 4220 tollere
1411 4161 1617 4235 legem,
1646 4161 1749 4218 nisi
1776 4177 1871 4234 per

302 4256 505 4313 modum
532 4254 974 4325 consuetudinis,
1006 4253 1227 4327 quando
1256 4252 1511 4326 princeps
1539 4252 1676 4324 scit,
1706 4258 1763 4309 et
1789 4258 1872 4309 to·

302 4341 440 4401 lerat.
469 4347 632 4403 Tenet
656 4346 817 4402 etiam
844 4344 1069 4421 Gregor.
1102 4345 1236 4414 Lop.
1267 4342 1321 4397 in
1351 4341 1388 4399 l.
1422 4346 1508 4411 16,
1536 4343 1619 4398 tit.
1652 4347 1702 4413 1,
1727 4358 1781 4414 p.
1818 4348 1865 4415 1,

302 4447 349 4486 n.
382 4435 434 4503 4,
463 4435 553 4492 ubi
581 4435 770 4507 plures
798 4433 999 4505 refert,
1028 4440 1084 4490 et
1109 4431 1239 4488 dicit
1265 4445 1385 4488 esse
1416 4445 1763 4488 communem
1792 4431 1873 4488 in·

303 4524 571 4580 tentionem
602 4523 901 4581 doctorum
940 4521 1279 4594 loquentium
1320 4521 1372 4577 in
1402 4519 1505 4578 hac
1534 4520 1788 4592 materia,
1817 4526 1873 4578 et

304 4609 423 4666 idern
461 4617 603 4669 tenet
638 4610 833 4670 Redin.
862 4610 997 4669 cod,
1030 4609 1098 4667 de
1127 4613 1301 4667 restit.
1334 4626 1390 4683 q.
1428 4614 1522 4681 36,
1552 4607 1619 4666 ad
1650 4614 1715 4682 ὃς
1747 4611 1873 4668 etsi

303 4705 485 4758 attente
522 4702 772 4776 legatur,
800 4701 943 4760 idem
979 4705 1127 4758 tenet
1159 4700 1354 4757 Castro
1392 4698 1529 4756 libro
1576 4703 1628 4758 1.
1658 4697 1729 4756 de
1756 4699 1864 4773 leq.

298 4789 505 4861 poenal.
538 4808 661 4865 cap.
696 4794 747 4850 ¹.
1502 4863 1515 4874 ο

370 4881 787 4939 Fundamentum
816 4879 983 4936 buius
1010 4876 1307 4939 sententiae
1332 4884 1449 4948 est,
1480 4876 1607 4949 quia
1643 4875 1731 4933 lex
1756 4877 1869 4933 suf·

308 4967 525 5028 ficienter
552 4969 921 5044 promulgata,
944 4976 1001 5025 et
1023 4969 1303 5040 proposita
1326 4967 1393 5023 ab
1414 4966 1646 5024 habente
1678 4973 1877 5036 aucto-,

308 5057 523 5131 ritatem,
556 5059 763 5132 obligat
802 5057 872 5116 ad
909 5059 995 5113 sui
1035 5055 1503 5127 observationem,
1534 5070 1668 5129 ergo
1706 5061 1763 5112 et
1800 5056 1871 5114 ad

311 5148 383 5201 sui
411 5149 869 5222 acceptationem3
898 5161 1030 5220 ergo
1058 5161 1166 5202 non
1196 5151 1281 5202 est
1306 5142 1589 5216 possibile,
1620 5151 1686 5201 ut
1711 5160 1869 5201 acce-

310 5235 455 5305 ptatio
492 5239 560 5296 sit
598 5235 840 5297 conditio
869 5237 1179 5294 necessaria
1199 5235 1269 5293 ad
1290 5234 1672 5308 obligationem
1712 5233 1861 5307 legis.

3327 359 3452 428 229

1942 496 2374 571 Consequentiae
2401 504 2533 558 aunt
2557 498 2762 574 clarae,
2792 500 2922 576 quia
2950 501 3062 560 lieri
3095 516 3202 560 non
3245 507 3448 576 potest,
3481 508 3546 562 ut

1939 586 2174 645 effectus
2202 603 2406 647 causae
2430 591 2514 646 sir
2531 590 2774 649 conditio
2802 591 3114 650 necessaria
3136 591 3188 647 in
3213 591 3328 664 ipsa
3348 606 3540 665 causa,

1938 677 2024 734 vel
2053 675 2123 758 ad
2148 691 2296 751 esse,
2327 677 2410 735 vel
2439 678 2506 736 ad
2539 681 2772 752 operari,
2800 683 2928 754 quia
2953 683 3071 739 talis
3094 680 3330 740 conditio
3353 697 3545 740 neces·

1941 767 2081 824 sario
2110 769 2442 840 supponitur
2469 768 2536 826 ad
2563 770 2840 828 effectum.
2873 772 2944 828 Et
2968 773 3022 827 in
3051 770 3322 844 praesenti
3358 770 3543 830 decla·

1939 863 2119 930 ratur,
2150 859 2281 932 quia
2309 858 2393 916 vel
2423 857 2624 917 subditi
2652 865 2907 918 tenentur
2933 865 3226 934 acceptare
3255 860 3430 934 legem
3472 875 3542 918 ex

1940 948 1993 1004 vi
2023 953 2081 1004 et
2108 947 2437 1023 obligatione
2463 951 2640 1022 ipsius
2669 950 2802 1023 legis
2823 991 2838 1022 ,
2869 957 2923 1008 et
2949 952 3026 1008 sic
3055 950 3273 1010 evidens
3301 957 3418 1023 est,
3451 967 3545 1009 ac-

1940 1037 2306 1108 ceptationem
2327 1054 2436 1094 non
2462 1039 2668 1112 requiri
2696 1037 2763 1094 ad
2791 1038 2986 1112 legem,
3010 1039 3106 1097 sed
3127 1039 3283 1114 sequi
3311 1055 3379 1098 ex
3400 1039 3538 1113 lege;

1940 1126 2025 1184 vel
2054 1133 2139 1184 est
2165 1126 2400 1184 liberum
2431 1127 2662 1186 subditis
2689 1135 3002 1202 acceptare,
3031 1131 3186 1186 etsie
3209 1145 3316 1186 non
3340 1129 3545 1203 obliga-

1940 1216 2153 1274 buntur
2181 1216 2250 1274 ad
2279 1216 2455 1290 legem
2485 1219 2904 1292 acceptandam,
2935 1220 3098 1275 cuius
3125 1218 3462 1275 contrarium
3489 1219 3543 1276 in

1940 1307 2117 1379 primo
2156 1307 2497 1365 antecedenti
2534 1309 2894 1380 sumpsimus.
2919 1308 3210 1365 ‚Probatur
3244 1322 3377 1380 ergo
3405 1306 3543 1366 illud

1940 1394 2306 1463 antecedens,
2340 1395 2466 1468 quia
2503 1396 2556 1451 in
2593 1411 2851 1468 supremo
2895 1394 3206 1470 legislatore
3245 1411 3354 1452 non
3393 1393 3547 1454 deest

1940 1488 2214 1557 potestas,
2242 1489 2298 1540 et
2325 1491 2510 1556 potest
2534 1500 2641 1541 non
2671 1485 2862 1543 deesse
2903 1484 3179 1557 voluntas3
3209 1492 3266 1542 et
3291 1483 3540 1542 iudican-

1941 1569 2075 1628 dum
2103 1579 2226 1642 est,
2256 1588 2366 1630 non
2405 1573 2615 1645 deesse,
2647 1571 2868 1648 quando
2911 1573 3160 1631 absolute
3200 1573 3307 1631 fert
3345 1574 3538 1647 legem3

1942 1666 2160 1718 tantum
2189 1663 2332 1718 enim
2357 1677 2424 1718 ex
2453 1661 2533 1718 his
2563 1661 2782 1720 duobus
2811 1663 3090 1736 principiis
3119 1662 3254 1720 baec
3285 1661 3542 1736 obligatio

1940 1748 2166 1822 pendet,
2193 1757 2254 1806 ut
2275 1756 2426 1808 recte
2447 1751 2697 1808 sumebat
2720 1752 2993 1809 contraria
3014 1751 3212 1823 opinio.
3232 1749 3388 1812 Unde
3409 1767 3544 1809 con·

1941 1843 2025 1894 tra
2052 1836 2165 1895 duo
2194 1837 2546 1896 fundamenta
2573 1841 2693 1897 eius
2721 1839 3032 1913 probandae
3072 1845 3203 1898 sunt
3241 1838 3382 1898 duae
3417 1857 3544 1914 par·

1941 1932 2023 1984 tes
2051 1933 2388 1999 assumptae.

2021 2016 2080 2070 ln
2110 2016 2292 2087 prima
2320 2021 2576 2075 notanter
2615 2016 2724 2074 dixi
2763 2020 2833 2074 in
2871 2033 3144 2092 supremo
3181 2015 3536 2092 leytslatore,

1943 2104 2073 2178 quia
2098 2104 2322 2161 inferior
2365 2109 2721 2178 magistratus
2761 2112 2945 2179 potest
2983 2107 3182 2165 babere
3220 2108 3542 2168 facultatem

1942 2191 2224 2251 limitatam
2254 2193 2358 2251 sub
2391 2194 2484 2250 tali
2521 2194 2604 2250 vel
2635 2195 2722 2252 tali
2754 2195 3092 2254 conditione.
3125 2199 3239 2255 lmo
3268 2200 3318 2255 in
3349 2199 3542 2272 aliqui-

1948 2283 2053 2339 bus
2080 2284 2404 2355 proviuciis,
2439 2284 2567 2342 licet
2592 2291 2688 2356 per
2717 2301 2874 2359 reges
2899 2279 3312 2360 gubernentur,
3342 2285 3543 2354 dicitur

1943 2386 2055 2428 non
2100 2387 2224 2429 esse
2265 2371 2526 2430 translata
2577 2376 2628 2430 in
2670 2390 2854 2449 regem
2895 2376 3146 2435 absoluta
3187 2383 3428 2450 potestas
3466 2380 3543 2437 fe·

1942 2460 2094 2517 rendi
2120 2461 2290 2534 leges,
2320 2463 2415 2520 sed
2447 2462 2625 2520 solum
2653 2479 2785 2520 cum
2814 2480 3089 2522 consensu
3111 2465 3264 2541 regni
3285 2467 3337 2524 in
3361 2467 3539 2539 publi-

1942 2551 2025 2606 cis
2054 2551 2284 2608 comitiis
2309 2552 2448 2624 eius,
2482 2558 2544 2609 ut
2569 2549 2777 2610 dicitur
2803 2568 2926 2612 esse
2953 2557 3006 2610 in
3035 2555 3199 2628 regn'o
3212 2559 3539 2630 Aragoniae.
3613 2583 3630 2598 ·
3739 2559 3748 2568 ⁴

1941 2639 2010 2696 Et
2038 2646 2172 2697 tunc
2204 2629 2396 2698 vei-um
2425 2649 2541 2712 est,
2574 2643 2780 2716 requiri
2809 2644 2991 2718 aliquo
3022 2646 3184 2716 modo
3213 2649 3544 2719 acceptatio-

1942 2745 2071 2786 nem
2098 2731 2252 2802 regni
2280 2731 2347 2788 ad
2377 2733 2612 2802 valorem
2643 2732 2806 2808 legis;
2837 2741 3016 2792 tamen
3045 2737 3205 2794 etiarn
3233 2738 3286 2794 in
3312 2753 3378 2794 eo
3403 2754 3540 2797 casu

1942 2834 2051 2875 non
2076 2827 2163 2876 est
2189 2820 2276 2877 illa
2299 2822 2628 2896 acceptatio,
2659 2823 2726 2881 de
2745 2839 2858 2896 qua
2880 2841 3028 2882 nunc
3053 2832 3380 2898 tractamus,
3409 2830 3540 2902 quia

1942 2924 2050 2965 non
2080 2915 2166 2966 est
2192 2924 2535 2984 consequens
2563 2911 2630 2968 ad
2654 2913 3126 2972 institutionem-et
3147 2916 3540 2992 promulgatio-

1941 3013 2068 3056 nem
2098 2999 2254 3072 legis,
2285 3016 2387 3057 nec
2415 3008 2503 3058 est
2533 3015 2570 3057 a
2593 3002 2823 3060 subditis
2843 3043 2858 3074 ,
2889 3010 2952 3060 ut
2979 3005 3112 3061 tales
3140 3013 3298 3074 suut,
3333 3005 3429 3063 sed
3453 3011 3541 3063 est

1942 3102 2248 3146 consensus
2275 3089 2426 3163 regni
2456 3089 2616 3147 simul
2647 3106 2778 3148 cum
2814 3107 3088 3150 consensu
3121 3096 3265 3168 regis
3302 3111 3542 3152 concur-

1943 3191 2069 3234 rens
2098 3177 2170 3233 ad
2196 3177 2536 3235 condendam
2567 3178 2774 3254 legem,
2805 3181 2856 3237 in
2885 3197 2996 3255 quo
3023 3199 3254 3256 regnum
3292 3200 3350 3241 se
3377 3185 3541 3242 habet

1944 3271 2206 3338 tanquam
2235 3281 2479 3352 assessor
2508 3283 2640 3324 cum
2669 3284 2796 3341 rege
2825 3269 2892 3326 ad
2923 3271 3100 3344 legem
3117 3273 3534 3347 instituendam,

1942 3363 1999 3414 et
2026 3363 2218 3428 postea
2243 3357 2398 3430 sequi
2427 3355 2584 3432 debet
2617 3360 3013 3434 promulgatio,
3045 3377 3110 3418 ac
3147 3360 3340 3418 deinde
3377 3378 3538 3420 acce-

1941 3448 2111 3519 ptatio
2141 3447 2506 3505 subditorum.
2538 3449 2608 3505 Et
2635 3449 2708 3506 ita
2743 3464 2874 3506 cum
2907 3451 3258 3522 proportione
3295 3451 3458 3508 etiam
3487 3453 3539 3508 in

1946 3534 2038 3591 tali
2068 3535 2230 3593 modo
2261 3537 2537 3609 regiminis
2564 3543 2651 3594 est
2677 3539 2996 3614 verumhin
3028 3554 3287 3611 supremo
3329 3539 3541 3614 legisla-

1946 3630 2065 3682 tore
2091 3639 2214 3680 esse
2242 3633 2571 3697 potestatem
2599 3626 2668 3694 ad
2695 3625 3043 3700 obligandum
3065 3626 3335 3698 subditos,
3359 3635 3423 3686 ut
3450 3644 3542 3686 ac·

1942 3719 2161 3785 ceptent
2191 3713 2365 3787 legem
2391 3733 2406 3786 ς
2438 3730 2562 3772 nam
2591 3715 2661 3772 ibi
2689 3731 2982 3788 supremus
3011 3717 3292 3790 legislator
3319 3735 3427 3776 non
3455 3725 3543 3776 est

1944 3804 2095 3858 solus
2124 3817 2242 3874 rex,
2267 3800 2362 3859 sed
2385 3818 2480 3861 rex
2503 3819 2634 3861 cum
2656 3804 2959 3878 regno.Ubi
2982 3813 3165 3862 autem
3188 3807 3292 3864 ta‘le
3313 3813 3540 3878 pactum
3589 3881 3598 3886 ἱ

1942 3907 2049 3948 non
2081 3891 2391 3950 intercessit
2418 3895 2562 3950 inter
2590 3909 2774 3967 regem
2810 3899 2868 3951 et
2894 3895 3190 3966 populum,
3221 3911 3322 3953 nec
3351 3897 3416 3954 de
3447 3896 3538 3955 illo

1941 3987 2125 4056 potest
2152 3998 2258 4040 usu
2287 3989 2386 4040 aut
2425 3982 2631 4056 scripta
2671 3983 2788 4056 lege
2829 3990 3104 4056 constare,
3135 4000 3240 4041 nou
3284 3991 3372 4042 est
3412 3985 3542 4043 data

1941 4071 2170 4143 principi
2199 4077 2439 4143 potestas
2481 4069 2610 4129 cuth
2651 4071 2742 4142 illa
2783 4072 3118 4145 limitatione,
3150 4074 3246 4132 sed
3286 4075 3538 4133 absolute

1940 4161 2298 4218 constituitur
2321 4169 2491 4234 caput
2519 4162 2864 4234 reipublicae.
2899 4163 2970 4220 Et
2994 4164 3070 4220 ita
3099 4172 3354 4222 servatur
3375 4181 3541 4238 regu-

1940 4245 2129 4307 lariter
2156 4252 2207 4307 in
2237 4253 2478 4323 perfecta
2506 4251 2850 4322 monarchia,
2883 4253 2934 4307 in
2964 4251 3075 4325 qua
3103 4269 3358 4325 suprema
3387 4262 3538 4326 pote·

1941 4346 2053 4396 stas
2080 4341 2234 4396 estin
2259 4341 2588 4414 imperatore
2617 4341 2707 4398 vel
2733 4357 2862 4415 tege
2879 4382 2895 4413 ,
2919 4342 3006 4398 vel
3031 4358 3387 4416 quocumque
3409 4345 3534 4417 alio,

1940 4430 2034 4503 qui
2062 4429 2114 4486 in
2146 4429 2539 4501 temporalibus
2566 4447 2673 4487 non
2701 4431 2901 4488 habeat
2927 4434 3301 4503 superiorem,
3332 4449 3452 4490 nam
3475 4421 3564 4498 ,in'

1938 4519 2093 4577 illum
2134 4518 2410 4576 transtulit
2449 4520 2686 4592 populus
2727 4535 2886 4577 suam
2927 4527 3252 4593 potestatem
3293 4521 3540 4582 absolute

1938 4614 1996 4665 et
2022 4607 2366 4680 simpliciter,
2401 4615 2465 4664 ut
2501 4625 2568 4665 ex
2595 4608 2867 4666 ordinario
2908 4608 3070 4668 modo
3100 4610 3378 4683 regiminis
3407 4628 3540 4670 con·

1939 4704 2081 4770 stat3
2113 4713 2214 4754 nec
2244 4697 2395 4755 aliud
2417 4697 2776 4755 verisimiliter
2797 4698 3058 4755 affirmari
3079 4692 3296 4771 potest,'
3316 4702 3416 4758 nisi
3447 4703 3540 4761 ubi

1938 4803 2004 4844 ex
2032 4785 2428 4844 consuetudine
2470 4787 2796 4844 constiterit.
2833 4785 3092 4860 Idemque
3117 4796 3204 4845 est
3244 4805 3375 4848 cum
3415 4807 3540 4864 pro·

1936 4873 2280 4948 portioue’in
2320 4875 2600 4949 republica
2641 4891 2922 4950 suprema,
2960 4884 3229 4951 quantum
3268 4881 3337 4937 ad
3384 4896 3539 4939 sena·

1938 4973 2089 5038 tum,
2130 4967 2184 5023 in
2225 4981 2388 5040 quem
2423 4971 2509 5024 eat
2544 4966 2806 5023 translata
2840 4968 3364 5039 potestas·absolute
3385 5013 3400 5040 ,
3433 4973 3538 5027 nisi

1937 5056 2005 5113 de
2046 5055 2149 5113 alia
2191 5055 2497 5113 limitatione
2538 5070 2604 5112 ex
2645 5056 3074 5128 consuetudine,
3115 5059 3199 5115 vel
3235 5059 3341 5116 alio
3371 5060 3534 5118 modo

1938 5146 2267 5204 constiterit.
2960 5200 2973 5212 ‚

2014 5240 2068 5293 4.
2100 5236 2188 5293 Sic
2214 5249 2346 5309 ergo
2375 5231 2656 5293 declarata
2675 5234 2767 5293 illa
2785 5251 2914 5310 pars
2936 5235 3092 5294 facile
3111 5237 3396 5310 probatur.
3421 5239 3536 5296 Pri-
