<?xml version="1.0" encoding="UTF-8"?>
<!DOCTYPE html PUBLIC "-//W3C//DTD XHTML 1.0 Transitional//EN"
    "http://www.w3.org/TR/xhtml1/DTD/xhtml1-transitional.dtd">
<html xmlns="http://www.w3.org/1999/xhtml" xml:lang="en" lang="en">
 <head>
  <title>
</title>
<meta http-equiv="Content-Type" content="text/html;charset=utf-8" />
  <meta name='ocr-system' content='tesseract 3.04.00' />
  <meta name='ocr-capabilities' content='ocr_page ocr_carea ocr_par ocr_line ocrx_word'/>
</head>
<body>
  <div class='ocr_page' id='page_1' title='image "./tractatusdelegi01sugoog_0140.png"; bbox 0 0 4325 6267; ppageno 0'>
   <div class='ocr_carea' id='block_1_1' title="bbox 840 335 965 401">
    <p class='ocr_par' dir='ltr' id='par_1_1' title="bbox 840 335 965 401">
     <span class='ocr_line' id='line_1_1' title="bbox 840 335 965 401; baseline 0.016 -2"><span class='ocrx_word' id='word_1_1' title='bbox 840 335 965 401; x_wconf 81' lang='lat'>128</span> 
     </span>
    </p>
   </div>
   <div class='ocr_carea' id='block_1_2' title="bbox 757 481 2351 833">
    <p class='ocr_par' dir='ltr' id='par_1_2' title="bbox 757 481 2351 833">
     <span class='ocr_line' id='line_1_2' title="bbox 760 481 2345 558; baseline 0.007 -25"><span class='ocrx_word' id='word_1_2' title='bbox 760 493 893 535; x_wconf 90' lang='lat' dir='ltr'>num</span> <span class='ocrx_word' id='word_1_3' title='bbox 930 481 1038 536; x_wconf 88' lang='lat' dir='ltr'>iuri</span> <span class='ocrx_word' id='word_1_4' title='bbox 1074 482 1311 539; x_wconf 89' lang='lat' dir='ltr'>naturali</span> <span class='ocrx_word' id='word_1_5' title='bbox 1346 482 1643 558; x_wconf 80' lang='lat' dir='ltr'>derogare,</span> <span class='ocrx_word' id='word_1_6' title='bbox 1674 484 1803 543; x_wconf 89' lang='lat' dir='ltr'>alias</span> <span class='ocrx_word' id='word_1_7' title='bbox 1835 504 1998 545; x_wconf 88' lang='lat' dir='ltr'>suum</span> <span class='ocrx_word' id='word_1_8' title='bbox 2028 487 2345 545; x_wconf 79' lang='lat' dir='ltr'>fundamen-</span> 
     </span>
     <span class='ocr_line' id='line_1_3' title="bbox 757 570 2344 649; baseline 0.006 -25"><span class='ocrx_word' id='word_1_9' title='bbox 757 575 879 625; x_wconf 88' lang='lat' dir='ltr'>tum</span> <span class='ocrx_word' id='word_1_10' title='bbox 917 570 1253 645; x_wconf 89' lang='lat' dir='ltr'>destrueret,</span> <span class='ocrx_word' id='word_1_11' title='bbox 1288 578 1344 630; x_wconf 92' lang='lat' dir='ltr'>et</span> <span class='ocrx_word' id='word_1_12' title='bbox 1385 583 1784 649; x_wconf 90' lang='lat' dir='ltr'>consequenter</span> <span class='ocrx_word' id='word_1_13' title='bbox 1824 578 2078 649; x_wconf 90' lang='lat' dir='ltr'>seipsum.</span> <span class='ocrx_word' id='word_1_14' title='bbox 2113 578 2344 646; x_wconf 87' lang='lat' dir='ltr'>Quarto,</span> 
     </span>
     <span class='ocr_line' id='line_1_4' title="bbox 760 658 2348 741; baseline 0.006 -28"><span class='ocrx_word' id='word_1_15' title='bbox 760 658 803 713; x_wconf 91' lang='lat' dir='ltr'>si</span> <span class='ocrx_word' id='word_1_16' title='bbox 825 661 910 715; x_wconf 88' lang='lat' dir='ltr'>ius</span> <span class='ocrx_word' id='word_1_17' title='bbox 932 659 1229 719; x_wconf 84' lang='lat' dir='ltr'>humanum</span> <span class='ocrx_word' id='word_1_18' title='bbox 1253 672 1441 736; x_wconf 90' lang='lat' dir='ltr'>posset</span> <span class='ocrx_word' id='word_1_19' title='bbox 1462 666 1693 724; x_wconf 88' lang='lat' dir='ltr'>naturali</span> <span class='ocrx_word' id='word_1_20' title='bbox 1718 667 2011 741; x_wconf 78' lang='lat' dir='ltr'>derogare,</span> <span class='ocrx_word' id='word_1_21' title='bbox 2038 675 2228 741; x_wconf 87' lang='lat' dir='ltr'>posset</span> <span class='ocrx_word' id='word_1_22' title='bbox 2255 668 2348 723; x_wconf 90' lang='lat' dir='ltr'>ali-</span> 
     </span>
     <span class='ocr_line' id='line_1_5' title="bbox 760 747 2351 833; baseline 0.006 -28"><span class='ocrx_word' id='word_1_23' title='bbox 760 747 891 821; x_wconf 82' lang='lat' dir='ltr'>quid</span> <span class='ocrx_word' id='word_1_24' title='bbox 918 758 1114 810; x_wconf 88' lang='lat' dir='ltr'>contra</span> <span class='ocrx_word' id='word_1_25' title='bbox 1152 753 1286 811; x_wconf 90' lang='lat' dir='ltr'>illud</span> <span class='ocrx_word' id='word_1_26' title='bbox 1315 762 1592 828; x_wconf 59' lang='lat' dir='ltr'>statuere,</span> <span class='ocrx_word' id='word_1_27' title='bbox 1625 760 1755 831; x_wconf 86' lang='lat' dir='ltr'>quia</span> <span class='ocrx_word' id='word_1_28' title='bbox 1781 776 1887 815; x_wconf 90' lang='lat' dir='ltr'>non</span> <span class='ocrx_word' id='word_1_29' title='bbox 1924 765 2103 832; x_wconf 88' lang='lat' dir='ltr'>potest</span> <span class='ocrx_word' id='word_1_30' title='bbox 2131 759 2351 833; x_wconf 81' lang='lat' dir='ltr'>intelligi</span> 
     </span>
    </p>
   </div>
   <div class='ocr_carea' id='block_1_3' title="bbox 2246 363 2563 411">
    <p class='ocr_par' dir='ltr' id='par_1_3' title="bbox 2246 363 2563 411">
     <span class='ocr_line' id='line_1_6' title="bbox 2246 363 2563 411; baseline 0 0"><span class='ocrx_word' id='word_1_31' title='bbox 2246 364 2447 411; x_wconf 75' lang='lat' dir='ltr'>LIBER</span> <span class='ocrx_word' id='word_1_32' title='bbox 2487 363 2563 411; x_wconf 86' lang='lat'>11.</span> 
     </span>
    </p>
   </div>
   <div class='ocr_carea' id='block_1_4' title="bbox 2417 488 4012 835">
    <p class='ocr_par' dir='ltr' id='par_1_4' title="bbox 2417 488 4012 835">
     <span class='ocr_line' id='line_1_7' title="bbox 2417 488 4005 561; baseline -0.001 -15"><span class='ocrx_word' id='word_1_33' title='bbox 2417 489 2673 546; x_wconf 86' lang='lat' dir='ltr'>Pontilice</span> <span class='ocrx_word' id='word_1_34' title='bbox 2714 488 3035 561; x_wconf 86' lang='lat' dir='ltr'>impeditus,</span> <span class='ocrx_word' id='word_1_35' title='bbox 3069 488 3315 547; x_wconf 89' lang='lat' dir='ltr'>eamdem</span> <span class='ocrx_word' id='word_1_36' title='bbox 3342 488 3576 547; x_wconf 87' lang='lat' dir='ltr'>habebit.</span> <span class='ocrx_word' id='word_1_37' title='bbox 3609 490 3776 547; x_wconf 74' lang='lat' dir='ltr'>Minor</span> <span class='ocrx_word' id='word_1_38' title='bbox 3816 495 4005 547; x_wconf 89' lang='lat' dir='ltr'>autem</span> 
     </span>
     <span class='ocr_line' id='line_1_8' title="bbox 2417 578 4012 651; baseline 0.001 -16"><span class='ocrx_word' id='word_1_39' title='bbox 2417 579 2601 651; x_wconf 88' lang='lat' dir='ltr'>quoad</span> <span class='ocrx_word' id='word_1_40' title='bbox 2641 579 3016 649; x_wconf 77' lang='lat' dir='ltr'>imperatorem</span> <span class='ocrx_word' id='word_1_41' title='bbox 3056 578 3292 636; x_wconf 86' lang='lat' dir='ltr'>habetur</span> <span class='ocrx_word' id='word_1_42' title='bbox 3327 580 3384 635; x_wconf 91' lang='lat' dir='ltr'>in</span> <span class='ocrx_word' id='word_1_43' title='bbox 3425 578 3688 637; x_wconf 88' lang='lat' dir='ltr'>Clement.</span> <span class='ocrx_word' id='word_1_44' title='bbox 3717 582 4012 637; x_wconf 67' lang='lat' dir='ltr'>Pastoru-</span> 
     </span>
     <span class='ocr_line' id='line_1_9' title="bbox 2417 665 4004 745; baseline 0.003 -23"><span class='ocrx_word' id='word_1_45' title='bbox 2417 665 2512 729; x_wconf 83' lang='lat' dir='ltr'>lis,</span> <span class='ocrx_word' id='word_1_46' title='bbox 2547 666 2612 725; x_wconf 90' lang='lat' dir='ltr'>de</span> <span class='ocrx_word' id='word_1_47' title='bbox 2641 682 2700 724; x_wconf 91' lang='lat' dir='ltr'>re</span> <span class='ocrx_word' id='word_1_48' title='bbox 2729 668 2890 724; x_wconf 88' lang='lat' dir='ltr'>indic.</span> <span class='ocrx_word' id='word_1_49' title='bbox 2925 670 2975 724; x_wconf 90' lang='lat' dir='ltr'>in</span> <span class='ocrx_word' id='word_1_50' title='bbox 3005 670 3103 724; x_wconf 82' lang='lat' dir='ltr'>tine</span> <span class='ocrx_word' id='word_1_51' title='bbox 3121 710 3136 739; x_wconf 91' lang='lat'>,</span> <span class='ocrx_word' id='word_1_52' title='bbox 3171 669 3268 725; x_wconf 89' lang='lat' dir='ltr'>ibi:</span> <span class='ocrx_word' id='word_1_53' title='bbox 3295 672 3414 727; x_wconf 87' lang='lat' dir='ltr'>Nec</span> <span class='ocrx_word' id='word_1_54' title='bbox 3429 668 3747 745; x_wconf 77' lang='lat' dir='ltr'>praedicta</span> <span class='ocrx_word' id='word_1_55' title='bbox 3767 669 4004 745; x_wconf 80' lang='lat' dir='ltr'>supple-</span> 
     </span>
     <span class='ocr_line' id='line_1_10' title="bbox 2417 756 4006 835; baseline 0.004 -22"><span class='ocrx_word' id='word_1_56' title='bbox 2417 759 2498 813; x_wconf 75' lang='lat' dir='ltr'>tio</span> <span class='ocrx_word' id='word_1_57' title='bbox 2524 760 2692 815; x_wconf 81' lang='lat' dir='ltr'>circa</span> <span class='ocrx_word' id='word_1_58' title='bbox 2716 757 3016 815; x_wconf 81' lang='lat' dir='ltr'>subditum</span> <span class='ocrx_word' id='word_1_59' title='bbox 3044 756 3128 815; x_wconf 82' lang='lat' dir='ltr'>ad</span> <span class='ocrx_word' id='word_1_60' title='bbox 3153 774 3227 817; x_wconf 82' lang='lat' dir='ltr'>ea</span> <span class='ocrx_word' id='word_1_61' title='bbox 3245 762 3534 835; x_wconf 82' lang='lat' dir='ltr'>potuisset</span> <span class='ocrx_word' id='word_1_62' title='bbox 3559 758 3631 817; x_wconf 85' lang='lat' dir='ltr'>de</span> <span class='ocrx_word' id='word_1_63' title='bbox 3656 762 3887 818; x_wconf 75' lang='lat' dir='ltr'>ratione</span> <span class='ocrx_word' id='word_1_64' title='bbox 3913 776 4006 819; x_wconf 87' lang='lat' dir='ltr'>re-</span> 
     </span>
    </p>
   </div>
   <div class='ocr_carea' id='block_1_5' title="bbox 758 838 4016 925">
    <p class='ocr_par' dir='ltr' id='par_1_5' title="bbox 758 838 4016 925">
     <span class='ocr_line' id='line_1_11' title="bbox 758 838 4016 925; baseline 0.004 -32"><span class='ocrx_word' id='word_1_65' title='bbox 758 838 897 894; x_wconf 89' lang='lat' dir='ltr'>alius</span> <span class='ocrx_word' id='word_1_66' title='bbox 922 841 1121 899; x_wconf 89' lang='lat' dir='ltr'>modus</span> <span class='ocrx_word' id='word_1_67' title='bbox 1150 843 1392 901; x_wconf 89' lang='lat' dir='ltr'>mutandi</span> <span class='ocrx_word' id='word_1_68' title='bbox 1418 845 1580 918; x_wconf 80' lang='lat' dir='ltr'>illud3</span> <span class='ocrx_word' id='word_1_69' title='bbox 1610 856 1664 905; x_wconf 92' lang='lat' dir='ltr'>at</span> <span class='ocrx_word' id='word_1_70' title='bbox 1685 848 1787 906; x_wconf 90' lang='lat' dir='ltr'>hoe</span> <span class='ocrx_word' id='word_1_71' title='bbox 1816 866 1921 906; x_wconf 90' lang='lat' dir='ltr'>non</span> <span class='ocrx_word' id='word_1_72' title='bbox 1947 856 2160 923; x_wconf 79' lang='lat' dir='ltr'>potest3</span> <span class='ocrx_word' id='word_1_73' title='bbox 2191 866 2343 924; x_wconf 86' lang='lat' dir='ltr'>ergo.</span> <span class='ocrx_word' id='word_1_74' title='bbox 2405 846 2596 921; x_wconf 75' lang='lat' dir='ltr'>ferri,</span> <span class='ocrx_word' id='word_1_75' title='bbox 2636 864 2744 921; x_wconf 82' lang='lat' dir='ltr'>per</span> <span class='ocrx_word' id='word_1_76' title='bbox 2779 864 2933 921; x_wconf 75' lang='lat' dir='ltr'>quae</span> <span class='ocrx_word' id='word_1_77' title='bbox 2974 847 3046 905; x_wconf 83' lang='lat' dir='ltr'>de</span> <span class='ocrx_word' id='word_1_78' title='bbox 3074 852 3316 907; x_wconf 78' lang='lat' dir='ltr'>crimine</span> <span class='ocrx_word' id='word_1_79' title='bbox 3335 853 3700 925; x_wconf 78' lang='lat' dir='ltr'>praesertim</span> <span class='ocrx_word' id='word_1_80' title='bbox 3729 852 3814 907; x_wconf 79' lang='lat' dir='ltr'>sic</span> <span class='ocrx_word' id='word_1_81' title='bbox 3839 854 4016 922; x_wconf 73' lang='lat' dir='ltr'>qravi</span> 
     </span>
    </p>
   </div>
   <div class='ocr_carea' id='block_1_6' title="bbox 693 928 2350 5355">
    <p class='ocr_par' dir='ltr' id='par_1_6' title="bbox 755 928 2350 1820">
     <span class='ocr_line' id='line_1_12' title="bbox 757 928 2342 1011; baseline 0.007 -26"><span class='ocrx_word' id='word_1_82' title='bbox 757 928 1024 988; x_wconf 84' lang='lat' dir='ltr'><strong>Probatur</strong></span> <span class='ocrx_word' id='word_1_83' title='bbox 1065 934 1243 989; x_wconf 89' lang='lat' dir='ltr'>minor</span> <span class='ocrx_word' id='word_1_84' title='bbox 1263 975 1279 1007; x_wconf 95' lang='lat'>,</span> <span class='ocrx_word' id='word_1_85' title='bbox 1311 936 1441 1008; x_wconf 88' lang='lat' dir='ltr'>quia</span> <span class='ocrx_word' id='word_1_86' title='bbox 1467 936 1615 1011; x_wconf 91' lang='lat' dir='ltr'>quod</span> <span class='ocrx_word' id='word_1_87' title='bbox 1649 945 1735 994; x_wconf 91' lang='lat' dir='ltr'>est</span> <span class='ocrx_word' id='word_1_88' title='bbox 1762 946 1953 997; x_wconf 87' lang='lat' dir='ltr'>contra</span> <span class='ocrx_word' id='word_1_89' title='bbox 1984 940 2065 997; x_wconf 92' lang='lat' dir='ltr'>ius</span> <span class='ocrx_word' id='word_1_90' title='bbox 2092 946 2342 1011; x_wconf 90' lang='lat' dir='ltr'>naturae,</span> 
     </span>
     <span class='ocr_line' id='line_1_13' title="bbox 758 1018 2350 1099; baseline 0.008 -25"><span class='ocrx_word' id='word_1_91' title='bbox 758 1018 1053 1079; x_wconf 85' lang='lat' dir='ltr'>intrinsece</span> <span class='ocrx_word' id='word_1_92' title='bbox 1072 1022 1275 1080; x_wconf 89' lang='lat' dir='ltr'>malum</span> <span class='ocrx_word' id='word_1_93' title='bbox 1303 1032 1420 1093; x_wconf 69' lang='lat' dir='ltr'>est,</span> <span class='ocrx_word' id='word_1_94' title='bbox 1448 1041 1581 1099; x_wconf 89' lang='lat' dir='ltr'>ergo</span> <span class='ocrx_word' id='word_1_95' title='bbox 1606 1026 1741 1085; x_wconf 90' lang='lat' dir='ltr'>illud</span> <span class='ocrx_word' id='word_1_96' title='bbox 1765 1029 1848 1085; x_wconf 91' lang='lat' dir='ltr'>ius</span> <span class='ocrx_word' id='word_1_97' title='bbox 1874 1028 2172 1087; x_wconf 87' lang='lat' dir='ltr'>humanum</span> <span class='ocrx_word' id='word_1_98' title='bbox 2203 1036 2350 1088; x_wconf 86' lang='lat' dir='ltr'>esset</span> 
     </span>
     <span class='ocr_line' id='line_1_14' title="bbox 756 1108 2345 1192; baseline 0.007 -27"><span class='ocrx_word' id='word_1_99' title='bbox 756 1108 823 1166; x_wconf 92' lang='lat' dir='ltr'>de</span> <span class='ocrx_word' id='word_1_100' title='bbox 852 1126 910 1167; x_wconf 91' lang='lat' dir='ltr'>re</span> <span class='ocrx_word' id='word_1_101' title='bbox 930 1110 1219 1170; x_wconf 84' lang='lat' dir='ltr'>intrinsece</span> <span class='ocrx_word' id='word_1_102' title='bbox 1250 1114 1417 1187; x_wconf 87' lang='lat' dir='ltr'>mala,</span> <span class='ocrx_word' id='word_1_103' title='bbox 1442 1121 1497 1173; x_wconf 89' lang='lat' dir='ltr'>et</span> <span class='ocrx_word' id='word_1_104' title='bbox 1518 1126 1921 1192; x_wconf 87' lang='lat' dir='ltr'>consequenter</span> <span class='ocrx_word' id='word_1_105' title='bbox 1944 1138 2051 1177; x_wconf 89' lang='lat' dir='ltr'>non</span> <span class='ocrx_word' id='word_1_106' title='bbox 2072 1128 2216 1177; x_wconf 88' lang='lat' dir='ltr'>esset</span> <span class='ocrx_word' id='word_1_107' title='bbox 2237 1120 2345 1190; x_wconf 88' lang='lat' dir='ltr'>ius,</span> 
     </span>
     <span class='ocr_line' id='line_1_15' title="bbox 758 1202 2347 1282; baseline 0.006 -24"><span class='ocrx_word' id='word_1_108' title='bbox 758 1216 935 1275; x_wconf 89' lang='lat' dir='ltr'>neque</span> <span class='ocrx_word' id='word_1_109' title='bbox 978 1202 1085 1262; x_wconf 84' lang='lat' dir='ltr'>lex.</span> <span class='ocrx_word' id='word_1_110' title='bbox 1128 1206 1524 1281; x_wconf 84' lang='lat' dir='ltr'>confirmatur,</span> <span class='ocrx_word' id='word_1_111' title='bbox 1558 1210 1684 1282; x_wconf 90' lang='lat' dir='ltr'>quia</span> <span class='ocrx_word' id='word_1_112' title='bbox 1728 1210 1829 1267; x_wconf 90' lang='lat' dir='ltr'>bac</span> <span class='ocrx_word' id='word_1_113' title='bbox 1868 1212 2072 1269; x_wconf 89' lang='lat' dir='ltr'>ratione</span> <span class='ocrx_word' id='word_1_114' title='bbox 2113 1226 2347 1269; x_wconf 87' lang='lat' dir='ltr'>consue-</span> 
     </span>
     <span class='ocr_line' id='line_1_16' title="bbox 758 1292 2346 1377; baseline 0.006 -28"><span class='ocrx_word' id='word_1_115' title='bbox 758 1292 893 1350; x_wconf 83' lang='lat' dir='ltr'><strong>tudo</strong></span> <span class='ocrx_word' id='word_1_116' title='bbox 923 1302 1118 1351; x_wconf 87' lang='lat' dir='ltr'>contra</span> <span class='ocrx_word' id='word_1_117' title='bbox 1146 1297 1391 1353; x_wconf 89' lang='lat' dir='ltr'>naturale</span> <span class='ocrx_word' id='word_1_118' title='bbox 1414 1299 1501 1355; x_wconf 90' lang='lat' dir='ltr'>ius</span> <span class='ocrx_word' id='word_1_119' title='bbox 1530 1316 1637 1356; x_wconf 91' lang='lat' dir='ltr'>non</span> <span class='ocrx_word' id='word_1_120' title='bbox 1660 1308 1843 1372; x_wconf 87' lang='lat' dir='ltr'>potest</span> <span class='ocrx_word' id='word_1_121' title='bbox 1864 1301 2119 1360; x_wconf 88' lang='lat' dir='ltr'>inducere</span> <span class='ocrx_word' id='word_1_122' title='bbox 2150 1302 2346 1377; x_wconf 86' lang='lat' dir='ltr'>legem,</span> 
     </span>
     <span class='ocr_line' id='line_1_17' title="bbox 756 1386 2348 1465; baseline 0.007 -26"><span class='ocrx_word' id='word_1_123' title='bbox 756 1398 878 1455; x_wconf 88' lang='lat' dir='ltr'>cap.</span> <span class='ocrx_word' id='word_1_124' title='bbox 920 1386 1071 1441; x_wconf 77' lang='lat' dir='ltr'>Cum</span> <span class='ocrx_word' id='word_1_125' title='bbox 1104 1389 1302 1454; x_wconf 77' lang='lat' dir='ltr'>tanto,</span> <span class='ocrx_word' id='word_1_126' title='bbox 1334 1387 1401 1445; x_wconf 92' lang='lat' dir='ltr'>de</span> <span class='ocrx_word' id='word_1_127' title='bbox 1434 1396 1683 1447; x_wconf 88' lang='lat' dir='ltr'>consuet.</span> <span class='ocrx_word' id='word_1_128' title='bbox 1710 1390 1800 1449; x_wconf 91' lang='lat' dir='ltr'>ubi</span> <span class='ocrx_word' id='word_1_129' title='bbox 1831 1393 2019 1449; x_wconf 88' lang='lat' dir='ltr'>Glossa</span> <span class='ocrx_word' id='word_1_130' title='bbox 2048 1398 2231 1465; x_wconf 91' lang='lat' dir='ltr'>notat,</span> <span class='ocrx_word' id='word_1_131' title='bbox 2262 1394 2348 1451; x_wconf 92' lang='lat' dir='ltr'>ius</span> 
     </span>
     <span class='ocr_line' id='line_1_18' title="bbox 758 1474 2348 1557; baseline 0.006 -27"><span class='ocrx_word' id='word_1_132' title='bbox 758 1474 1004 1531; x_wconf 88' lang='lat' dir='ltr'>naturale</span> <span class='ocrx_word' id='word_1_133' title='bbox 1033 1491 1153 1532; x_wconf 86' lang='lat' dir='ltr'>esse</span> <span class='ocrx_word' id='word_1_134' title='bbox 1183 1477 1513 1535; x_wconf 82' lang='lat' dir='ltr'>immutabile</span> <span class='ocrx_word' id='word_1_135' title='bbox 1547 1480 1727 1554; x_wconf 91' lang='lat' dir='ltr'>quoad</span> <span class='ocrx_word' id='word_1_136' title='bbox 1764 1490 2053 1556; x_wconf 89' lang='lat' dir='ltr'>praecepta</span> <span class='ocrx_word' id='word_1_137' title='bbox 2076 1490 2131 1540; x_wconf 93' lang='lat' dir='ltr'>et</span> <span class='ocrx_word' id='word_1_138' title='bbox 2163 1482 2348 1557; x_wconf 88' lang='lat' dir='ltr'>probi-</span> 
     </span>
     <span class='ocr_line' id='line_1_19' title="bbox 755 1564 2346 1646; baseline 0.007 -26"><span class='ocrx_word' id='word_1_139' title='bbox 755 1564 999 1623; x_wconf 88' lang='lat' dir='ltr'>bitiones.</span> <span class='ocrx_word' id='word_1_140' title='bbox 1045 1567 1193 1624; x_wconf 90' lang='lat' dir='ltr'>ldem</span> <span class='ocrx_word' id='word_1_141' title='bbox 1240 1568 1429 1626; x_wconf 89' lang='lat' dir='ltr'>Glossa</span> <span class='ocrx_word' id='word_1_142' title='bbox 1466 1572 1519 1626; x_wconf 90' lang='lat' dir='ltr'>in</span> <span class='ocrx_word' id='word_1_143' title='bbox 1554 1568 1579 1636; x_wconf 70' lang='grc' dir='ltr'>ἓ</span> <span class='ocrx_word' id='word_1_144' title='bbox 1613 1576 1671 1643; x_wconf 92' lang='lat'>1,</span> <span class='ocrx_word' id='word_1_145' title='bbox 1716 1572 1955 1633; x_wconf 88' lang='lat' dir='ltr'>distinct.</span> <span class='ocrx_word' id='word_1_146' title='bbox 1992 1580 2021 1632; x_wconf 86' lang='lat'>5</span> <span class='ocrx_word' id='word_1_147' title='bbox 2044 1616 2059 1646; x_wconf 95' lang='lat'>,</span> <span class='ocrx_word' id='word_1_148' title='bbox 2093 1575 2182 1633; x_wconf 88' lang='lat' dir='ltr'>ubi</span> <span class='ocrx_word' id='word_1_149' title='bbox 2215 1576 2346 1631; x_wconf 89' lang='lat' dir='ltr'>Gra-</span> 
     </span>
     <span class='ocr_line' id='line_1_20' title="bbox 763 1657 2343 1739; baseline 0.009 -29"><span class='ocrx_word' id='word_1_150' title='bbox 763 1657 946 1712; x_wconf 88' lang='lat' dir='ltr'>tianus</span> <span class='ocrx_word' id='word_1_151' title='bbox 982 1658 1087 1728; x_wconf 91' lang='lat' dir='ltr'>ait,</span> <span class='ocrx_word' id='word_1_152' title='bbox 1118 1658 1203 1713; x_wconf 89' lang='lat' dir='ltr'>ius</span> <span class='ocrx_word' id='word_1_153' title='bbox 1242 1658 1495 1717; x_wconf 89' lang='lat' dir='ltr'>naturale</span> <span class='ocrx_word' id='word_1_154' title='bbox 1530 1676 1652 1719; x_wconf 91' lang='lat' dir='ltr'>esse</span> <span class='ocrx_word' id='word_1_155' title='bbox 1680 1664 2014 1723; x_wconf 80' lang='lat' dir='ltr'>immutabile</span> <span class='ocrx_word' id='word_1_156' title='bbox 2034 1707 2049 1737; x_wconf 90' lang='lat'>,</span> <span class='ocrx_word' id='word_1_157' title='bbox 2079 1664 2230 1739; x_wconf 89' lang='lat' dir='ltr'>quod</span> <span class='ocrx_word' id='word_1_158' title='bbox 2256 1680 2343 1723; x_wconf 85' lang='lat' dir='ltr'>re-</span> 
     </span>
     <span class='ocr_line' id='line_1_21' title="bbox 762 1743 1519 1820; baseline 0.007 -18"><span class='ocrx_word' id='word_1_159' title='bbox 762 1747 893 1819; x_wconf 88' lang='lat' dir='ltr'>petit</span> <span class='ocrx_word' id='word_1_160' title='bbox 921 1747 971 1802; x_wconf 87' lang='lat' dir='ltr'>in</span> <span class='ocrx_word' id='word_1_161' title='bbox 999 1743 1023 1812; x_wconf 72' lang='grc' dir='ltr'>ἒ</span> <span class='ocrx_word' id='word_1_162' title='bbox 1052 1746 1273 1820; x_wconf 88' lang='lat' dir='ltr'>ultimo,</span> <span class='ocrx_word' id='word_1_163' title='bbox 1304 1748 1432 1807; x_wconf 87' lang='lat' dir='ltr'>dist.</span> <span class='ocrx_word' id='word_1_164' title='bbox 1466 1756 1519 1809; x_wconf 82' lang='lat'>6.</span> 
     </span>
    </p>

    <p class='ocr_par' dir='ltr' id='par_1_7' title="bbox 752 1838 2349 3270">
     <span class='ocr_line' id='line_1_22' title="bbox 844 1838 2349 1923; baseline 0.007 -28"><span class='ocrx_word' id='word_1_165' title='bbox 844 1841 899 1895; x_wconf 88' lang='grc'>6.</span> <span class='ocrx_word' id='word_1_166' title='bbox 930 1838 1116 1912; x_wconf 85' lang='lat' dir='ltr'>Dices,</span> <span class='ocrx_word' id='word_1_167' title='bbox 1150 1839 1283 1896; x_wconf 88' lang='lat' dir='ltr'>haec</span> <span class='ocrx_word' id='word_1_168' title='bbox 1314 1842 1491 1899; x_wconf 89' lang='lat' dir='ltr'>omnia</span> <span class='ocrx_word' id='word_1_169' title='bbox 1517 1849 1667 1900; x_wconf 86' lang='lat' dir='ltr'>recte</span> <span class='ocrx_word' id='word_1_170' title='bbox 1697 1844 1993 1916; x_wconf 81' lang='lat' dir='ltr'>procedere</span> <span class='ocrx_word' id='word_1_171' title='bbox 2021 1845 2089 1903; x_wconf 91' lang='lat' dir='ltr'>de</span> <span class='ocrx_word' id='word_1_172' title='bbox 2120 1848 2349 1923; x_wconf 88' lang='lat' dir='ltr'>abroga-</span> 
     </span>
     <span class='ocr_line' id='line_1_23' title="bbox 756 1927 2348 2011; baseline 0.006 -26"><span class='ocrx_word' id='word_1_173' title='bbox 756 1927 925 2001; x_wconf 87' lang='lat' dir='ltr'>tione,</span> <span class='ocrx_word' id='word_1_174' title='bbox 956 1927 1042 1984; x_wconf 82' lang='lat' dir='ltr'>vel</span> <span class='ocrx_word' id='word_1_175' title='bbox 1071 1931 1370 1986; x_wconf 84' lang='lat' dir='ltr'>mutatione</span> <span class='ocrx_word' id='word_1_176' title='bbox 1398 1931 1648 1989; x_wconf 87' lang='lat' dir='ltr'>absoluta</span> <span class='ocrx_word' id='word_1_177' title='bbox 1680 1933 1907 1992; x_wconf 87' lang='lat' dir='ltr'>alicuius</span> <span class='ocrx_word' id='word_1_178' title='bbox 1935 1939 2213 2011; x_wconf 82' lang='lat' dir='ltr'>praecepti</span> <span class='ocrx_word' id='word_1_179' title='bbox 2255 1954 2348 1995; x_wconf 89' lang='lat' dir='ltr'>na-</span> 
     </span>
     <span class='ocr_line' id='line_1_24' title="bbox 759 2018 2347 2101; baseline 0.008 -27"><span class='ocrx_word' id='word_1_180' title='bbox 759 2018 981 2089; x_wconf 88' lang='lat' dir='ltr'>turalis,</span> <span class='ocrx_word' id='word_1_181' title='bbox 1014 2035 1119 2076; x_wconf 93' lang='lat' dir='ltr'>non</span> <span class='ocrx_word' id='word_1_182' title='bbox 1150 2035 1279 2076; x_wconf 84' lang='lat' dir='ltr'>vero</span> <span class='ocrx_word' id='word_1_183' title='bbox 1310 2019 1375 2076; x_wconf 92' lang='lat' dir='ltr'>de</span> <span class='ocrx_word' id='word_1_184' title='bbox 1404 2020 1825 2096; x_wconf 79' lang='lat' dir='ltr'>dispensatione,</span> <span class='ocrx_word' id='word_1_185' title='bbox 1857 2025 2079 2099; x_wconf 87' lang='lat' dir='ltr'>quando</span> <span class='ocrx_word' id='word_1_186' title='bbox 2109 2026 2347 2101; x_wconf 88' lang='lat' dir='ltr'>legitima</span> 
     </span>
     <span class='ocr_line' id='line_1_25' title="bbox 758 2109 2348 2184; baseline 0.007 -19"><span class='ocrx_word' id='word_1_187' title='bbox 758 2123 931 2165; x_wconf 87' lang='lat' dir='ltr'>causa</span> <span class='ocrx_word' id='word_1_188' title='bbox 960 2112 1226 2182; x_wconf 81' lang='lat' dir='ltr'>occurrit3</span> <span class='ocrx_word' id='word_1_189' title='bbox 1254 2125 1377 2167; x_wconf 90' lang='lat' dir='ltr'>nam</span> <span class='ocrx_word' id='word_1_190' title='bbox 1400 2109 1465 2167; x_wconf 89' lang='lat' dir='ltr'>ad</span> <span class='ocrx_word' id='word_1_191' title='bbox 1490 2110 1891 2184; x_wconf 83' lang='lat' dir='ltr'>abrogationem</span> <span class='ocrx_word' id='word_1_192' title='bbox 1922 2114 2007 2171; x_wconf 90' lang='lat' dir='ltr'>vel</span> <span class='ocrx_word' id='word_1_193' title='bbox 2036 2115 2348 2175; x_wconf 87' lang='lat' dir='ltr'>diminutio-</span> 
     </span>
     <span class='ocr_line' id='line_1_26' title="bbox 758 2200 2346 2279; baseline 0.009 -26"><span class='ocrx_word' id='word_1_194' title='bbox 758 2214 883 2255; x_wconf 88' lang='lat' dir='ltr'>nem</span> <span class='ocrx_word' id='word_1_195' title='bbox 912 2200 1027 2255; x_wconf 90' lang='lat' dir='ltr'>sine</span> <span class='ocrx_word' id='word_1_196' title='bbox 1056 2215 1226 2256; x_wconf 87' lang='lat' dir='ltr'>causa</span> <span class='ocrx_word' id='word_1_197' title='bbox 1254 2200 1578 2276; x_wconf 77' lang='lat' dir='ltr'>faciendam,</span> <span class='ocrx_word' id='word_1_198' title='bbox 1604 2219 1709 2260; x_wconf 92' lang='lat' dir='ltr'>non</span> <span class='ocrx_word' id='word_1_199' title='bbox 1738 2212 1823 2261; x_wconf 89' lang='lat' dir='ltr'>est</span> <span class='ocrx_word' id='word_1_200' title='bbox 1845 2207 2150 2279; x_wconf 78' lang='lat' dir='ltr'>verisimile,</span> <span class='ocrx_word' id='word_1_201' title='bbox 2175 2212 2346 2267; x_wconf 90' lang='lat' dir='ltr'>Deum</span> 
     </span>
     <span class='ocr_line' id='line_1_27' title="bbox 762 2290 2345 2372; baseline 0.009 -28"><span class='ocrx_word' id='word_1_202' title='bbox 762 2290 1108 2346; x_wconf 82' lang='lat' dir='ltr'>concessisse</span> <span class='ocrx_word' id='word_1_203' title='bbox 1138 2290 1454 2349; x_wconf 77' lang='lat' dir='ltr'>facultatem</span> <span class='ocrx_word' id='word_1_204' title='bbox 1486 2293 1827 2366; x_wconf 67' lang='lat' dir='ltr'>hominibus,</span> <span class='ocrx_word' id='word_1_205' title='bbox 1860 2313 2035 2372; x_wconf 91' lang='lat' dir='ltr'>neque</span> <span class='ocrx_word' id='word_1_206' title='bbox 2064 2302 2167 2372; x_wconf 88' lang='lat' dir='ltr'>ipsi</span> <span class='ocrx_word' id='word_1_207' title='bbox 2194 2316 2258 2358; x_wconf 83' lang='lat' dir='ltr'>ex</span> <span class='ocrx_word' id='word_1_208' title='bbox 2287 2318 2345 2358; x_wconf 89' lang='lat' dir='ltr'>se</span> 
     </span>
     <span class='ocr_line' id='line_1_28' title="bbox 758 2378 2346 2465; baseline 0.009 -30"><span class='ocrx_word' id='word_1_209' title='bbox 758 2378 921 2436; x_wconf 90' lang='lat' dir='ltr'>talem</span> <span class='ocrx_word' id='word_1_210' title='bbox 962 2383 1346 2439; x_wconf 86' lang='lat' dir='ltr'>auctoritatem</span> <span class='ocrx_word' id='word_1_211' title='bbox 1368 2382 1568 2440; x_wconf 88' lang='lat' dir='ltr'>habent</span> <span class='ocrx_word' id='word_1_212' title='bbox 1586 2430 1601 2457; x_wconf 83' lang='lat'>,</span> <span class='ocrx_word' id='word_1_213' title='bbox 1626 2392 1690 2443; x_wconf 94' lang='lat' dir='ltr'>ut</span> <span class='ocrx_word' id='word_1_214' title='bbox 1718 2388 1950 2445; x_wconf 89' lang='lat' dir='ltr'>rationes</span> <span class='ocrx_word' id='word_1_215' title='bbox 1980 2406 2147 2465; x_wconf 87' lang='lat' dir='ltr'>supra</span> <span class='ocrx_word' id='word_1_216' title='bbox 2171 2392 2346 2449; x_wconf 86' lang='lat' dir='ltr'>sactae</span> 
     </span>
     <span class='ocr_line' id='line_1_29' title="bbox 755 2468 2346 2549; baseline 0.01 -25"><span class='ocrx_word' id='word_1_217' title='bbox 755 2468 1009 2540; x_wconf 87' lang='lat' dir='ltr'>probant.</span> <span class='ocrx_word' id='word_1_218' title='bbox 1048 2473 1219 2528; x_wconf 90' lang='lat' dir='ltr'>Secus</span> <span class='ocrx_word' id='word_1_219' title='bbox 1247 2477 1378 2528; x_wconf 85' lang='lat' dir='ltr'>ve&#39;ro</span> <span class='ocrx_word' id='word_1_220' title='bbox 1400 2480 1485 2530; x_wconf 91' lang='lat' dir='ltr'>est</span> <span class='ocrx_word' id='word_1_221' title='bbox 1504 2473 1571 2531; x_wconf 91' lang='lat' dir='ltr'>de</span> <span class='ocrx_word' id='word_1_222' title='bbox 1591 2478 1732 2532; x_wconf 84' lang='lat' dir='ltr'>iusta</span> <span class='ocrx_word' id='word_1_223' title='bbox 1755 2476 2181 2549; x_wconf 86' lang='lat' dir='ltr'>dispensatione.</span> <span class='ocrx_word' id='word_1_224' title='bbox 2208 2484 2346 2541; x_wconf 87' lang='lat' dir='ltr'>Nam</span> 
     </span>
     <span class='ocr_line' id='line_1_30' title="bbox 756 2560 2344 2642; baseline 0.008 -26"><span class='ocrx_word' id='word_1_225' title='bbox 756 2560 888 2631; x_wconf 87' lang='lat' dir='ltr'>licet</span> <span class='ocrx_word' id='word_1_226' title='bbox 926 2560 1085 2617; x_wconf 88' lang='lat' dir='ltr'>homo</span> <span class='ocrx_word' id='word_1_227' title='bbox 1126 2579 1225 2619; x_wconf 88' lang='lat' dir='ltr'>sua</span> <span class='ocrx_word' id='word_1_228' title='bbox 1264 2564 1589 2622; x_wconf 89' lang='lat' dir='ltr'>auctoritate</span> <span class='ocrx_word' id='word_1_229' title='bbox 1626 2565 1773 2623; x_wconf 90' lang='lat' dir='ltr'>illam</span> <span class='ocrx_word' id='word_1_230' title='bbox 1817 2585 1921 2625; x_wconf 93' lang='lat' dir='ltr'>non</span> <span class='ocrx_word' id='word_1_231' title='bbox 1952 2573 2120 2642; x_wconf 87' lang='lat' dir='ltr'>possit</span> <span class='ocrx_word' id='word_1_232' title='bbox 2145 2587 2344 2630; x_wconf 90' lang='lat' dir='ltr'>conce-</span> 
     </span>
     <span class='ocr_line' id='line_1_31' title="bbox 757 2648 2344 2731; baseline 0.007 -25"><span class='ocrx_word' id='word_1_233' title='bbox 757 2650 910 2721; x_wconf 85' lang='lat' dir='ltr'>dere,</span> <span class='ocrx_word' id='word_1_234' title='bbox 948 2658 1011 2708; x_wconf 90' lang='lat' dir='ltr'>ut</span> <span class='ocrx_word' id='word_1_235' title='bbox 1038 2653 1197 2709; x_wconf 89' lang='lat' dir='ltr'>etiam</span> <span class='ocrx_word' id='word_1_236' title='bbox 1228 2648 1465 2725; x_wconf 88' lang='lat' dir='ltr'>probant</span> <span class='ocrx_word' id='word_1_237' title='bbox 1492 2657 1731 2713; x_wconf 87' lang='lat' dir='ltr'>rationes</span> <span class='ocrx_word' id='word_1_238' title='bbox 1760 2657 1970 2731; x_wconf 69' lang='lat' dir='ltr'>sactae,</span> <span class='ocrx_word' id='word_1_239' title='bbox 1996 2661 2344 2719; x_wconf 88' lang='lat' dir='ltr'>nihilominus</span> 
     </span>
     <span class='ocr_line' id='line_1_32' title="bbox 759 2744 2347 2818; baseline 0.008 -21"><span class='ocrx_word' id='word_1_240' title='bbox 759 2744 1087 2799; x_wconf 89' lang='lat' dir='ltr'>auctoritate</span> <span class='ocrx_word' id='word_1_241' title='bbox 1127 2744 1218 2799; x_wconf 89' lang='lat' dir='ltr'>Dei</span> <span class='ocrx_word' id='word_1_242' title='bbox 1248 2745 1475 2817; x_wconf 86' lang='lat' dir='ltr'>poterit,</span> <span class='ocrx_word' id='word_1_243' title='bbox 1506 2746 1634 2818; x_wconf 90' lang='lat' dir='ltr'>quia</span> <span class='ocrx_word' id='word_1_244' title='bbox 1663 2746 1767 2804; x_wconf 88' lang='lat' dir='ltr'>hoc</span> <span class='ocrx_word' id='word_1_245' title='bbox 1796 2749 1959 2806; x_wconf 91' lang='lat' dir='ltr'>modo</span> <span class='ocrx_word' id='word_1_246' title='bbox 1986 2750 2210 2809; x_wconf 79' lang='lat' dir='ltr'>inferior</span> <span class='ocrx_word' id='word_1_247' title='bbox 2237 2752 2347 2809; x_wconf 90' lang='lat' dir='ltr'>dis-</span> 
     </span>
     <span class='ocr_line' id='line_1_33' title="bbox 754 2832 2342 2916; baseline 0.008 -29"><span class='ocrx_word' id='word_1_248' title='bbox 754 2846 987 2905; x_wconf 86' lang='lat' dir='ltr'>pensare</span> <span class='ocrx_word' id='word_1_249' title='bbox 1019 2840 1203 2905; x_wconf 86' lang='lat' dir='ltr'>potest</span> <span class='ocrx_word' id='word_1_250' title='bbox 1231 2832 1280 2890; x_wconf 90' lang='lat' dir='ltr'>in</span> <span class='ocrx_word' id='word_1_251' title='bbox 1322 2834 1439 2908; x_wconf 89' lang='lat' dir='ltr'>lege</span> <span class='ocrx_word' id='word_1_252' title='bbox 1467 2837 1801 2913; x_wconf 79' lang='lat' dir='ltr'>superioris3</span> <span class='ocrx_word' id='word_1_253' title='bbox 1839 2844 1893 2895; x_wconf 92' lang='lat' dir='ltr'>et</span> <span class='ocrx_word' id='word_1_254' title='bbox 1930 2841 2214 2899; x_wconf 86' lang='lat' dir='ltr'>verisimile</span> <span class='ocrx_word' id='word_1_255' title='bbox 2237 2850 2342 2916; x_wconf 90' lang='lat' dir='ltr'>est,</span> 
     </span>
     <span class='ocr_line' id='line_1_34' title="bbox 757 2920 2343 3001; baseline 0.009 -24"><span class='ocrx_word' id='word_1_256' title='bbox 757 2920 1029 2978; x_wconf 89' lang='lat' dir='ltr'>hominem</span> <span class='ocrx_word' id='word_1_257' title='bbox 1062 2929 1343 2995; x_wconf 82' lang='lat' dir='ltr'>gerentem</span> <span class='ocrx_word' id='word_1_258' title='bbox 1372 2925 1427 2979; x_wconf 88' lang='lat' dir='ltr'>in</span> <span class='ocrx_word' id='word_1_259' title='bbox 1455 2927 1617 2982; x_wconf 86' lang='lat' dir='ltr'>terris</span> <span class='ocrx_word' id='word_1_260' title='bbox 1645 2928 1822 2984; x_wconf 81' lang='lat' dir='ltr'>vicem</span> <span class='ocrx_word' id='word_1_261' title='bbox 1848 2930 1963 2999; x_wconf 90' lang='lat' dir='ltr'>Dei,</span> <span class='ocrx_word' id='word_1_262' title='bbox 1996 2946 2153 3001; x_wconf 91' lang='lat' dir='ltr'>posse</span> <span class='ocrx_word' id='word_1_263' title='bbox 2180 2934 2343 2991; x_wconf 90' lang='lat' dir='ltr'>etiam</span> 
     </span>
     <span class='ocr_line' id='line_1_35' title="bbox 752 3012 2346 3089; baseline 0.008 -22"><span class='ocrx_word' id='word_1_264' title='bbox 752 3012 807 3067; x_wconf 88' lang='lat' dir='ltr'>in</span> <span class='ocrx_word' id='word_1_265' title='bbox 848 3012 931 3068; x_wconf 87' lang='lat' dir='ltr'>his</span> <span class='ocrx_word' id='word_1_266' title='bbox 970 3012 1179 3085; x_wconf 86' lang='lat' dir='ltr'>legibus</span> <span class='ocrx_word' id='word_1_267' title='bbox 1223 3028 1287 3070; x_wconf 87' lang='lat' dir='ltr'>ex</span> <span class='ocrx_word' id='word_1_268' title='bbox 1325 3016 1470 3071; x_wconf 88' lang='lat' dir='ltr'>iusta</span> <span class='ocrx_word' id='word_1_269' title='bbox 1507 3030 1679 3073; x_wconf 89' lang='lat' dir='ltr'>causa</span> <span class='ocrx_word' id='word_1_270' title='bbox 1713 3017 2027 3089; x_wconf 87' lang='lat' dir='ltr'>dispensare</span> <span class='ocrx_word' id='word_1_271' title='bbox 2062 3036 2129 3077; x_wconf 79' lang='lat' dir='ltr'>ex</span> <span class='ocrx_word' id='word_1_272' title='bbox 2169 3020 2346 3080; x_wconf 81' lang='lat' dir='ltr'>divina</span> 
     </span>
     <span class='ocr_line' id='line_1_36' title="bbox 752 3103 2346 3183; baseline 0.008 -25"><span class='ocrx_word' id='word_1_273' title='bbox 752 3103 1108 3159; x_wconf 87' lang='lat' dir='ltr'>concessione</span> <span class='ocrx_word' id='word_1_274' title='bbox 1128 3146 1143 3175; x_wconf 92' lang='lat'>,</span> <span class='ocrx_word' id='word_1_275' title='bbox 1186 3104 1317 3176; x_wconf 89' lang='lat' dir='ltr'>quia</span> <span class='ocrx_word' id='word_1_276' title='bbox 1356 3104 1461 3161; x_wconf 89' lang='lat' dir='ltr'>hoc</span> <span class='ocrx_word' id='word_1_277' title='bbox 1490 3106 1723 3175; x_wconf 87' lang='lat' dir='ltr'>pertinet</span> <span class='ocrx_word' id='word_1_278' title='bbox 1750 3108 1817 3165; x_wconf 91' lang='lat' dir='ltr'>ad</span> <span class='ocrx_word' id='word_1_279' title='bbox 1845 3108 2043 3166; x_wconf 88' lang='lat' dir='ltr'>bonam</span> <span class='ocrx_word' id='word_1_280' title='bbox 2074 3111 2346 3183; x_wconf 87' lang='lat' dir='ltr'>guberna-</span> 
     </span>
     <span class='ocr_line' id='line_1_37' title="bbox 752 3194 2109 3270; baseline 0.006 -20"><span class='ocrx_word' id='word_1_281' title='bbox 752 3194 954 3257; x_wconf 88' lang='lat' dir='ltr'>tionem</span> <span class='ocrx_word' id='word_1_282' title='bbox 985 3196 1247 3268; x_wconf 84' lang='lat' dir='ltr'>universi,</span> <span class='ocrx_word' id='word_1_283' title='bbox 1280 3202 1345 3253; x_wconf 93' lang='lat' dir='ltr'>ut</span> <span class='ocrx_word' id='word_1_284' title='bbox 1370 3210 1541 3267; x_wconf 89' lang='lat' dir='ltr'>supra</span> <span class='ocrx_word' id='word_1_285' title='bbox 1568 3200 2109 3270; x_wconf 84' lang='lat' dir='ltr'>argumentabamur.</span> 
     </span>
    </p>

    <p class='ocr_par' dir='ltr' id='par_1_8' title="bbox 693 3283 2346 5355">
     <span class='ocr_line' id='line_1_38' title="bbox 835 3283 2342 3364; baseline 0.004 -21"><span class='ocrx_word' id='word_1_286' title='bbox 835 3286 889 3343; x_wconf 83' lang='lat'>7.</span> <span class='ocrx_word' id='word_1_287' title='bbox 921 3283 1023 3343; x_wconf 90' lang='lat' dir='ltr'>Sed</span> <span class='ocrx_word' id='word_1_288' title='bbox 1054 3292 1251 3343; x_wconf 88' lang='lat' dir='ltr'>contra</span> <span class='ocrx_word' id='word_1_289' title='bbox 1279 3285 1385 3343; x_wconf 90' lang='lat' dir='ltr'>boe</span> <span class='ocrx_word' id='word_1_290' title='bbox 1414 3287 1649 3345; x_wconf 90' lang='lat' dir='ltr'>instatur</span> <span class='ocrx_word' id='word_1_291' title='bbox 1679 3290 1875 3360; x_wconf 89' lang='lat' dir='ltr'>primo,</span> <span class='ocrx_word' id='word_1_292' title='bbox 1905 3291 2034 3363; x_wconf 91' lang='lat' dir='ltr'>quia</span> <span class='ocrx_word' id='word_1_293' title='bbox 2060 3293 2204 3349; x_wconf 88' lang='lat' dir='ltr'>Deus</span> <span class='ocrx_word' id='word_1_294' title='bbox 2227 3294 2342 3364; x_wconf 89' lang='lat' dir='ltr'>ipse</span> 
     </span>
     <span class='ocr_line' id='line_1_39' title="bbox 751 3376 2344 3453; baseline 0.005 -22"><span class='ocrx_word' id='word_1_295' title='bbox 751 3391 859 3433; x_wconf 90' lang='lat' dir='ltr'>non</span> <span class='ocrx_word' id='word_1_296' title='bbox 894 3382 1074 3448; x_wconf 89' lang='lat' dir='ltr'>potest</span> <span class='ocrx_word' id='word_1_297' title='bbox 1104 3376 1321 3451; x_wconf 88' lang='lat' dir='ltr'>(saltem</span> <span class='ocrx_word' id='word_1_298' title='bbox 1350 3377 1467 3433; x_wconf 84' lang='lat' dir='ltr'>iure</span> <span class='ocrx_word' id='word_1_299' title='bbox 1494 3377 1796 3453; x_wconf 88' lang='lat' dir='ltr'>ordinario)</span> <span class='ocrx_word' id='word_1_300' title='bbox 1828 3380 2142 3453; x_wconf 87' lang='lat' dir='ltr'>dispensare</span> <span class='ocrx_word' id='word_1_301' title='bbox 2173 3384 2227 3438; x_wconf 92' lang='lat' dir='ltr'>in</span> <span class='ocrx_word' id='word_1_302' title='bbox 2251 3383 2344 3439; x_wconf 90' lang='lat' dir='ltr'>ali-</span> 
     </span>
     <span class='ocr_line' id='line_1_40' title="bbox 756 3466 2342 3540; baseline 0.006 -19"><span class='ocrx_word' id='word_1_303' title='bbox 756 3482 869 3538; x_wconf 91' lang='lat' dir='ltr'>quo</span> <span class='ocrx_word' id='word_1_304' title='bbox 897 3482 967 3523; x_wconf 85' lang='lat' dir='ltr'>ex</span> <span class='ocrx_word' id='word_1_305' title='bbox 998 3470 1304 3540; x_wconf 83' lang='lat' dir='ltr'>praeceptis</span> <span class='ocrx_word' id='word_1_306' title='bbox 1332 3466 1463 3539; x_wconf 88' lang='lat' dir='ltr'>legis</span> <span class='ocrx_word' id='word_1_307' title='bbox 1490 3470 1777 3527; x_wconf 89' lang='lat' dir='ltr'>naturalis.</span> <span class='ocrx_word' id='word_1_308' title='bbox 1808 3470 1963 3538; x_wconf 88' lang='lat' dir='ltr'>Quod</span> <span class='ocrx_word' id='word_1_309' title='bbox 1992 3473 2038 3528; x_wconf 91' lang='lat' dir='ltr'>si</span> <span class='ocrx_word' id='word_1_310' title='bbox 2065 3472 2342 3530; x_wconf 89' lang='lat' dir='ltr'>interdum</span> 
     </span>
     <span class='ocr_line' id='line_1_41' title="bbox 755 3556 2343 3635; baseline 0.006 -24"><span class='ocrx_word' id='word_1_311' title='bbox 755 3556 991 3628; x_wconf 83' lang='lat' dir='ltr'>aliquam</span> <span class='ocrx_word' id='word_1_312' title='bbox 1035 3557 1087 3612; x_wconf 88' lang='lat' dir='ltr'>in</span> <span class='ocrx_word' id='word_1_313' title='bbox 1126 3556 1211 3614; x_wconf 89' lang='lat' dir='ltr'>bis</span> <span class='ocrx_word' id='word_1_314' title='bbox 1250 3559 1557 3629; x_wconf 86' lang='lat' dir='ltr'>praeceptis</span> <span class='ocrx_word' id='word_1_315' title='bbox 1594 3561 1943 3617; x_wconf 87' lang='lat' dir='ltr'>mutationem</span> <span class='ocrx_word' id='word_1_316' title='bbox 1972 3562 2135 3635; x_wconf 79' lang='lat' dir='ltr'>facit,</span> <span class='ocrx_word' id='word_1_317' title='bbox 2169 3564 2343 3621; x_wconf 88' lang='lat' dir='ltr'>utitur</span> 
     </span>
     <span class='ocr_line' id='line_1_42' title="bbox 754 3643 2346 3725; baseline 0.006 -24"><span class='ocrx_word' id='word_1_318' title='bbox 754 3643 1003 3702; x_wconf 88' lang='lat' dir='ltr'>absoluta</span> <span class='ocrx_word' id='word_1_319' title='bbox 1044 3648 1317 3719; x_wconf 86' lang='lat' dir='ltr'>potentia,</span> <span class='ocrx_word' id='word_1_320' title='bbox 1354 3648 1463 3705; x_wconf 89' lang='lat' dir='ltr'>imo</span> <span class='ocrx_word' id='word_1_321' title='bbox 1488 3654 1544 3704; x_wconf 91' lang='lat' dir='ltr'>et</span> <span class='ocrx_word' id='word_1_322' title='bbox 1570 3663 1829 3721; x_wconf 90' lang='lat' dir='ltr'>supremo</span> <span class='ocrx_word' id='word_1_323' title='bbox 1858 3650 2129 3725; x_wconf 88' lang='lat' dir='ltr'>dominio,</span> <span class='ocrx_word' id='word_1_324' title='bbox 2162 3658 2228 3709; x_wconf 91' lang='lat' dir='ltr'>ut</span> <span class='ocrx_word' id='word_1_325' title='bbox 2252 3668 2346 3710; x_wconf 82' lang='lat' dir='ltr'>ex-</span> 
     </span>
     <span class='ocr_line' id='line_1_43' title="bbox 753 3734 2339 3818; baseline 0.008 -28"><span class='ocrx_word' id='word_1_326' title='bbox 753 3734 1084 3808; x_wconf 88' lang='lat' dir='ltr'>plicabimus</span> <span class='ocrx_word' id='word_1_327' title='bbox 1117 3738 1292 3813; x_wconf 86' lang='lat' dir='ltr'>capite</span> <span class='ocrx_word' id='word_1_328' title='bbox 1321 3740 1596 3813; x_wconf 81' lang='lat' dir='ltr'>sequenti3</span> <span class='ocrx_word' id='word_1_329' title='bbox 1627 3756 1760 3815; x_wconf 88' lang='lat' dir='ltr'>ergo</span> <span class='ocrx_word' id='word_1_330' title='bbox 1788 3758 1894 3798; x_wconf 92' lang='lat' dir='ltr'>non</span> <span class='ocrx_word' id='word_1_331' title='bbox 1925 3749 2010 3800; x_wconf 90' lang='lat' dir='ltr'>est</span> <span class='ocrx_word' id='word_1_332' title='bbox 2030 3745 2339 3818; x_wconf 86' lang='lat' dir='ltr'>verisimile,</span> 
     </span>
     <span class='ocr_line' id='line_1_44' title="bbox 751 3824 2342 3910; baseline 0.008 -29"><span class='ocrx_word' id='word_1_333' title='bbox 751 3824 964 3883; x_wconf 89' lang='lat' dir='ltr'>dedisse</span> <span class='ocrx_word' id='word_1_334' title='bbox 1018 3826 1328 3885; x_wconf 89' lang='lat' dir='ltr'>hominibus</span> <span class='ocrx_word' id='word_1_335' title='bbox 1380 3830 1709 3888; x_wconf 89' lang='lat' dir='ltr'>ordinariam</span> <span class='ocrx_word' id='word_1_336' title='bbox 1758 3840 2079 3905; x_wconf 90' lang='lat' dir='ltr'>potestatem</span> <span class='ocrx_word' id='word_1_337' title='bbox 2128 3836 2342 3910; x_wconf 89' lang='lat' dir='ltr'>dispen-</span> 
     </span>
     <span class='ocr_line' id='line_1_45' title="bbox 752 3916 2339 4001; baseline 0.007 -29"><span class='ocrx_word' id='word_1_338' title='bbox 752 3916 905 3973; x_wconf 88' lang='lat' dir='ltr'>sandi</span> <span class='ocrx_word' id='word_1_339' title='bbox 942 3917 995 3974; x_wconf 91' lang='lat' dir='ltr'>in</span> <span class='ocrx_word' id='word_1_340' title='bbox 1032 3918 1213 3991; x_wconf 89' lang='lat' dir='ltr'>aliquo</span> <span class='ocrx_word' id='word_1_341' title='bbox 1250 3927 1545 3991; x_wconf 90' lang='lat' dir='ltr'>praecepto</span> <span class='ocrx_word' id='word_1_342' title='bbox 1576 3922 1833 3979; x_wconf 89' lang='lat' dir='ltr'>naturali.</span> <span class='ocrx_word' id='word_1_343' title='bbox 1866 3924 1946 3981; x_wconf 92' lang='lat' dir='ltr'>Eo</span> <span class='ocrx_word' id='word_1_344' title='bbox 1975 3924 2061 3981; x_wconf 86' lang='lat' dir='ltr'>vel</span> <span class='ocrx_word' id='word_1_345' title='bbox 2090 3927 2339 4001; x_wconf 80' lang='lat' dir='ltr'>maxime,</span> 
     </span>
     <span class='ocr_line' id='line_1_46' title="bbox 752 4006 2337 4088; baseline 0.006 -25"><span class='ocrx_word' id='word_1_346' title='bbox 752 4006 903 4080; x_wconf 92' lang='lat' dir='ltr'>quod</span> <span class='ocrx_word' id='word_1_347' title='bbox 926 4022 991 4065; x_wconf 85' lang='lat' dir='ltr'>ex</span> <span class='ocrx_word' id='word_1_348' title='bbox 1017 4007 1379 4067; x_wconf 87' lang='lat' dir='ltr'>solutionibus</span> <span class='ocrx_word' id='word_1_349' title='bbox 1400 4020 1852 4084; x_wconf 89' lang='lat' dir='ltr'>argumentorum</span> <span class='ocrx_word' id='word_1_350' title='bbox 1884 4021 1937 4071; x_wconf 92' lang='lat' dir='ltr'>et</span> <span class='ocrx_word' id='word_1_351' title='bbox 1955 4030 2023 4073; x_wconf 86' lang='lat' dir='ltr'>ex</span> <span class='ocrx_word' id='word_1_352' title='bbox 2045 4031 2167 4088; x_wconf 88' lang='lat' dir='ltr'>cap.</span> <span class='ocrx_word' id='word_1_353' title='bbox 2201 4016 2337 4074; x_wconf 81' lang='lat' dir='ltr'>xvl.</span> 
     </span>
     <span class='ocr_line' id='line_1_47' title="bbox 750 4099 2341 4179; baseline 0.007 -26"><span class='ocrx_word' id='word_1_354' title='bbox 750 4099 1044 4170; x_wconf 88' lang='lat' dir='ltr'>constabit,</span> <span class='ocrx_word' id='word_1_355' title='bbox 1065 4115 1171 4156; x_wconf 91' lang='lat' dir='ltr'>non</span> <span class='ocrx_word' id='word_1_356' title='bbox 1194 4116 1314 4157; x_wconf 91' lang='lat' dir='ltr'>esse</span> <span class='ocrx_word' id='word_1_357' title='bbox 1337 4099 1645 4159; x_wconf 86' lang='lat' dir='ltr'>bominibus</span> <span class='ocrx_word' id='word_1_358' title='bbox 1670 4106 2037 4163; x_wconf 88' lang='lat' dir='ltr'>necessariam</span> <span class='ocrx_word' id='word_1_359' title='bbox 2062 4105 2222 4164; x_wconf 86' lang='lat' dir='ltr'>talem</span> <span class='ocrx_word' id='word_1_360' title='bbox 2245 4123 2341 4179; x_wconf 90' lang='lat' dir='ltr'>po·</span> 
     </span>
     <span class='ocr_line' id='line_1_48' title="bbox 749 4188 2338 4265; baseline 0.005 -18"><span class='ocrx_word' id='word_1_361' title='bbox 749 4194 1003 4247; x_wconf 87' lang='lat' dir='ltr'>testatem</span> <span class='ocrx_word' id='word_1_362' title='bbox 1032 4188 1097 4246; x_wconf 90' lang='lat' dir='ltr'>ad</span> <span class='ocrx_word' id='word_1_363' title='bbox 1128 4192 1538 4248; x_wconf 80' lang='lat' dir='ltr'>convenientem</span> <span class='ocrx_word' id='word_1_364' title='bbox 1565 4192 2039 4265; x_wconf 83' lang='lat' dir='ltr'>gubernationem.</span> <span class='ocrx_word' id='word_1_365' title='bbox 2082 4197 2338 4255; x_wconf 86' lang='lat' dir='ltr'>Secundo</span> 
     </span>
     <span class='ocr_line' id='line_1_49' title="bbox 752 4279 2341 4359; baseline 0.007 -26"><span class='ocrx_word' id='word_1_366' title='bbox 752 4279 796 4333; x_wconf 90' lang='lat' dir='ltr'>si</span> <span class='ocrx_word' id='word_1_367' title='bbox 837 4279 887 4335; x_wconf 89' lang='lat' dir='ltr'>in</span> <span class='ocrx_word' id='word_1_368' title='bbox 932 4279 1240 4337; x_wconf 87' lang='lat' dir='ltr'>bominibus</span> <span class='ocrx_word' id='word_1_369' title='bbox 1280 4287 1427 4337; x_wconf 90' lang='lat' dir='ltr'>esset</span> <span class='ocrx_word' id='word_1_370' title='bbox 1467 4280 1585 4339; x_wconf 90' lang='lat' dir='ltr'>talis</span> <span class='ocrx_word' id='word_1_371' title='bbox 1628 4290 1907 4359; x_wconf 79' lang='lat' dir='ltr'>potestas,</span> <span class='ocrx_word' id='word_1_372' title='bbox 1940 4302 2047 4342; x_wconf 90' lang='lat' dir='ltr'>non</span> <span class='ocrx_word' id='word_1_373' title='bbox 2076 4286 2256 4344; x_wconf 89' lang='lat' dir='ltr'>solum</span> <span class='ocrx_word' id='word_1_374' title='bbox 2285 4289 2341 4343; x_wconf 89' lang='lat' dir='ltr'>in</span> 
     </span>
     <span class='ocr_line' id='line_1_50' title="bbox 736 4370 2342 4452; baseline 0.005 -25"><span class='ocrx_word' id='word_1_375' title='bbox 736 4370 1011 4437; x_wconf 80' lang='lat' dir='ltr'>¹Pontifice</span> <span class='ocrx_word' id='word_1_376' title='bbox 1048 4378 1227 4439; x_wconf 86' lang='lat' dir='ltr'>esset,</span> <span class='ocrx_word' id='word_1_377' title='bbox 1272 4372 1368 4428; x_wconf 89' lang='lat' dir='ltr'>sed</span> <span class='ocrx_word' id='word_1_378' title='bbox 1404 4373 1568 4429; x_wconf 89' lang='lat' dir='ltr'>etiam</span> <span class='ocrx_word' id='word_1_379' title='bbox 1607 4374 1663 4429; x_wconf 90' lang='lat' dir='ltr'>in</span> <span class='ocrx_word' id='word_1_380' title='bbox 1704 4374 2055 4447; x_wconf 87' lang='lat' dir='ltr'>imperatore,</span> <span class='ocrx_word' id='word_1_381' title='bbox 2102 4376 2190 4437; x_wconf 86' lang='lat' dir='ltr'>vel</span> <span class='ocrx_word' id='word_1_382' title='bbox 2213 4392 2342 4452; x_wconf 88' lang='lat' dir='ltr'>rege</span> 
     </span>
     <span class='ocr_line' id='line_1_51' title="bbox 751 4461 2342 4542; baseline 0.007 -26"><span class='ocrx_word' id='word_1_383' title='bbox 751 4461 1034 4533; x_wconf 89' lang='lat' dir='ltr'>temporali</span> <span class='ocrx_word' id='word_1_384' title='bbox 1071 4461 1125 4518; x_wconf 90' lang='lat' dir='ltr'>in</span> <span class='ocrx_word' id='word_1_385' title='bbox 1166 4461 1247 4518; x_wconf 91' lang='lat' dir='ltr'>bis</span> <span class='ocrx_word' id='word_1_386' title='bbox 1284 4462 1587 4535; x_wconf 86' lang='lat' dir='ltr'>praeceptis</span> <span class='ocrx_word' id='word_1_387' title='bbox 1615 4465 1988 4539; x_wconf 89' lang='lat' dir='ltr'>naturalibus,</span> <span class='ocrx_word' id='word_1_388' title='bbox 2019 4483 2161 4542; x_wconf 89' lang='lat' dir='ltr'>quae</span> <span class='ocrx_word' id='word_1_389' title='bbox 2190 4470 2342 4527; x_wconf 86' lang='lat' dir='ltr'>circa</span> 
     </span>
     <span class='ocr_line' id='line_1_52' title="bbox 752 4550 2343 4632; baseline 0.006 -25"><span class='ocrx_word' id='word_1_390' title='bbox 752 4550 1073 4623; x_wconf 87' lang='lat' dir='ltr'>temporalia</span> <span class='ocrx_word' id='word_1_391' title='bbox 1110 4558 1428 4622; x_wconf 80' lang='lat' dir='ltr'>versantur,</span> <span class='ocrx_word' id='word_1_392' title='bbox 1474 4559 1536 4609; x_wconf 91' lang='lat' dir='ltr'>ut</span> <span class='ocrx_word' id='word_1_393' title='bbox 1576 4555 1846 4613; x_wconf 77' lang='lat' dir='ltr'>sumsere</span> <span class='ocrx_word' id='word_1_394' title='bbox 1876 4558 2080 4630; x_wconf 89' lang='lat' dir='ltr'>omnia,</span> <span class='ocrx_word' id='word_1_395' title='bbox 2108 4574 2249 4632; x_wconf 87' lang='lat' dir='ltr'>quae</span> <span class='ocrx_word' id='word_1_396' title='bbox 2274 4559 2343 4617; x_wconf 89' lang='lat' dir='ltr'>ad</span> 
     </span>
     <span class='ocr_line' id='line_1_53' title="bbox 750 4642 2338 4724; baseline 0.006 -28"><span class='ocrx_word' id='word_1_397' title='bbox 750 4642 1058 4714; x_wconf 85' lang='lat' dir='ltr'>proximum</span> <span class='ocrx_word' id='word_1_398' title='bbox 1098 4643 1400 4716; x_wconf 69' lang='lat' dir='ltr'>pertinent,</span> <span class='ocrx_word' id='word_1_399' title='bbox 1444 4649 1740 4720; x_wconf 88' lang='lat' dir='ltr'>utrumque</span> <span class='ocrx_word' id='word_1_400' title='bbox 1783 4653 1966 4704; x_wconf 88' lang='lat' dir='ltr'>autem</span> <span class='ocrx_word' id='word_1_401' title='bbox 1993 4647 2189 4705; x_wconf 83' lang='lat' dir='ltr'>salsum</span> <span class='ocrx_word' id='word_1_402' title='bbox 2218 4656 2338 4724; x_wconf 88' lang='lat' dir='ltr'>est;</span> 
     </span>
     <span class='ocr_line' id='line_1_54' title="bbox 750 4732 2340 4812; baseline 0.005 -24"><span class='ocrx_word' id='word_1_403' title='bbox 750 4746 904 4805; x_wconf 88' lang='lat' dir='ltr'>ergo.</span> <span class='ocrx_word' id='word_1_404' title='bbox 937 4732 1170 4805; x_wconf 90' lang='lat' dir='ltr'>Sequela</span> <span class='ocrx_word' id='word_1_405' title='bbox 1199 4732 1547 4807; x_wconf 86' lang='lat' dir='ltr'>declaratur,</span> <span class='ocrx_word' id='word_1_406' title='bbox 1579 4737 1706 4809; x_wconf 89' lang='lat' dir='ltr'>quia</span> <span class='ocrx_word' id='word_1_407' title='bbox 1737 4736 1865 4794; x_wconf 88' lang='lat' dir='ltr'>licet</span> <span class='ocrx_word' id='word_1_408' title='bbox 1892 4740 2035 4812; x_wconf 88' lang='lat' dir='ltr'>Papa</span> <span class='ocrx_word' id='word_1_409' title='bbox 2062 4738 2262 4796; x_wconf 88' lang='lat' dir='ltr'>habeat</span> <span class='ocrx_word' id='word_1_410' title='bbox 2287 4740 2340 4795; x_wconf 92' lang='lat' dir='ltr'>in</span> 
     </span>
     <span class='ocr_line' id='line_1_55' title="bbox 751 4820 2343 4901; baseline 0.005 -22"><span class='ocrx_word' id='word_1_411' title='bbox 751 4820 1003 4879; x_wconf 88' lang='lat' dir='ltr'>Ecclesia</span> <span class='ocrx_word' id='word_1_412' title='bbox 1043 4839 1355 4895; x_wconf 89' lang='lat' dir='ltr'>supremam</span> <span class='ocrx_word' id='word_1_413' title='bbox 1396 4832 1745 4899; x_wconf 70' lang='lat' dir='ltr'>potestatem,</span> <span class='ocrx_word' id='word_1_414' title='bbox 1780 4834 1956 4885; x_wconf 87' lang='lat' dir='ltr'>tamen</span> <span class='ocrx_word' id='word_1_415' title='bbox 1983 4829 2143 4885; x_wconf 91' lang='lat' dir='ltr'>etiam</span> <span class='ocrx_word' id='word_1_416' title='bbox 2173 4830 2343 4901; x_wconf 82' lang='lat' dir='ltr'>impe-</span> 
     </span>
     <span class='ocr_line' id='line_1_56' title="bbox 752 4914 2341 4991; baseline 0.005 -22"><span class='ocrx_word' id='word_1_417' title='bbox 752 4919 903 4969; x_wconf 88' lang='lat' dir='ltr'>rator</span> <span class='ocrx_word' id='word_1_418' title='bbox 930 4920 1254 4985; x_wconf 86' lang='lat' dir='ltr'>potestatem</span> <span class='ocrx_word' id='word_1_419' title='bbox 1283 4914 1444 4971; x_wconf 89' lang='lat' dir='ltr'>habet</span> <span class='ocrx_word' id='word_1_420' title='bbox 1472 4932 1503 4972; x_wconf 87' lang='lat' dir='ltr'>a</span> <span class='ocrx_word' id='word_1_421' title='bbox 1530 4918 1663 4987; x_wconf 85' lang='lat' dir='ltr'>Deo,</span> <span class='ocrx_word' id='word_1_422' title='bbox 1696 4922 1751 4973; x_wconf 91' lang='lat' dir='ltr'>et</span> <span class='ocrx_word' id='word_1_423' title='bbox 1775 4918 1948 4974; x_wconf 83' lang='lat' dir='ltr'>vicem</span> <span class='ocrx_word' id='word_1_424' title='bbox 1977 4918 2094 4976; x_wconf 88' lang='lat' dir='ltr'>eius</span> <span class='ocrx_word' id='word_1_425' title='bbox 2122 4922 2268 4991; x_wconf 87' lang='lat' dir='ltr'>gerit</span> <span class='ocrx_word' id='word_1_426' title='bbox 2288 4921 2341 4977; x_wconf 91' lang='lat' dir='ltr'>in</span> 
     </span>
     <span class='ocr_line' id='line_1_57' title="bbox 751 5002 2342 5081; baseline 0.008 -24"><span class='ocrx_word' id='word_1_427' title='bbox 751 5018 851 5058; x_wconf 87' lang='lat' dir='ltr'>sua</span> <span class='ocrx_word' id='word_1_428' title='bbox 876 5002 1175 5074; x_wconf 90' lang='lat' dir='ltr'>republica,</span> <span class='ocrx_word' id='word_1_429' title='bbox 1208 5004 1357 5061; x_wconf 87' lang='lat' dir='ltr'>iuxta</span> <span class='ocrx_word' id='word_1_430' title='bbox 1386 5004 1536 5063; x_wconf 90' lang='lat' dir='ltr'>Paul.</span> <span class='ocrx_word' id='word_1_431' title='bbox 1572 5008 1729 5063; x_wconf 90' lang='lat' dir='ltr'>Rom.</span> <span class='ocrx_word' id='word_1_432' title='bbox 1768 5011 1854 5066; x_wconf 86' lang='lat'>13.</span> <span class='ocrx_word' id='word_1_433' title='bbox 1886 5009 1958 5065; x_wconf 89' lang='lat' dir='ltr'>Et</span> <span class='ocrx_word' id='word_1_434' title='bbox 1977 5007 2254 5081; x_wconf 89' lang='lat' dir='ltr'>loquendo</span> <span class='ocrx_word' id='word_1_435' title='bbox 2274 5026 2342 5069; x_wconf 83' lang='lat' dir='ltr'>ex</span> 
     </span>
     <span class='ocr_line' id='line_1_58' title="bbox 751 5093 2345 5175; baseline 0.006 -27"><span class='ocrx_word' id='word_1_436' title='bbox 751 5094 803 5149; x_wconf 83' lang='lat' dir='ltr'>vi</span> <span class='ocrx_word' id='word_1_437' title='bbox 840 5093 973 5167; x_wconf 88' lang='lat' dir='ltr'>legis</span> <span class='ocrx_word' id='word_1_438' title='bbox 1001 5094 1296 5165; x_wconf 88' lang='lat' dir='ltr'>naturalis,</span> <span class='ocrx_word' id='word_1_439' title='bbox 1328 5102 1450 5153; x_wconf 88' lang='lat' dir='ltr'>ante</span> <span class='ocrx_word' id='word_1_440' title='bbox 1480 5098 1786 5155; x_wconf 87' lang='lat' dir='ltr'>institutam</span> <span class='ocrx_word' id='word_1_441' title='bbox 1817 5100 2141 5171; x_wconf 82' lang='lat' dir='ltr'>pontificiam</span> <span class='ocrx_word' id='word_1_442' title='bbox 2171 5100 2345 5175; x_wconf 85' lang='lat' dir='ltr'>digni-</span> 
     </span>
     <span class='ocr_line' id='line_1_59' title="bbox 693 5186 2342 5264; baseline 0.004 -21"><span class='ocrx_word' id='word_1_443' title='bbox 693 5248 697 5253; x_wconf 60' lang='grc'><em>,</em></span> <span class='ocrx_word' id='word_1_444' title='bbox 751 5191 917 5243; x_wconf 89' lang='lat' dir='ltr'>tatem</span> <span class='ocrx_word' id='word_1_445' title='bbox 948 5201 1055 5241; x_wconf 89' lang='lat' dir='ltr'>non</span> <span class='ocrx_word' id='word_1_446' title='bbox 1083 5191 1263 5258; x_wconf 87' lang='lat' dir='ltr'>potest</span> <span class='ocrx_word' id='word_1_447' title='bbox 1288 5186 1410 5259; x_wconf 84' lang='lat' dir='ltr'>fingi</span> <span class='ocrx_word' id='word_1_448' title='bbox 1438 5187 1601 5260; x_wconf 76' lang='lat' dir='ltr'>aliuS,</span> <span class='ocrx_word' id='word_1_449' title='bbox 1634 5190 1729 5264; x_wconf 92' lang='lat' dir='ltr'>qui</span> <span class='ocrx_word' id='word_1_450' title='bbox 1756 5192 1901 5247; x_wconf 85' lang='lat' dir='ltr'>vices</span> <span class='ocrx_word' id='word_1_451' title='bbox 1929 5190 2021 5247; x_wconf 88' lang='lat' dir='ltr'>Dei</span> <span class='ocrx_word' id='word_1_452' title='bbox 2050 5188 2234 5264; x_wconf 87' lang='lat' dir='ltr'>quoad</span> <span class='ocrx_word' id='word_1_453' title='bbox 2262 5198 2342 5249; x_wconf 90' lang='lat' dir='ltr'>ta-</span> 
     </span>
     <span class='ocr_line' id='line_1_60' title="bbox 750 5276 2338 5355; baseline 0.005 -21"><span class='ocrx_word' id='word_1_454' title='bbox 750 5276 855 5335; x_wconf 89' lang='lat' dir='ltr'>lem</span> <span class='ocrx_word' id='word_1_455' title='bbox 883 5283 1067 5336; x_wconf 87' lang='lat' dir='ltr'>actum</span> <span class='ocrx_word' id='word_1_456' title='bbox 1110 5278 1162 5335; x_wconf 94' lang='lat' dir='ltr'>in</span> <span class='ocrx_word' id='word_1_457' title='bbox 1202 5278 1484 5353; x_wconf 89' lang='lat' dir='ltr'>republica</span> <span class='ocrx_word' id='word_1_458' title='bbox 1509 5287 1698 5355; x_wconf 82' lang='lat' dir='ltr'>gerat,</span> <span class='ocrx_word' id='word_1_459' title='bbox 1729 5287 1786 5339; x_wconf 91' lang='lat' dir='ltr'>et</span> <span class='ocrx_word' id='word_1_460' title='bbox 1814 5297 1965 5340; x_wconf 89' lang='lat' dir='ltr'>nunc</span> <span class='ocrx_word' id='word_1_461' title='bbox 1996 5283 2043 5340; x_wconf 91' lang='lat' dir='ltr'>si</span> <span class='ocrx_word' id='word_1_462' title='bbox 2070 5298 2181 5340; x_wconf 92' lang='lat' dir='ltr'>non</span> <span class='ocrx_word' id='word_1_463' title='bbox 2211 5284 2281 5341; x_wconf 87' lang='lat' dir='ltr'>sit</span> <span class='ocrx_word' id='word_1_464' title='bbox 2305 5300 2338 5342; x_wconf 92' lang='lat' dir='ltr'>a</span> 
     </span>
    </p>
   </div>
   <div class='ocr_carea' id='block_1_7' title="bbox 2409 935 4070 5357">
    <p class='ocr_par' dir='ltr' id='par_1_9' title="bbox 2412 935 4014 2914">
     <span class='ocr_line' id='line_1_61' title="bbox 2416 935 4011 1015; baseline 0.002 -21"><span class='ocrx_word' id='word_1_465' title='bbox 2416 935 2613 995; x_wconf 82' lang='lat' dir='ltr'>delato</span> <span class='ocrx_word' id='word_1_466' title='bbox 2655 936 3015 1010; x_wconf 78' lang='lat' dir='ltr'>defensionis</span> <span class='ocrx_word' id='word_1_467' title='bbox 3054 944 3251 1011; x_wconf 77' lang='lat' dir='ltr'>(qnae</span> <span class='ocrx_word' id='word_1_468' title='bbox 3287 955 3330 998; x_wconf 86' lang='lat' dir='ltr'>a</span> <span class='ocrx_word' id='word_1_469' title='bbox 3363 942 3493 997; x_wconf 78' lang='lat' dir='ltr'>iure</span> <span class='ocrx_word' id='word_1_470' title='bbox 3527 944 3799 1015; x_wconf 75' lang='lat' dir='ltr'>provenit</span> <span class='ocrx_word' id='word_1_471' title='bbox 3832 944 4011 999; x_wconf 76' lang='lat' dir='ltr'>natu·</span> 
     </span>
     <span class='ocr_line' id='line_1_62' title="bbox 2415 1011 4008 1105; baseline 0.003 -21"><span class='ocrx_word' id='word_1_472' title='bbox 2415 1011 2864 1101; x_wconf 70' lang='lat' dir='ltr'>ralilsacuttas</span> <span class='ocrx_word' id='word_1_473' title='bbox 2893 1027 3084 1087; x_wconf 77' lang='lat' dir='ltr'>adimi</span> <span class='ocrx_word' id='word_1_474' title='bbox 3109 1028 3409 1099; x_wconf 73' lang='lat' dir='ltr'>valuisset,</span> <span class='ocrx_word' id='word_1_475' title='bbox 3447 1046 3586 1089; x_wconf 75' lang='lat' dir='ltr'>cum</span> <span class='ocrx_word' id='word_1_476' title='bbox 3610 1029 3726 1089; x_wconf 76' lang='lat' dir='ltr'>illa</span> <span class='ocrx_word' id='word_1_477' title='bbox 3750 1034 4008 1105; x_wconf 80' lang='lat' dir='ltr'>impera-</span> 
     </span>
     <span class='ocr_line' id='line_1_63' title="bbox 2417 1116 4009 1193; baseline 0.003 -18"><span class='ocrx_word' id='word_1_478' title='bbox 2417 1121 2534 1175; x_wconf 76' lang='lat' dir='ltr'>tori</span> <span class='ocrx_word' id='word_1_479' title='bbox 2560 1116 2762 1175; x_wconf 79' lang='lat' dir='ltr'>tollere</span> <span class='ocrx_word' id='word_1_480' title='bbox 2787 1136 2906 1175; x_wconf 77' lang='lat' dir='ltr'>non</span> <span class='ocrx_word' id='word_1_481' title='bbox 2926 1117 3180 1183; x_wconf 79' lang='lat' dir='ltr'>licuerit,</span> <span class='ocrx_word' id='word_1_482' title='bbox 3209 1137 3361 1193; x_wconf 79' lang='lat' dir='ltr'>quae</span> <span class='ocrx_word' id='word_1_483' title='bbox 3381 1124 3532 1179; x_wconf 74' lang='lat' dir='ltr'>iuris</span> <span class='ocrx_word' id='word_1_484' title='bbox 3553 1120 3858 1179; x_wconf 71' lang='lat' dir='ltr'>naturalis</span> <span class='ocrx_word' id='word_1_485' title='bbox 3879 1124 4009 1179; x_wconf 76' lang='lat' dir='ltr'>exi-</span> 
     </span>
     <span class='ocr_line' id='line_1_64' title="bbox 2415 1209 4012 1287; baseline 0.002 -20"><span class='ocrx_word' id='word_1_486' title='bbox 2415 1213 2594 1267; x_wconf 77' lang='lat' dir='ltr'>stunt.</span> <span class='ocrx_word' id='word_1_487' title='bbox 2639 1210 2708 1267; x_wconf 89' lang='lat' dir='ltr'>Et</span> <span class='ocrx_word' id='word_1_488' title='bbox 2746 1209 3067 1282; x_wconf 84' lang='lat' dir='ltr'>generaliter</span> <span class='ocrx_word' id='word_1_489' title='bbox 3109 1211 3247 1269; x_wconf 90' lang='lat' dir='ltr'>idem</span> <span class='ocrx_word' id='word_1_490' title='bbox 3289 1213 3525 1271; x_wconf 90' lang='lat' dir='ltr'>sumitur</span> <span class='ocrx_word' id='word_1_491' title='bbox 3551 1229 3620 1269; x_wconf 85' lang='lat' dir='ltr'>ex</span> <span class='ocrx_word' id='word_1_492' title='bbox 3647 1228 3772 1285; x_wconf 88' lang='lat' dir='ltr'>cap.</span> <span class='ocrx_word' id='word_1_493' title='bbox 3807 1214 4012 1287; x_wconf 74' lang='lat' dir='ltr'>Super</span> 
     </span>
     <span class='ocr_line' id='line_1_65' title="bbox 2416 1297 4014 1368; baseline 0.003 -13"><span class='ocrx_word' id='word_1_494' title='bbox 2416 1315 2507 1368; x_wconf 89' lang='lat' dir='ltr'>eo,</span> <span class='ocrx_word' id='word_1_495' title='bbox 2557 1297 2624 1356; x_wconf 90' lang='lat' dir='ltr'>de</span> <span class='ocrx_word' id='word_1_496' title='bbox 2665 1315 2823 1357; x_wconf 88' lang='lat' dir='ltr'>usur.</span> <span class='ocrx_word' id='word_1_497' title='bbox 2857 1300 2956 1357; x_wconf 90' lang='lat' dir='ltr'>ibi:</span> <span class='ocrx_word' id='word_1_498' title='bbox 2995 1304 3152 1361; x_wconf 82' lang='lat' dir='ltr'>Cum</span> <span class='ocrx_word' id='word_1_499' title='bbox 3177 1318 3510 1361; x_wconf 77' lang='lat' dir='ltr'>usurarum</span> <span class='ocrx_word' id='word_1_500' title='bbox 3536 1307 3760 1361; x_wconf 77' lang='lat' dir='ltr'>crimen</span> <span class='ocrx_word' id='word_1_501' title='bbox 3783 1306 4014 1359; x_wconf 67' lang='lat' dir='ltr'>uto-im-</span> 
     </span>
     <span class='ocr_line' id='line_1_66' title="bbox 2415 1391 4012 1469; baseline 0.003 -22"><span class='ocrx_word' id='word_1_502' title='bbox 2415 1406 2524 1463; x_wconf 76' lang='lat' dir='ltr'>que</span> <span class='ocrx_word' id='word_1_503' title='bbox 2564 1394 2902 1449; x_wconf 75' lang='lat' dir='ltr'>testamenti</span> <span class='ocrx_word' id='word_1_504' title='bbox 2921 1396 3154 1466; x_wconf 65' lang='lat' dir='ltr'>popina</span> <span class='ocrx_word' id='word_1_505' title='bbox 3181 1391 3522 1462; x_wconf 81' lang='lat' dir='ltr'>detestetur,</span> <span class='ocrx_word' id='word_1_506' title='bbox 3558 1410 3732 1469; x_wconf 78' lang='lat' dir='ltr'>super</span> <span class='ocrx_word' id='word_1_507' title='bbox 3758 1395 3867 1452; x_wconf 76' lang='lat' dir='ltr'>hoc</span> <span class='ocrx_word' id='word_1_508' title='bbox 3893 1392 4012 1451; x_wconf 82' lang='lat' dir='ltr'>dis-</span> 
     </span>
     <span class='ocr_line' id='line_1_67' title="bbox 2417 1480 4004 1559; baseline 0.003 -22"><span class='ocrx_word' id='word_1_509' title='bbox 2417 1484 2829 1554; x_wconf 77' lang='lat' dir='ltr'>pensationem</span> <span class='ocrx_word' id='word_1_510' title='bbox 2871 1480 3142 1555; x_wconf 77' lang='lat' dir='ltr'>aliquam</span> <span class='ocrx_word' id='word_1_511' title='bbox 3177 1499 3348 1559; x_wconf 82' lang='lat' dir='ltr'>posse</span> <span class='ocrx_word' id='word_1_512' title='bbox 3373 1483 3518 1557; x_wconf 75' lang='lat' dir='ltr'>fieri</span> <span class='ocrx_word' id='word_1_513' title='bbox 3554 1501 3676 1541; x_wconf 79' lang='lat' dir='ltr'>non</span> <span class='ocrx_word' id='word_1_514' title='bbox 3713 1482 4004 1541; x_wconf 77' lang='lat' dir='ltr'>videmus·</span> 
     </span>
     <span class='ocr_line' id='line_1_68' title="bbox 2415 1570 4010 1646; baseline 0.003 -20"><span class='ocrx_word' id='word_1_515' title='bbox 2415 1570 2494 1627; x_wconf 85' lang='lat' dir='ltr'>Ex</span> <span class='ocrx_word' id='word_1_516' title='bbox 2535 1587 2598 1628; x_wconf 92' lang='lat' dir='ltr'>eo</span> <span class='ocrx_word' id='word_1_517' title='bbox 2642 1574 2812 1643; x_wconf 90' lang='lat' dir='ltr'>enim,</span> <span class='ocrx_word' id='word_1_518' title='bbox 2845 1572 2992 1646; x_wconf 89' lang='lat' dir='ltr'>quod</span> <span class='ocrx_word' id='word_1_519' title='bbox 3023 1580 3318 1646; x_wconf 89' lang='lat' dir='ltr'>utrumque</span> <span class='ocrx_word' id='word_1_520' title='bbox 3349 1579 3735 1633; x_wconf 82' lang='lat' dir='ltr'>testamentum</span> <span class='ocrx_word' id='word_1_521' title='bbox 3763 1575 3872 1633; x_wconf 88' lang='lat' dir='ltr'>tale</span> <span class='ocrx_word' id='word_1_522' title='bbox 3899 1576 4010 1631; x_wconf 89' lang='lat' dir='ltr'>cri-</span> 
     </span>
     <span class='ocr_line' id='line_1_69' title="bbox 2419 1660 4008 1736; baseline 0.003 -20"><span class='ocrx_word' id='word_1_523' title='bbox 2419 1674 2542 1716; x_wconf 90' lang='lat' dir='ltr'>men</span> <span class='ocrx_word' id='word_1_524' title='bbox 2574 1660 2906 1733; x_wconf 88' lang='lat' dir='ltr'>detestetur,</span> <span class='ocrx_word' id='word_1_525' title='bbox 2939 1663 3101 1719; x_wconf 85' lang='lat' dir='ltr'>tacite</span> <span class='ocrx_word' id='word_1_526' title='bbox 3130 1662 3334 1736; x_wconf 84' lang='lat' dir='ltr'>colligit</span> <span class='ocrx_word' id='word_1_527' title='bbox 3361 1665 3632 1736; x_wconf 77' lang='lat' dir='ltr'>Pontifex,</span> <span class='ocrx_word' id='word_1_528' title='bbox 3663 1681 3782 1723; x_wconf 89' lang='lat' dir='ltr'>esse</span> <span class='ocrx_word' id='word_1_529' title='bbox 3811 1672 4008 1721; x_wconf 87' lang='lat' dir='ltr'>contra</span> 
     </span>
     <span class='ocr_line' id='line_1_70' title="bbox 2415 1750 4002 1827; baseline 0.003 -20"><span class='ocrx_word' id='word_1_530' title='bbox 2415 1752 2504 1807; x_wconf 90' lang='lat' dir='ltr'>ius</span> <span class='ocrx_word' id='word_1_531' title='bbox 2535 1750 2807 1823; x_wconf 87' lang='lat' dir='ltr'>naturale,</span> <span class='ocrx_word' id='word_1_532' title='bbox 2843 1758 2900 1808; x_wconf 92' lang='lat' dir='ltr'>et</span> <span class='ocrx_word' id='word_1_533' title='bbox 2929 1751 3054 1808; x_wconf 93' lang='lat' dir='ltr'>hinc</span> <span class='ocrx_word' id='word_1_534' title='bbox 3083 1768 3204 1809; x_wconf 90' lang='lat' dir='ltr'>esse</span> <span class='ocrx_word' id='word_1_535' title='bbox 3223 1752 3633 1827; x_wconf 85' lang='lat' dir='ltr'>indispensabile</span> <span class='ocrx_word' id='word_1_536' title='bbox 3655 1753 4002 1827; x_wconf 88' lang='lat' dir='ltr'>simpliciter,</span> 
     </span>
     <span class='ocr_line' id='line_1_71' title="bbox 2417 1840 4007 1919; baseline 0.003 -22"><span class='ocrx_word' id='word_1_537' title='bbox 2417 1858 2482 1898; x_wconf 87' lang='lat' dir='ltr'>ac</span> <span class='ocrx_word' id='word_1_538' title='bbox 2525 1840 2754 1898; x_wconf 84' lang='lat' dir='ltr'>subinde</span> <span class='ocrx_word' id='word_1_539' title='bbox 2795 1858 2892 1914; x_wconf 87' lang='lat' dir='ltr'>per</span> <span class='ocrx_word' id='word_1_540' title='bbox 2933 1859 3347 1918; x_wconf 85' lang='lat' dir='ltr'>quamcumque</span> <span class='ocrx_word' id='word_1_541' title='bbox 3387 1844 3616 1903; x_wconf 89' lang='lat' dir='ltr'>bominis</span> <span class='ocrx_word' id='word_1_542' title='bbox 3657 1852 4007 1919; x_wconf 88' lang='lat' dir='ltr'>potestatem.</span> 
     </span>
     <span class='ocr_line' id='line_1_72' title="bbox 2415 1932 4010 2009; baseline 0.003 -21"><span class='ocrx_word' id='word_1_543' title='bbox 2415 1932 2596 1989; x_wconf 89' lang='lat' dir='ltr'>Tertio</span> <span class='ocrx_word' id='word_1_544' title='bbox 2619 1973 2634 2004; x_wconf 98' lang='lat'>,</span> <span class='ocrx_word' id='word_1_545' title='bbox 2677 1934 2734 1988; x_wconf 90' lang='lat' dir='ltr'>in</span> <span class='ocrx_word' id='word_1_546' title='bbox 2775 1932 2856 1988; x_wconf 89' lang='lat' dir='ltr'>his</span> <span class='ocrx_word' id='word_1_547' title='bbox 2899 1935 3208 2005; x_wconf 87' lang='lat' dir='ltr'>praeceptis</span> <span class='ocrx_word' id='word_1_548' title='bbox 3249 1932 3438 1991; x_wconf 88' lang='lat' dir='ltr'>eadem</span> <span class='ocrx_word' id='word_1_549' title='bbox 3473 1942 3558 1992; x_wconf 88' lang='lat' dir='ltr'>est</span> <span class='ocrx_word' id='word_1_550' title='bbox 3585 1936 3723 1992; x_wconf 89' lang='lat' dir='ltr'>ratio</span> <span class='ocrx_word' id='word_1_551' title='bbox 3753 1936 3924 2009; x_wconf 88' lang='lat' dir='ltr'>partis</span> <span class='ocrx_word' id='word_1_552' title='bbox 3951 1943 4010 1993; x_wconf 92' lang='lat' dir='ltr'>et</span> 
     </span>
     <span class='ocr_line' id='line_1_73' title="bbox 2416 2024 4010 2099; baseline 0.003 -19"><span class='ocrx_word' id='word_1_553' title='bbox 2416 2024 2612 2095; x_wconf 73' lang='lat' dir='ltr'>totius,</span> <span class='ocrx_word' id='word_1_554' title='bbox 2657 2040 2782 2080; x_wconf 88' lang='lat' dir='ltr'>nam</span> <span class='ocrx_word' id='word_1_555' title='bbox 2810 2024 2861 2079; x_wconf 91' lang='lat' dir='ltr'>in</span> <span class='ocrx_word' id='word_1_556' title='bbox 2891 2024 3261 2096; x_wconf 88' lang='lat' dir='ltr'>propositione</span> <span class='ocrx_word' id='word_1_557' title='bbox 3291 2028 3622 2098; x_wconf 84' lang='lat' dir='ltr'>necessaria,</span> <span class='ocrx_word' id='word_1_558' title='bbox 3653 2042 3821 2099; x_wconf 87' lang='lat' dir='ltr'>quam</span> <span class='ocrx_word' id='word_1_559' title='bbox 3848 2026 4010 2084; x_wconf 89' lang='lat' dir='ltr'>diale-</span> 
     </span>
     <span class='ocr_line' id='line_1_74' title="bbox 2414 2113 4011 2189; baseline 0.004 -19"><span class='ocrx_word' id='word_1_560' title='bbox 2414 2114 2541 2171; x_wconf 90' lang='lat' dir='ltr'>ctici</span> <span class='ocrx_word' id='word_1_561' title='bbox 2584 2113 2776 2171; x_wconf 88' lang='lat' dir='ltr'>dicunt</span> <span class='ocrx_word' id='word_1_562' title='bbox 2811 2130 2930 2171; x_wconf 87' lang='lat' dir='ltr'>esse</span> <span class='ocrx_word' id='word_1_563' title='bbox 2958 2115 3011 2171; x_wconf 89' lang='lat' dir='ltr'>in</span> <span class='ocrx_word' id='word_1_564' title='bbox 3039 2116 3264 2173; x_wconf 90' lang='lat' dir='ltr'>materia</span> <span class='ocrx_word' id='word_1_565' title='bbox 3291 2116 3549 2189; x_wconf 87' lang='lat' dir='ltr'>naturali,</span> <span class='ocrx_word' id='word_1_566' title='bbox 3579 2133 3689 2173; x_wconf 88' lang='lat' dir='ltr'>non</span> <span class='ocrx_word' id='word_1_567' title='bbox 3715 2119 3900 2175; x_wconf 86' lang='lat' dir='ltr'>minus</span> <span class='ocrx_word' id='word_1_568' title='bbox 3926 2134 4011 2177; x_wconf 88' lang='lat' dir='ltr'>re-</span> 
     </span>
     <span class='ocr_line' id='line_1_75' title="bbox 2413 2203 4010 2281; baseline 0.003 -21"><span class='ocrx_word' id='word_1_569' title='bbox 2413 2211 2622 2277; x_wconf 86' lang='lat' dir='ltr'>pugnat</span> <span class='ocrx_word' id='word_1_570' title='bbox 2650 2203 2854 2261; x_wconf 84' lang='lat' dir='ltr'>t&#39;alsitas</span> <span class='ocrx_word' id='word_1_571' title='bbox 2887 2203 3049 2261; x_wconf 88' lang='lat' dir='ltr'>unius</span> <span class='ocrx_word' id='word_1_572' title='bbox 3078 2205 3390 2279; x_wconf 87' lang='lat' dir='ltr'>singularis,</span> <span class='ocrx_word' id='word_1_573' title='bbox 3415 2209 3772 2281; x_wconf 86' lang='lat' dir='ltr'>quamtotius</span> <span class='ocrx_word' id='word_1_574' title='bbox 3795 2212 4010 2266; x_wconf 85' lang='lat' dir='ltr'>univer-</span> 
     </span>
     <span class='ocr_line' id='line_1_76' title="bbox 2417 2294 4008 2370; baseline 0.004 -19"><span class='ocrx_word' id='word_1_575' title='bbox 2417 2294 2542 2352; x_wconf 88' lang='lat' dir='ltr'>salis</span> <span class='ocrx_word' id='word_1_576' title='bbox 2583 2297 2995 2368; x_wconf 67' lang='lat' dir='ltr'>propositionis,</span> <span class='ocrx_word' id='word_1_577' title='bbox 3042 2295 3138 2353; x_wconf 89' lang='lat' dir='ltr'>sed</span> <span class='ocrx_word' id='word_1_578' title='bbox 3177 2312 3336 2353; x_wconf 88' lang='lat' dir='ltr'>omne</span> <span class='ocrx_word' id='word_1_579' title='bbox 3377 2303 3732 2370; x_wconf 89' lang='lat' dir='ltr'>praeceptum</span> <span class='ocrx_word' id='word_1_580' title='bbox 3759 2298 4008 2357; x_wconf 87' lang='lat' dir='ltr'>naturale</span> 
     </span>
     <span class='ocr_line' id='line_1_77' title="bbox 2413 2386 4010 2458; baseline 0.003 -15"><span class='ocrx_word' id='word_1_581' title='bbox 2413 2394 2499 2443; x_wconf 90' lang='lat' dir='ltr'>est</span> <span class='ocrx_word' id='word_1_582' title='bbox 2537 2388 2590 2443; x_wconf 91' lang='lat' dir='ltr'>in</span> <span class='ocrx_word' id='word_1_583' title='bbox 2633 2388 2866 2444; x_wconf 88' lang='lat' dir='ltr'>materia</span> <span class='ocrx_word' id='word_1_584' title='bbox 2893 2386 3151 2458; x_wconf 91' lang='lat' dir='ltr'>naturali,</span> <span class='ocrx_word' id='word_1_585' title='bbox 3183 2395 3240 2444; x_wconf 92' lang='lat' dir='ltr'>et</span> <span class='ocrx_word' id='word_1_586' title='bbox 3265 2389 3510 2445; x_wconf 87' lang='lat' dir='ltr'>continet</span> <span class='ocrx_word' id='word_1_587' title='bbox 3538 2389 3842 2447; x_wconf 89' lang='lat' dir='ltr'>absolutam</span> <span class='ocrx_word' id='word_1_588' title='bbox 3870 2392 4010 2447; x_wconf 83' lang='lat' dir='ltr'>veri-</span> 
     </span>
     <span class='ocr_line' id='line_1_78' title="bbox 2412 2478 4008 2553; baseline 0.003 -19"><span class='ocrx_word' id='word_1_589' title='bbox 2412 2483 2581 2534; x_wconf 90' lang='lat' dir='ltr'>tatem</span> <span class='ocrx_word' id='word_1_590' title='bbox 2621 2492 2689 2533; x_wconf 84' lang='lat' dir='ltr'>ex</span> <span class='ocrx_word' id='word_1_591' title='bbox 2729 2484 2929 2534; x_wconf 88' lang='lat' dir='ltr'>natura</span> <span class='ocrx_word' id='word_1_592' title='bbox 2970 2478 3046 2534; x_wconf 90' lang='lat' dir='ltr'>rei</span> <span class='ocrx_word' id='word_1_593' title='bbox 3075 2478 3475 2546; x_wconf 82' lang='lat' dir='ltr'>necessariam3</span> <span class='ocrx_word' id='word_1_594' title='bbox 3504 2495 3639 2553; x_wconf 89' lang='lat' dir='ltr'>ergo</span> <span class='ocrx_word' id='word_1_595' title='bbox 3667 2482 3816 2538; x_wconf 88' lang='lat' dir='ltr'>sicut</span> <span class='ocrx_word' id='word_1_596' title='bbox 3847 2481 4008 2538; x_wconf 89' lang='lat' dir='ltr'>abro-</span> 
     </span>
     <span class='ocr_line' id='line_1_79' title="bbox 2413 2567 4008 2645; baseline 0.004 -23"><span class='ocrx_word' id='word_1_597' title='bbox 2413 2567 2529 2639; x_wconf 89' lang='lat' dir='ltr'>gari</span> <span class='ocrx_word' id='word_1_598' title='bbox 2567 2583 2673 2623; x_wconf 91' lang='lat' dir='ltr'>non</span> <span class='ocrx_word' id='word_1_599' title='bbox 2716 2574 2926 2640; x_wconf 89' lang='lat' dir='ltr'>potest,</span> <span class='ocrx_word' id='word_1_600' title='bbox 2971 2568 3042 2625; x_wconf 86' lang='lat' dir='ltr'>ita</span> <span class='ocrx_word' id='word_1_601' title='bbox 3080 2584 3257 2641; x_wconf 90' lang='lat' dir='ltr'>neque</span> <span class='ocrx_word' id='word_1_602' title='bbox 3285 2570 3338 2625; x_wconf 89' lang='lat' dir='ltr'>in</span> <span class='ocrx_word' id='word_1_603' title='bbox 3370 2568 3552 2644; x_wconf 90' lang='lat' dir='ltr'>aliquo</span> <span class='ocrx_word' id='word_1_604' title='bbox 3581 2571 3838 2645; x_wconf 86' lang='lat' dir='ltr'>singulari</span> <span class='ocrx_word' id='word_1_605' title='bbox 3869 2587 4008 2628; x_wconf 86' lang='lat' dir='ltr'>casu</span> 
     </span>
     <span class='ocr_line' id='line_1_80' title="bbox 2415 2658 4008 2735; baseline 0.002 -21"><span class='ocrx_word' id='word_1_606' title='bbox 2415 2658 2768 2715; x_wconf 89' lang='lat' dir='ltr'>mutationem</span> <span class='ocrx_word' id='word_1_607' title='bbox 2810 2659 3088 2730; x_wconf 90' lang='lat' dir='ltr'>recipere,</span> <span class='ocrx_word' id='word_1_608' title='bbox 3131 2664 3187 2715; x_wconf 90' lang='lat' dir='ltr'>et</span> <span class='ocrx_word' id='word_1_609' title='bbox 3225 2666 3628 2732; x_wconf 88' lang='lat' dir='ltr'>consequenter</span> <span class='ocrx_word' id='word_1_610' title='bbox 3655 2676 3755 2717; x_wconf 90' lang='lat' dir='ltr'>nec</span> <span class='ocrx_word' id='word_1_611' title='bbox 3793 2661 4008 2735; x_wconf 89' lang='lat' dir='ltr'>dispen-</span> 
     </span>
     <span class='ocr_line' id='line_1_81' title="bbox 2414 2747 4002 2823; baseline 0.003 -19"><span class='ocrx_word' id='word_1_612' title='bbox 2414 2747 2542 2805; x_wconf 88' lang='lat' dir='ltr'>sari.</span> <span class='ocrx_word' id='word_1_613' title='bbox 2585 2747 2689 2805; x_wconf 89' lang='lat' dir='ltr'>Sed</span> <span class='ocrx_word' id='word_1_614' title='bbox 2716 2749 2796 2805; x_wconf 82' lang='lat' dir='ltr'>vis</span> <span class='ocrx_word' id='word_1_615' title='bbox 2824 2750 2987 2806; x_wconf 92' lang='lat' dir='ltr'>buius</span> <span class='ocrx_word' id='word_1_616' title='bbox 3018 2751 3327 2823; x_wconf 87' lang='lat' dir='ltr'>argumenti</span> <span class='ocrx_word' id='word_1_617' title='bbox 3355 2750 3556 2822; x_wconf 88' lang='lat' dir='ltr'>pendet</span> <span class='ocrx_word' id='word_1_618' title='bbox 3583 2768 3648 2809; x_wconf 85' lang='lat' dir='ltr'>ex</span> <span class='ocrx_word' id='word_1_619' title='bbox 3675 2750 3920 2809; x_wconf 89' lang='lat' dir='ltr'>dicendis</span> <span class='ocrx_word' id='word_1_620' title='bbox 3949 2754 4002 2811; x_wconf 92' lang='lat' dir='ltr'>in</span> 
     </span>
     <span class='ocr_line' id='line_1_82' title="bbox 2414 2838 3862 2914; baseline 0.004 -20"><span class='ocrx_word' id='word_1_621' title='bbox 2414 2853 2536 2910; x_wconf 88' lang='lat' dir='ltr'>cap.</span> <span class='ocrx_word' id='word_1_622' title='bbox 2572 2838 2815 2911; x_wconf 87' lang='lat' dir='ltr'>sequenti</span> <span class='ocrx_word' id='word_1_623' title='bbox 2839 2844 2895 2895; x_wconf 91' lang='lat' dir='ltr'>et</span> <span class='ocrx_word' id='word_1_624' title='bbox 2918 2841 2970 2895; x_wconf 90' lang='lat' dir='ltr'>in</span> <span class='ocrx_word' id='word_1_625' title='bbox 3000 2838 3356 2896; x_wconf 86' lang='lat' dir='ltr'>solutionibus</span> <span class='ocrx_word' id='word_1_626' title='bbox 3386 2850 3862 2914; x_wconf 85' lang='lat' dir='ltr'>argumentorum.</span> 
     </span>
    </p>

    <p class='ocr_par' dir='ltr' id='par_1_10' title="bbox 2409 2928 4070 5357">
     <span class='ocr_line' id='line_1_83' title="bbox 2493 2928 4004 3005; baseline 0.002 -19"><span class='ocrx_word' id='word_1_627' title='bbox 2493 2933 2546 2986; x_wconf 88' lang='lat'>8.</span> <span class='ocrx_word' id='word_1_628' title='bbox 2579 2930 2710 2985; x_wconf 89' lang='lat' dir='ltr'>Dico</span> <span class='ocrx_word' id='word_1_629' title='bbox 2749 2928 3023 2986; x_wconf 87' lang='lat' dir='ltr'>secundo:</span> <span class='ocrx_word' id='word_1_630' title='bbox 3062 2930 3360 3003; x_wconf 87' lang='lat' dir='ltr'>Praecepta</span> <span class='ocrx_word' id='word_1_631' title='bbox 3386 2931 3523 2987; x_wconf 82' lang='lat' dir='ltr'>iuris</span> <span class='ocrx_word' id='word_1_632' title='bbox 3549 2931 3832 2997; x_wconf 88' lang='lat' dir='ltr'>naturalis,</span> <span class='ocrx_word' id='word_1_633' title='bbox 3863 2948 4004 3005; x_wconf 88' lang='lat' dir='ltr'>quae</span> 
     </span>
     <span class='ocr_line' id='line_1_84' title="bbox 2414 3018 4003 3093; baseline 0.004 -20"><span class='ocrx_word' id='word_1_634' title='bbox 2414 3018 2651 3089; x_wconf 89' lang='lat' dir='ltr'>pendent</span> <span class='ocrx_word' id='word_1_635' title='bbox 2677 3018 2724 3073; x_wconf 89' lang='lat' dir='ltr'>in</span> <span class='ocrx_word' id='word_1_636' title='bbox 2755 3026 2854 3075; x_wconf 80' lang='lat' dir='ltr'>sua</span> <span class='ocrx_word' id='word_1_637' title='bbox 2883 3018 3214 3092; x_wconf 80' lang='lat' dir='ltr'>obligatione</span> <span class='ocrx_word' id='word_1_638' title='bbox 3243 3022 3588 3092; x_wconf 87' lang='lat' dir='ltr'>praeceptiva</span> <span class='ocrx_word' id='word_1_639' title='bbox 3616 3037 3646 3077; x_wconf 97' lang='lat' dir='ltr'>a</span> <span class='ocrx_word' id='word_1_640' title='bbox 3675 3022 3844 3093; x_wconf 90' lang='lat' dir='ltr'>priori</span> <span class='ocrx_word' id='word_1_641' title='bbox 3871 3038 4003 3079; x_wconf 90' lang='lat' dir='ltr'>con-</span> 
     </span>
     <span class='ocr_line' id='line_1_85' title="bbox 2415 3108 3998 3181; baseline 0.003 -18"><span class='ocrx_word' id='word_1_642' title='bbox 2415 3124 2578 3165; x_wconf 89' lang='lat' dir='ltr'>sensu</span> <span class='ocrx_word' id='word_1_643' title='bbox 2619 3108 2912 3166; x_wconf 82' lang='lat' dir='ltr'>voluntatis</span> <span class='ocrx_word' id='word_1_644' title='bbox 2952 3108 3248 3181; x_wconf 85' lang='lat' dir='ltr'>humanae,</span> <span class='ocrx_word' id='word_1_645' title='bbox 3290 3116 3346 3167; x_wconf 89' lang='lat' dir='ltr'>et</span> <span class='ocrx_word' id='word_1_646' title='bbox 3385 3109 3452 3167; x_wconf 88' lang='lat' dir='ltr'>ab</span> <span class='ocrx_word' id='word_1_647' title='bbox 3481 3109 3730 3167; x_wconf 84' lang='lat' dir='ltr'>efficacia</span> <span class='ocrx_word' id='word_1_648' title='bbox 3757 3110 3900 3168; x_wconf 90' lang='lat' dir='ltr'>illius</span> <span class='ocrx_word' id='word_1_649' title='bbox 3929 3110 3998 3168; x_wconf 92' lang='lat' dir='ltr'>ad</span> 
     </span>
     <span class='ocr_line' id='line_1_86' title="bbox 2413 3199 4004 3273; baseline 0.001 -18"><span class='ocrx_word' id='word_1_650' title='bbox 2413 3199 2618 3273; x_wconf 89' lang='lat' dir='ltr'>aliquid</span> <span class='ocrx_word' id='word_1_651' title='bbox 2641 3199 2931 3273; x_wconf 85' lang='lat' dir='ltr'>agendum,</span> <span class='ocrx_word' id='word_1_652' title='bbox 2955 3206 3187 3271; x_wconf 89' lang='lat' dir='ltr'>possunt</span> <span class='ocrx_word' id='word_1_653' title='bbox 3208 3199 3478 3257; x_wconf 89' lang='lat' dir='ltr'>interdum</span> <span class='ocrx_word' id='word_1_654' title='bbox 3504 3216 3602 3273; x_wconf 88' lang='lat' dir='ltr'>per</span> <span class='ocrx_word' id='word_1_655' title='bbox 3625 3200 3868 3258; x_wconf 86' lang='lat' dir='ltr'>homines</span> <span class='ocrx_word' id='word_1_656' title='bbox 3894 3201 4004 3259; x_wconf 89' lang='lat' dir='ltr'>dis-</span> 
     </span>
     <span class='ocr_line' id='line_1_87' title="bbox 2413 3287 4011 3364; baseline 0.003 -20"><span class='ocrx_word' id='word_1_657' title='bbox 2413 3289 2658 3361; x_wconf 89' lang='lat' dir='ltr'>pensari,</span> <span class='ocrx_word' id='word_1_658' title='bbox 2699 3305 2808 3345; x_wconf 89' lang='lat' dir='ltr'>non</span> <span class='ocrx_word' id='word_1_659' title='bbox 2846 3287 3051 3345; x_wconf 90' lang='lat' dir='ltr'>directe</span> <span class='ocrx_word' id='word_1_660' title='bbox 3093 3304 3158 3345; x_wconf 92' lang='lat' dir='ltr'>ac</span> <span class='ocrx_word' id='word_1_661' title='bbox 3199 3292 3442 3362; x_wconf 90' lang='lat' dir='ltr'>praecise</span> <span class='ocrx_word' id='word_1_662' title='bbox 3480 3289 3773 3347; x_wconf 80' lang='lat' dir='ltr'>auferendo</span> <span class='ocrx_word' id='word_1_663' title='bbox 3803 3290 4011 3364; x_wconf 88' lang='lat' dir='ltr'>obliga·</span> 
     </span>
     <span class='ocr_line' id='line_1_88' title="bbox 2415 3379 4006 3456; baseline 0.002 -20"><span class='ocrx_word' id='word_1_664' title='bbox 2415 3380 2614 3437; x_wconf 90' lang='lat' dir='ltr'>tionem</span> <span class='ocrx_word' id='word_1_665' title='bbox 2645 3381 2776 3454; x_wconf 86' lang='lat' dir='ltr'>legis</span> <span class='ocrx_word' id='word_1_666' title='bbox 2803 3380 3089 3452; x_wconf 87' lang='lat' dir='ltr'>naturalis,</span> <span class='ocrx_word' id='word_1_667' title='bbox 3121 3379 3216 3437; x_wconf 89' lang='lat' dir='ltr'>sed</span> <span class='ocrx_word' id='word_1_668' title='bbox 3241 3380 3508 3438; x_wconf 86' lang='lat' dir='ltr'>mediante</span> <span class='ocrx_word' id='word_1_669' title='bbox 3529 3380 3708 3456; x_wconf 90' lang='lat' dir='ltr'>aliqua</span> <span class='ocrx_word' id='word_1_670' title='bbox 3727 3384 4006 3439; x_wconf 85' lang='lat' dir='ltr'>remissio-</span> 
     </span>
     <span class='ocr_line' id='line_1_89' title="bbox 2411 3471 4006 3546; baseline 0.001 -19"><span class='ocrx_word' id='word_1_671' title='bbox 2411 3486 2510 3543; x_wconf 89' lang='lat' dir='ltr'>ne,</span> <span class='ocrx_word' id='word_1_672' title='bbox 2541 3486 2682 3544; x_wconf 88' lang='lat' dir='ltr'>quae</span> <span class='ocrx_word' id='word_1_673' title='bbox 2722 3471 2781 3527; x_wconf 83' lang='lat' dir='ltr'>tit</span> <span class='ocrx_word' id='word_1_674' title='bbox 2817 3486 2882 3527; x_wconf 81' lang='lat' dir='ltr'>ex</span> <span class='ocrx_word' id='word_1_675' title='bbox 2925 3477 3076 3541; x_wconf 88' lang='lat' dir='ltr'>parte</span> <span class='ocrx_word' id='word_1_676' title='bbox 3103 3472 3377 3529; x_wconf 89' lang='lat' dir='ltr'>materiae.</span> <span class='ocrx_word' id='word_1_677' title='bbox 3410 3474 3564 3528; x_wconf 90' lang='lat' dir='ltr'>Prior</span> <span class='ocrx_word' id='word_1_678' title='bbox 3602 3488 3730 3545; x_wconf 90' lang='lat' dir='ltr'>pars</span> <span class='ocrx_word' id='word_1_679' title='bbox 3758 3476 4006 3546; x_wconf 85' lang='lat' dir='ltr'>negativa</span> 
     </span>
     <span class='ocr_line' id='line_1_90' title="bbox 2412 3561 4003 3639; baseline 0.004 -22"><span class='ocrx_word' id='word_1_680' title='bbox 2412 3567 2631 3618; x_wconf 88' lang='lat' dir='ltr'>constat</span> <span class='ocrx_word' id='word_1_681' title='bbox 2664 3561 2821 3618; x_wconf 77' lang='lat' dir='ltr'>facile</span> <span class='ocrx_word' id='word_1_682' title='bbox 2861 3576 2925 3618; x_wconf 82' lang='lat' dir='ltr'>ex</span> <span class='ocrx_word' id='word_1_683' title='bbox 2961 3561 3304 3634; x_wconf 90' lang='lat' dir='ltr'>praecedenti</span> <span class='ocrx_word' id='word_1_684' title='bbox 3332 3563 3653 3637; x_wconf 87' lang='lat' dir='ltr'>assertione,</span> <span class='ocrx_word' id='word_1_685' title='bbox 3684 3567 3814 3639; x_wconf 87' lang='lat' dir='ltr'>quia</span> <span class='ocrx_word' id='word_1_686' title='bbox 3841 3565 4003 3623; x_wconf 88' lang='lat' dir='ltr'>etiam</span> 
     </span>
     <span class='ocr_line' id='line_1_91' title="bbox 2411 3650 4002 3726; baseline 0.004 -20"><span class='ocrx_word' id='word_1_687' title='bbox 2411 3650 2500 3708; x_wconf 88' lang='lat' dir='ltr'>illa</span> <span class='ocrx_word' id='word_1_688' title='bbox 2520 3658 2810 3723; x_wconf 87' lang='lat' dir='ltr'>praecepta</span> <span class='ocrx_word' id='word_1_689' title='bbox 2833 3651 3139 3709; x_wconf 90' lang='lat' dir='ltr'>secundum</span> <span class='ocrx_word' id='word_1_690' title='bbox 3161 3668 3218 3709; x_wconf 89' lang='lat' dir='ltr'>se</span> <span class='ocrx_word' id='word_1_691' title='bbox 3241 3659 3485 3726; x_wconf 90' lang='lat' dir='ltr'>spectata</span> <span class='ocrx_word' id='word_1_692' title='bbox 3507 3655 3786 3712; x_wconf 89' lang='lat' dir='ltr'>continent</span> <span class='ocrx_word' id='word_1_693' title='bbox 3807 3656 4002 3713; x_wconf 90' lang='lat' dir='ltr'>intrin-</span> 
     </span>
     <span class='ocr_line' id='line_1_92' title="bbox 2413 3741 4000 3819; baseline 0.004 -22"><span class='ocrx_word' id='word_1_694' title='bbox 2413 3756 2597 3800; x_wconf 90' lang='lat' dir='ltr'>secam</span> <span class='ocrx_word' id='word_1_695' title='bbox 2643 3741 3017 3815; x_wconf 88' lang='lat' dir='ltr'>honestatem,</span> <span class='ocrx_word' id='word_1_696' title='bbox 3063 3758 3200 3817; x_wconf 90' lang='lat' dir='ltr'>quae</span> <span class='ocrx_word' id='word_1_697' title='bbox 3239 3756 3520 3818; x_wconf 88' lang='lat' dir='ltr'>nunquam</span> <span class='ocrx_word' id='word_1_698' title='bbox 3561 3751 3745 3817; x_wconf 90' lang='lat' dir='ltr'>potest</span> <span class='ocrx_word' id='word_1_699' title='bbox 3769 3746 4000 3819; x_wconf 76' lang='lat' dir='ltr'>auferri,</span> 
     </span>
     <span class='ocr_line' id='line_1_93' title="bbox 2412 3831 4004 3909; baseline 0.003 -20"><span class='ocrx_word' id='word_1_700' title='bbox 2412 3838 2510 3889; x_wconf 90' lang='lat' dir='ltr'>aut</span> <span class='ocrx_word' id='word_1_701' title='bbox 2537 3831 2747 3905; x_wconf 85' lang='lat' dir='ltr'>violari,</span> <span class='ocrx_word' id='word_1_702' title='bbox 2778 3833 2821 3889; x_wconf 90' lang='lat' dir='ltr'>si</span> <span class='ocrx_word' id='word_1_703' title='bbox 2849 3831 2917 3889; x_wconf 89' lang='lat' dir='ltr'>ad</span> <span class='ocrx_word' id='word_1_704' title='bbox 2945 3849 3103 3889; x_wconf 89' lang='lat' dir='ltr'>suam</span> <span class='ocrx_word' id='word_1_705' title='bbox 3133 3834 3414 3891; x_wconf 90' lang='lat' dir='ltr'>materiam</span> <span class='ocrx_word' id='word_1_706' title='bbox 3439 3833 3799 3908; x_wconf 87' lang='lat' dir='ltr'>applicentur,</span> <span class='ocrx_word' id='word_1_707' title='bbox 3826 3843 3888 3894; x_wconf 93' lang='lat' dir='ltr'>ut</span> <span class='ocrx_word' id='word_1_708' title='bbox 3909 3853 4004 3909; x_wconf 88' lang='lat' dir='ltr'>pa-</span> 
     </span>
     <span class='ocr_line' id='line_1_94' title="bbox 2411 3923 4000 3997; baseline 0.001 -16"><span class='ocrx_word' id='word_1_709' title='bbox 2411 3930 2489 3981; x_wconf 91' lang='lat' dir='ltr'>tet</span> <span class='ocrx_word' id='word_1_710' title='bbox 2524 3925 2578 3981; x_wconf 90' lang='lat' dir='ltr'>in</span> <span class='ocrx_word' id='word_1_711' title='bbox 2619 3923 2701 3980; x_wconf 90' lang='lat' dir='ltr'>bis</span> <span class='ocrx_word' id='word_1_712' title='bbox 2739 3924 3070 3997; x_wconf 84' lang='lat' dir='ltr'>praeceptis:</span> <span class='ocrx_word' id='word_1_713' title='bbox 3103 3923 3379 3981; x_wconf 87' lang='lat' dir='ltr'>Servanda</span> <span class='ocrx_word' id='word_1_714' title='bbox 3403 3931 3490 3981; x_wconf 87' lang='lat' dir='ltr'>est</span> <span class='ocrx_word' id='word_1_715' title='bbox 3513 3924 3644 3982; x_wconf 79' lang='lat' dir='ltr'>tides</span> <span class='ocrx_word' id='word_1_716' title='bbox 3671 3926 3754 3983; x_wconf 83' lang='lat' dir='ltr'>vel</span> <span class='ocrx_word' id='word_1_717' title='bbox 3783 3928 3890 3983; x_wconf 89' lang='lat' dir='ltr'>Deo</span> <span class='ocrx_word' id='word_1_718' title='bbox 3919 3927 4000 3983; x_wconf 84' lang='lat' dir='ltr'>vel</span> 
     </span>
     <span class='ocr_line' id='line_1_95' title="bbox 2413 4014 4005 4088; baseline 0.003 -18"><span class='ocrx_word' id='word_1_719' title='bbox 2413 4014 2646 4088; x_wconf 91' lang='lat' dir='ltr'>homini,</span> <span class='ocrx_word' id='word_1_720' title='bbox 2689 4022 2745 4071; x_wconf 91' lang='lat' dir='ltr'>et</span> <span class='ocrx_word' id='word_1_721' title='bbox 2785 4014 3067 4071; x_wconf 90' lang='lat' dir='ltr'>similibus.</span> <span class='ocrx_word' id='word_1_722' title='bbox 3112 4014 3299 4072; x_wconf 81' lang='lat' dir='ltr'>Altera</span> <span class='ocrx_word' id='word_1_723' title='bbox 3339 4031 3470 4073; x_wconf 86' lang='lat' dir='ltr'>vero</span> <span class='ocrx_word' id='word_1_724' title='bbox 3512 4032 3641 4088; x_wconf 87' lang='lat' dir='ltr'>pars</span> <span class='ocrx_word' id='word_1_725' title='bbox 3681 4016 4005 4075; x_wconf 79' lang='lat' dir='ltr'>affirmativa</span> 
     </span>
     <span class='ocr_line' id='line_1_96' title="bbox 2410 4104 4004 4179; baseline 0.002 -18"><span class='ocrx_word' id='word_1_726' title='bbox 2410 4106 2676 4177; x_wconf 87' lang='lat' dir='ltr'>probatur</span> <span class='ocrx_word' id='word_1_727' title='bbox 2705 4107 2906 4177; x_wconf 90' lang='lat' dir='ltr'>optime</span> <span class='ocrx_word' id='word_1_728' title='bbox 2934 4104 3191 4177; x_wconf 81' lang='lat' dir='ltr'>exemplis</span> <span class='ocrx_word' id='word_1_729' title='bbox 3219 4106 3285 4163; x_wconf 91' lang='lat' dir='ltr'>de</span> <span class='ocrx_word' id='word_1_730' title='bbox 3312 4113 3469 4179; x_wconf 88' lang='lat' dir='ltr'>voto,</span> <span class='ocrx_word' id='word_1_731' title='bbox 3498 4106 3825 4179; x_wconf 88' lang='lat' dir='ltr'>iuramento,</span> <span class='ocrx_word' id='word_1_732' title='bbox 3850 4114 3904 4165; x_wconf 90' lang='lat' dir='ltr'>et</span> <span class='ocrx_word' id='word_1_733' title='bbox 3931 4108 4004 4164; x_wconf 91' lang='lat' dir='ltr'>si-</span> 
     </span>
     <span class='ocr_line' id='line_1_97' title="bbox 2411 4194 4001 4268; baseline 0.003 -17"><span class='ocrx_word' id='word_1_734' title='bbox 2411 4194 2652 4267; x_wconf 87' lang='lat' dir='ltr'>milibus,</span> <span class='ocrx_word' id='word_1_735' title='bbox 2683 4204 2738 4252; x_wconf 90' lang='lat' dir='ltr'>et</span> <span class='ocrx_word' id='word_1_736' title='bbox 2763 4194 3031 4268; x_wconf 78' lang='lat' dir='ltr'>explicata</span> <span class='ocrx_word' id='word_1_737' title='bbox 3057 4203 3143 4252; x_wconf 90' lang='lat' dir='ltr'>est</span> <span class='ocrx_word' id='word_1_738' title='bbox 3169 4195 3272 4252; x_wconf 90' lang='lat' dir='ltr'>late</span> <span class='ocrx_word' id='word_1_739' title='bbox 3301 4195 3354 4253; x_wconf 91' lang='lat' dir='ltr'>in</span> <span class='ocrx_word' id='word_1_740' title='bbox 3383 4202 3548 4254; x_wconf 86' lang='lat' dir='ltr'>tract.</span> <span class='ocrx_word' id='word_1_741' title='bbox 3581 4196 3654 4253; x_wconf 81' lang='lat' dir='ltr'>de</span> <span class='ocrx_word' id='word_1_742' title='bbox 3675 4202 3826 4265; x_wconf 80' lang='lat' dir='ltr'>voto,</span> <span class='ocrx_word' id='word_1_743' title='bbox 3861 4198 4001 4255; x_wconf 91' lang='lat' dir='ltr'>libro</span> 
     </span>
     <span class='ocr_line' id='line_1_98' title="bbox 2413 4286 4000 4362; baseline 0.003 -21"><span class='ocrx_word' id='word_1_744' title='bbox 2413 4288 2470 4357; x_wconf 83' lang='lat'>6,</span> <span class='ocrx_word' id='word_1_745' title='bbox 2502 4300 2626 4357; x_wconf 90' lang='lat' dir='ltr'>cap.</span> <span class='ocrx_word' id='word_1_746' title='bbox 2662 4290 2693 4343; x_wconf 88' lang='grc'>9</span> <span class='ocrx_word' id='word_1_747' title='bbox 2714 4328 2729 4359; x_wconf 86' lang='grc'>,</span> <span class='ocrx_word' id='word_1_748' title='bbox 2767 4292 2825 4343; x_wconf 90' lang='lat' dir='ltr'>et</span> <span class='ocrx_word' id='word_1_749' title='bbox 2864 4286 2998 4342; x_wconf 80' lang='lat' dir='ltr'>infra</span> <span class='ocrx_word' id='word_1_750' title='bbox 3036 4287 3416 4358; x_wconf 88' lang='lat' dir='ltr'>respondendo</span> <span class='ocrx_word' id='word_1_751' title='bbox 3443 4287 3509 4344; x_wconf 88' lang='lat' dir='ltr'>ad</span> <span class='ocrx_word' id='word_1_752' title='bbox 3539 4296 3859 4362; x_wconf 89' lang='lat' dir='ltr'>argumenta</span> <span class='ocrx_word' id='word_1_753' title='bbox 3885 4290 4000 4347; x_wconf 89' lang='lat' dir='ltr'>cla·</span> 
     </span>
     <span class='ocr_line' id='line_1_99' title="bbox 2409 4375 4003 4451; baseline 0.003 -19"><span class='ocrx_word' id='word_1_754' title='bbox 2409 4375 2522 4432; x_wconf 87' lang='lat' dir='ltr'>rior</span> <span class='ocrx_word' id='word_1_755' title='bbox 2561 4376 2693 4432; x_wconf 84' lang='lat' dir='ltr'>tiet.·</span> <span class='ocrx_word' id='word_1_756' title='bbox 2719 4376 2873 4433; x_wconf 85' lang='lat' dir='ltr'>Ratio</span> <span class='ocrx_word' id='word_1_757' title='bbox 2915 4382 3096 4433; x_wconf 90' lang='lat' dir='ltr'>autem</span> <span class='ocrx_word' id='word_1_758' title='bbox 3137 4392 3246 4432; x_wconf 90' lang='lat' dir='ltr'>non</span> <span class='ocrx_word' id='word_1_759' title='bbox 3273 4383 3358 4434; x_wconf 89' lang='lat' dir='ltr'>est</span> <span class='ocrx_word' id='word_1_760' title='bbox 3385 4376 3515 4451; x_wconf 88' lang='lat' dir='ltr'>alia,</span> <span class='ocrx_word' id='word_1_761' title='bbox 3547 4378 3648 4435; x_wconf 88' lang='lat' dir='ltr'>nisi</span> <span class='ocrx_word' id='word_1_762' title='bbox 3674 4378 3801 4451; x_wconf 89' lang='lat' dir='ltr'>quia</span> <span class='ocrx_word' id='word_1_763' title='bbox 3829 4385 4003 4436; x_wconf 88' lang='lat' dir='ltr'>mate-</span> 
     </span>
     <span class='ocr_line' id='line_1_100' title="bbox 2411 4464 3999 4541; baseline 0.002 -19"><span class='ocrx_word' id='word_1_764' title='bbox 2411 4465 2549 4523; x_wconf 88' lang='lat' dir='ltr'>riam</span> <span class='ocrx_word' id='word_1_765' title='bbox 2585 4464 2734 4522; x_wconf 91' lang='lat' dir='ltr'>illam</span> <span class='ocrx_word' id='word_1_766' title='bbox 2761 4467 2994 4537; x_wconf 90' lang='lat' dir='ltr'>mutari,</span> <span class='ocrx_word' id='word_1_767' title='bbox 3022 4465 3107 4523; x_wconf 85' lang='lat' dir='ltr'>vel</span> <span class='ocrx_word' id='word_1_768' title='bbox 3136 4468 3331 4523; x_wconf 85' lang='lat' dir='ltr'>variari</span> <span class='ocrx_word' id='word_1_769' title='bbox 3359 4483 3466 4523; x_wconf 90' lang='lat' dir='ltr'>non</span> <span class='ocrx_word' id='word_1_770' title='bbox 3492 4474 3580 4524; x_wconf 90' lang='lat' dir='ltr'>est</span> <span class='ocrx_word' id='word_1_771' title='bbox 3605 4475 3801 4525; x_wconf 87' lang='lat' dir='ltr'>contra</span> <span class='ocrx_word' id='word_1_772' title='bbox 3827 4467 3999 4541; x_wconf 90' lang='lat' dir='ltr'>legem</span> 
     </span>
     <span class='ocr_line' id='line_1_101' title="bbox 2412 4550 4070 4628; baseline 0.005 -18"><span class='ocrx_word' id='word_1_773' title='bbox 2412 4554 2718 4613; x_wconf 86' lang='lat' dir='ltr'>naturalem</span> <span class='ocrx_word' id='word_1_774' title='bbox 2736 4598 2750 4626; x_wconf 92' lang='lat'>,</span> <span class='ocrx_word' id='word_1_775' title='bbox 2782 4556 2912 4628; x_wconf 90' lang='lat' dir='ltr'>quia</span> <span class='ocrx_word' id='word_1_776' title='bbox 2938 4555 3137 4628; x_wconf 87' lang='lat' dir='ltr'>pendet</span> <span class='ocrx_word' id='word_1_777' title='bbox 3163 4572 3230 4614; x_wconf 84' lang='lat' dir='ltr'>ex</span> <span class='ocrx_word' id='word_1_778' title='bbox 3257 4556 3552 4615; x_wconf 80' lang='lat' dir='ltr'>voluntatis</span> <span class='ocrx_word' id='word_1_779' title='bbox 3577 4559 3896 4616; x_wconf 88' lang='lat' dir='ltr'>mutatione.</span> <span class='ocrx_word' id='word_1_780' title='bbox 3927 4560 3998 4617; x_wconf 90' lang='lat' dir='ltr'>Et</span> <span class='ocrx_word' id='word_1_781' title='bbox 4061 4550 4070 4559; x_wconf 80' lang='grc'><em>”</em></span> 
     </span>
     <span class='ocr_line' id='line_1_102' title="bbox 2413 4645 4000 4722; baseline 0.004 -21"><span class='ocrx_word' id='word_1_782' title='bbox 2413 4645 2516 4703; x_wconf 85' lang='lat' dir='ltr'>bac</span> <span class='ocrx_word' id='word_1_783' title='bbox 2547 4646 2709 4703; x_wconf 90' lang='lat' dir='ltr'>etiam</span> <span class='ocrx_word' id='word_1_784' title='bbox 2735 4646 2944 4703; x_wconf 88' lang='lat' dir='ltr'>ratione</span> <span class='ocrx_word' id='word_1_785' title='bbox 2971 4646 3077 4703; x_wconf 91' lang='lat' dir='ltr'>boc</span> <span class='ocrx_word' id='word_1_786' title='bbox 3105 4662 3214 4703; x_wconf 91' lang='lat' dir='ltr'>non</span> <span class='ocrx_word' id='word_1_787' title='bbox 3243 4647 3458 4704; x_wconf 85' lang='lat' dir='ltr'>excedit</span> <span class='ocrx_word' id='word_1_788' title='bbox 3483 4652 3809 4720; x_wconf 89' lang='lat' dir='ltr'>potestatem</span> <span class='ocrx_word' id='word_1_789' title='bbox 3837 4664 4000 4722; x_wconf 89' lang='lat' dir='ltr'>supe-</span> 
     </span>
     <span class='ocr_line' id='line_1_103' title="bbox 2411 4735 3996 4810; baseline 0.001 -16"><span class='ocrx_word' id='word_1_790' title='bbox 2411 4736 2574 4794; x_wconf 90' lang='lat' dir='ltr'>rioris</span> <span class='ocrx_word' id='word_1_791' title='bbox 2604 4736 2822 4794; x_wconf 86' lang='lat' dir='ltr'>humani</span> <span class='ocrx_word' id='word_1_792' title='bbox 2841 4780 2855 4809; x_wconf 92' lang='lat'>,</span> <span class='ocrx_word' id='word_1_793' title='bbox 2889 4735 2971 4794; x_wconf 85' lang='lat' dir='ltr'>vel</span> <span class='ocrx_word' id='word_1_794' title='bbox 2999 4745 3276 4810; x_wconf 88' lang='lat' dir='ltr'>quatenus</span> <span class='ocrx_word' id='word_1_795' title='bbox 3305 4738 3371 4795; x_wconf 90' lang='lat' dir='ltr'>ab</span> <span class='ocrx_word' id='word_1_796' title='bbox 3400 4736 3487 4795; x_wconf 92' lang='lat' dir='ltr'>illo</span> <span class='ocrx_word' id='word_1_797' title='bbox 3515 4737 3718 4810; x_wconf 90' lang='lat' dir='ltr'>pendet</span> <span class='ocrx_word' id='word_1_798' title='bbox 3744 4738 3996 4796; x_wconf 84' lang='lat' dir='ltr'>voluntas</span> 
     </span>
     <span class='ocr_line' id='line_1_104' title="bbox 2413 4828 3998 4902; baseline 0.002 -18"><span class='ocrx_word' id='word_1_799' title='bbox 2413 4828 2640 4897; x_wconf 90' lang='lat' dir='ltr'>subditi,</span> <span class='ocrx_word' id='word_1_800' title='bbox 2671 4828 2756 4885; x_wconf 82' lang='lat' dir='ltr'>vel</span> <span class='ocrx_word' id='word_1_801' title='bbox 2785 4836 3057 4902; x_wconf 86' lang='lat' dir='ltr'>quatenus</span> <span class='ocrx_word' id='word_1_802' title='bbox 3085 4836 3172 4886; x_wconf 90' lang='lat' dir='ltr'>est</span> <span class='ocrx_word' id='word_1_803' title='bbox 3197 4829 3443 4886; x_wconf 76' lang='lat' dir='ltr'>vicarius</span> <span class='ocrx_word' id='word_1_804' title='bbox 3472 4830 3586 4886; x_wconf 86' lang='lat' dir='ltr'>Dei.</span> <span class='ocrx_word' id='word_1_805' title='bbox 3619 4832 3786 4886; x_wconf 87' lang='lat' dir='ltr'>Facta</span> <span class='ocrx_word' id='word_1_806' title='bbox 3813 4836 3998 4887; x_wconf 87' lang='lat' dir='ltr'>autem</span> 
     </span>
     <span class='ocr_line' id='line_1_105' title="bbox 2413 4918 4000 4993; baseline 0 -16"><span class='ocrx_word' id='word_1_807' title='bbox 2413 4918 2506 4977; x_wconf 90' lang='lat' dir='ltr'>tali</span> <span class='ocrx_word' id='word_1_808' title='bbox 2535 4920 2854 4988; x_wconf 88' lang='lat' dir='ltr'>mutatione,</span> <span class='ocrx_word' id='word_1_809' title='bbox 2885 4934 2992 4976; x_wconf 92' lang='lat' dir='ltr'>non</span> <span class='ocrx_word' id='word_1_810' title='bbox 3024 4920 3200 4976; x_wconf 88' lang='lat' dir='ltr'>solum</span> <span class='ocrx_word' id='word_1_811' title='bbox 3222 4936 3331 4976; x_wconf 90' lang='lat' dir='ltr'>non</span> <span class='ocrx_word' id='word_1_812' title='bbox 3353 4926 3626 4993; x_wconf 89' lang='lat' dir='ltr'>repugnat</span> <span class='ocrx_word' id='word_1_813' title='bbox 3642 4920 3842 4977; x_wconf 76' lang='lat' dir='ltr'>auferri</span> <span class='ocrx_word' id='word_1_814' title='bbox 3865 4919 4000 4978; x_wconf 90' lang='lat' dir='ltr'>obli-</span> 
     </span>
     <span class='ocr_line' id='line_1_106' title="bbox 2411 5008 3996 5083; baseline 0.001 -18"><span class='ocrx_word' id='word_1_815' title='bbox 2411 5010 2680 5083; x_wconf 89' lang='lat' dir='ltr'>gationem</span> <span class='ocrx_word' id='word_1_816' title='bbox 2717 5010 2849 5082; x_wconf 88' lang='lat' dir='ltr'>legis</span> <span class='ocrx_word' id='word_1_817' title='bbox 2875 5010 3169 5082; x_wconf 89' lang='lat' dir='ltr'>naturalis,</span> <span class='ocrx_word' id='word_1_818' title='bbox 3203 5008 3296 5067; x_wconf 90' lang='lat' dir='ltr'>sed</span> <span class='ocrx_word' id='word_1_819' title='bbox 3323 5010 3489 5067; x_wconf 88' lang='lat' dir='ltr'>etiam</span> <span class='ocrx_word' id='word_1_820' title='bbox 3515 5011 3628 5083; x_wconf 89' lang='lat' dir='ltr'>ipsa</span> <span class='ocrx_word' id='word_1_821' title='bbox 3658 5025 3754 5082; x_wconf 90' lang='lat' dir='ltr'>per</span> <span class='ocrx_word' id='word_1_822' title='bbox 3780 5026 3838 5067; x_wconf 90' lang='lat' dir='ltr'>se</span> <span class='ocrx_word' id='word_1_823' title='bbox 3873 5026 3996 5068; x_wconf 89' lang='lat' dir='ltr'>ces-</span> 
     </span>
     <span class='ocr_line' id='line_1_107' title="bbox 2414 5098 3998 5173; baseline 0.003 -18"><span class='ocrx_word' id='word_1_824' title='bbox 2414 5104 2516 5173; x_wconf 91' lang='lat' dir='ltr'>sat,</span> <span class='ocrx_word' id='word_1_825' title='bbox 2543 5115 2608 5155; x_wconf 89' lang='lat' dir='ltr'>ac</span> <span class='ocrx_word' id='word_1_826' title='bbox 2627 5099 2824 5156; x_wconf 89' lang='lat' dir='ltr'>desinit</span> <span class='ocrx_word' id='word_1_827' title='bbox 2847 5098 3106 5172; x_wconf 84' lang='lat' dir='ltr'>obligare.</span> <span class='ocrx_word' id='word_1_828' title='bbox 3123 5101 3236 5157; x_wconf 90' lang='lat' dir='ltr'>lmo</span> <span class='ocrx_word' id='word_1_829' title='bbox 3256 5100 3360 5157; x_wconf 89' lang='lat' dir='ltr'>hoc</span> <span class='ocrx_word' id='word_1_830' title='bbox 3385 5098 3544 5158; x_wconf 90' lang='lat' dir='ltr'>modo</span> <span class='ocrx_word' id='word_1_831' title='bbox 3567 5101 3812 5173; x_wconf 82' lang='lat' dir='ltr'>privatus</span> <span class='ocrx_word' id='word_1_832' title='bbox 3836 5102 3998 5159; x_wconf 89' lang='lat' dir='ltr'>homo</span> 
     </span>
     <span class='ocr_line' id='line_1_108' title="bbox 2409 5188 3998 5264; baseline 0.003 -19"><span class='ocrx_word' id='word_1_833' title='bbox 2409 5195 2590 5262; x_wconf 90' lang='lat' dir='ltr'>potest</span> <span class='ocrx_word' id='word_1_834' title='bbox 2618 5188 2891 5247; x_wconf 88' lang='lat' dir='ltr'>interdum</span> <span class='ocrx_word' id='word_1_835' title='bbox 2919 5190 3138 5247; x_wconf 80' lang='lat' dir='ltr'>auferre</span> <span class='ocrx_word' id='word_1_836' title='bbox 3168 5188 3544 5264; x_wconf 87' lang='lat' dir='ltr'>obligationem</span> <span class='ocrx_word' id='word_1_837' title='bbox 3571 5191 3876 5249; x_wconf 89' lang='lat' dir='ltr'>naturalem</span> <span class='ocrx_word' id='word_1_838' title='bbox 3905 5209 3998 5250; x_wconf 89' lang='lat' dir='ltr'>or·</span> 
     </span>
     <span class='ocr_line' id='line_1_109' title="bbox 2412 5279 3992 5357; baseline 0.001 -20"><span class='ocrx_word' id='word_1_839' title='bbox 2412 5286 2522 5337; x_wconf 90' lang='lat' dir='ltr'>tam</span> <span class='ocrx_word' id='word_1_840' title='bbox 2549 5295 2616 5339; x_wconf 86' lang='lat' dir='ltr'>ex</span> <span class='ocrx_word' id='word_1_841' title='bbox 2644 5279 3034 5355; x_wconf 86' lang='lat' dir='ltr'>promissione,</span> <span class='ocrx_word' id='word_1_842' title='bbox 3066 5279 3216 5339; x_wconf 84' lang='lat' dir='ltr'>verbi</span> <span class='ocrx_word' id='word_1_843' title='bbox 3241 5281 3438 5355; x_wconf 85' lang='lat' dir='ltr'>gratia,</span> <span class='ocrx_word' id='word_1_844' title='bbox 3471 5282 3796 5340; x_wconf 87' lang='lat' dir='ltr'>remittendo</span> <span class='ocrx_word' id='word_1_845' title='bbox 3826 5282 3992 5357; x_wconf 87' lang='lat' dir='ltr'>illam,</span> 
     </span>
    </p>
   </div>
  </div>
 </body>
</html>
