4325 6267
861 365 984 431 272
1043 441 1056 456 ⁸

779 514 840 565 et
867 507 942 564 ita
969 505 1126 564 facile
1154 510 1338 579 potest
1360 521 1393 563 a
1419 511 1650 578 peccato
1677 504 1830 578 gravi
1859 505 2133 577 excusari,
2163 504 2231 563 de
2258 521 2369 581 quo

779 597 832 652 in
863 598 1084 669 proprio
1129 596 1282 669 loco,
1327 603 1383 653 et
1422 595 1591 652 videri
1618 602 1802 667 potest
1825 595 2059 653 Saucius
2078 595 2181 653 lib.
2217 598 2267 654 7.
2302 593 2373 652 de

777 684 1201 757 matrim.disp.
1233 687 1285 744 7.
1305 684 1497 743 Solum
1520 685 1572 741 in
1597 687 1868 757 praesenti
1889 683 2139 762 adverto,
2163 683 2375 740 etiamsi

777 774 829 831 in
861 774 951 831 illo
979 791 1115 832 casn
1149 776 1530 832 committatur
1569 775 1750 847 aliqua
1791 773 1988 846 culpa,
2021 773 2372 830 nihilominus

776 879 888 921 non
917 866 1132 922 incurri
1159 865 1784 922 excommunicationem
1814 863 1978 922 latam
2015 865 2070 919 in
2103 863 2368 920 clement.

777 956 929 1010 unic.
960 953 1028 1012 de
1057 953 1460 1026 consanguinit.
1489 959 1546 1010 et
1572 953 1765 1010 allinit.
1793 959 1856 1009 ut
1883 953 2018 1010 bene
2040 955 2249 1009 notavit
2268 954 2373 1008 Na-

777 1057 894 1098 var.
929 1043 980 1098 in
1008 1045 1162 1101 Sum.
1195 1057 1319 1114 cap.
1353 1045 1422 1100 27
1443 1083 1458 1114 ,
1484 1046 1585 1114 ⁴¹3
1613 1041 1740 1117 quia
1767 1043 1812 1098 si
1839 1040 2047 1114 aliquid
2075 1041 2148 1097 ibi
2176 1055 2373 1113 pecca-

778 1138 872 1189 tur
898 1133 1064 1189 etiam
1100 1130 1566 1202 consummando,
1608 1137 1696 1188 est
1721 1136 1916 1188 contra
1945 1131 2120 1204 legem
2147 1137 2371 1187 natura-

777 1219 885 1277 lem
906 1262 922 1294 ,
951 1236 1060 1277 non
1084 1228 1278 1278 contra
1299 1219 1580 1278 Ecclesiae
1601 1227 1958 1292 praeceptum
1974 1260 1989 1291 ,
2015 1234 2254 1276 censura
2275 1235 2371 1276 au-

779 1315 890 1367 tem
939 1309 1046 1366 lata
1091 1317 1176 1366 est
1221 1316 1417 1368 contra
1454 1315 1814 1368 contumaces
1850 1312 1906 1366 in
1941 1309 2371 1366 ecclesiasticam

775 1399 972 1474 legem.

861 1492 948 1547 10.
975 1488 1294 1547 Secundum
1316 1488 1626 1561 exemplum
1645 1493 1765 1545 erat
1783 1487 1850 1546 de
1869 1487 2233 1545 celebratione
2254 1489 2369 1544 sine

778 1577 1024 1634 vestibus
1053 1578 1226 1634 sacris
1245 1619 1261 1650 ,
1289 1579 1342 1634 in
1375 1593 1520 1650 qno,
1551 1575 1870 1649 regulariter
1900 1575 2173 1649 loquendo
2193 1618 2208 1649 ,
2238 1592 2371 1632 con-

779 1664 898 1724 cedi
921 1673 1124 1738 potest,
1150 1666 1300 1740 quod
1321 1668 1612 1723 caietanus
1635 1667 1887 1735 assumit,
1911 1666 2183 1739 quietalis
2206 1672 2369 1722 actus

777 1755 868 1812 vix
895 1755 1009 1812 fleri
1031 1761 1210 1828 potest
1231 1755 1346 1812 sine
1368 1762 1691 1826 contemptu
1719 1770 1906 1812 rerum
1931 1769 2242 1827 sacrarum,
2266 1770 2369 1812 nec

780 1842 902 1902 talis
931 1850 1110 1901 metus
1141 1845 1280 1901 solet
1306 1845 1509 1915 incuti,
1533 1844 1632 1900 nisi
1653 1850 1878 1916 propter
1899 1843 2048 1900 hunc
2079 1845 2260 1915 finem,
2285 1842 2367 1899 vel

777 1932 830 1988 in
869 1932 1056 1989 odium
1095 1931 1390 2005 religionis,
1437 1933 1491 1990 Si
1531 1937 1715 1989 tamen
1757 1934 2022 2005 fingamus
2052 1925 2279 2004 casum,
2310 1935 2367 1988 in

777 2037 890 2094 quo
919 2037 1020 2078 nec
1051 2027 1227 2077 metus
1256 2022 1348 2077 fiat
1375 2027 1598 2093 propter
1627 2021 1783 2077 illum
1810 2022 1993 2090 finem,
2025 2021 2118 2078 sed
2141 2028 2368 2093 propter

779 2111 942 2168 aliam
979 2111 1334 2168 indiscretam
1369 2111 1746 2184 devotionem,
1785 2110 1866 2168 vel
1894 2111 2369 2183 existimationem,

776 2206 835 2256 et
865 2198 1012 2274 quod
1036 2215 1122 2256 res
1145 2201 1257 2256 lieri
1286 2201 1458 2270 possit
1478 2201 1590 2256 sine
1614 2201 1986 2268 irreverentia,
2009 2205 2064 2255 et
2086 2199 2367 2272 scandalo,

776 2304 887 2345 non
925 2290 1032 2345 erit
1059 2287 1144 2344 ille
1182 2295 1343 2346 actus
1372 2287 1663 2360 culpabilis
1693 2305 1761 2346 ex
1784 2291 1834 2345 vi
1865 2289 2036 2346 solius
2065 2289 2197 2362 legis
2228 2289 2371 2360 posi-

777 2379 943 2450 tivae;
973 2393 1116 2451 quae
1148 2379 1312 2435 sentit
1341 2378 1586 2436 Ledesm.
1613 2373 1812 2451 supra,
1837 2384 1893 2434 et
1919 2377 2126 2434 Medina
2154 2381 2276 2448 1.2,
2310 2393 2368 2449 q.

780 2471 882 2538 96,
911 2475 1018 2524 art.
1053 2472 1110 2538 4,
1140 2477 1196 2526 et
1225 2469 1465 2524 insinuat
1490 2469 1721 2524 Navarr.
1748 2467 1894 2524 dicto
1916 2482 2040 2538 cap.
2069 2471 2165 2536 25,
2191 2483 2245 2524 n.
2275 2470 2366 2523 84.

775 2555 997 2626 dicens,
1032 2559 1347 2628 oppositum
1374 2573 1495 2613 esse
1527 2559 1655 2613 satis
1685 2557 1910 2614 durum.
1941 2559 2016 2614 De
2057 2554 2163 2613 hoc
2206 2557 2371 2614 etiam

713 2632 723 2640 ’
777 2645 1027 2716 exemplo
1057 2645 1224 2702 videri
1255 2652 1489 2717 possunt
1517 2643 1668 2702 dicta
1695 2646 1745 2702 in
1779 2650 1831 2702 3.
1866 2651 2001 2702 tom.
2033 2649 2088 2703 3.
2120 2645 2315 2718 partis.

862 2737 948 2790 11.
995 2733 1240 2790 Tertium
1278 2733 1586 2805 exemplum
1626 2740 1712 2806 est
1761 2734 1828 2790 de
1879 2734 2372 2790 communicatione

777 2837 910 2879 cnm
931 2823 1408 2879 excommunicato
1433 2828 1653 2895 propter
1677 2829 1910 2890 metum,
1931 2821 2078 2894 quod
2103 2824 2374 2894 integram

777 2911 1089 2984 postulabat
1116 2910 1549 2983 disputationem
1566 2952 1582 2981 ,
1607 2910 1704 2967 sed
1731 2918 1819 2967 est
1846 2910 2223 2967 alterius'loci.
2250 2913 2375 2967 Bre-

777 3001 920 3056 viter
946 3014 1078 3073 ergo
1110 2997 1437 3071 respondeo,
1469 2999 1714 3071 negando
1743 3007 2108 3072 assumptum3
2143 2998 2375 3056 seclusis

779 3091 922 3144 enim
963 3089 1394 3146 circumstantiis
1434 3086 1598 3146 dictis
1638 3081 1705 3144 de
1735 3086 2024 3156 scandalo,
2055 3095 2375 3161 contemptu

779 3177 1015 3234 clavium
1036 3219 1052 3248 ,
1084 3177 1300 3235 secluso
1349 3179 1510 3234 etiam
1539 3176 1687 3251 quod
1719 3176 2142 3234 communicatio
2171 3192 2279 3233 non
2308 3179 2377 3235 sit

779 3267 834 3324 in
874 3267 1134 3340 crimine,
1177 3283 1278 3324 nec
1321 3269 1375 3324 in
1417 3272 1547 3323 actu
1591 3264 1724 3322 alias
1753 3281 1850 3339 per
1877 3281 1971 3336 se,
2000 3273 2059 3322 et
2084 3266 2377 3323 intrinsece

779 3356 953 3428 malo,
996 3373 1105 3414 non
1146 3363 1379 3427 peccat,
1423 3356 1612 3430 quiex
1640 3360 1787 3411 metu
1817 3357 1974 3427 gravi
2001 3357 2379 3414 communicat

779 3461 913 3504 cum
950 3445 1467 3503 excommunicatos
1511 3459 1655 3517 quae
1693 3449 1780 3500 est
1807 3433 2230 3515 magis'recepta
2256 3459 2380 3500 sen-

779 3537 948 3594 tentia
976 3533 1198 3591 fundata
1224 3535 1276 3590 in
1307 3533 1573 3605 principio
1612 3532 1789 3604 posito
1817 3531 1870 3586 in
1899 3530 2002 3588 hac
2030 3531 2373 3606 quaestione,

779 3625 1032 3698 quamvis
1058 3622 1144 3678 alii
1173 3623 1411 3678 sentiant
1433 3621 1749 3692 oppositum
1771 3618 1986 3676 fundari
2009 3621 2062 3676 in
2078 3620 2227 3676 dicto
2248 3635 2373 3693 cap.

749 3716 1009 3773 ·Sacrts.
1042 3711 1121 3769 Ad
1152 3709 1300 3785 quod
1331 3708 1624 3781 respondet
1649 3709 1812 3779 Soto‚
1851 3707 2003 3779 loqui
2030 3706 2097 3763 de
2125 3723 2376 3765 commn-

779 3802 1052 3859 nicatione
1091 3801 1145 3856 in
1185 3799 1412 3856 crimine
1453 3797 1777 3867 criminos03
1822 3796 2057 3870 sylvest.
2104 3811 2235 3852 vero
2276 3798 2372 3868 ait,

779 3889 930 3963 loqui
972 3889 1041 3946 de
1081 3886 1618 3958 communicatione,
1661 3898 1804 3958 quae
1845 3881 1990 3940 cedit
2025 3885 2083 3939 in
2121 3882 2377 3942 iniuriam

781 3978 1038 4051 clavium,
1069 3977 1155 4034 alii
1183 3977 1247 4033 de
1279 3982 1514 4049 utraque
1541 3978 1860 4046 exponunt3
1894 3973 1978 4030 alii
2008 3972 2238 4031 limitent
2262 3979 2377 4031 tex-

779 4073 899 4124 tum
939 4083 1008 4125 ex
1050 4072 1203 4139 parte
1240 4072 1453 4136 metus,
1485 4067 1557 4121 ita
1588 4070 1651 4120 ut
1685 4064 1946 4135 loquatur
1972 4060 2038 4119 de
2065 4070 2221 4120 metu
2247 4063 2370 4136 levi,

778 4163 837 4214 et
853 4170 1077 4229 gravem
1097 4152 1524 4228 comprehendat
1540 4151 1644 4216 snb
1664 4152 1882 4207 nomine
1903 4151 2206 4208 violentiae.
2225 4151 2373 4219 Quae

697 4311 704 4318 ,
781 4248 962 4302 omnia
991 4246 1044 4302 in
1073 4259 1130 4300 se
1159 4259 1290 4300 vera
1319 4239 1478 4313 sunt',
1503 4240 1724 4297 difficile
1755 4245 1936 4296 tamen
1960 4238 2029 4296 ad
2052 4245 2263 4297 textum
2284 4256 2375 4297 ac-

781 4333 1206 4391 commodantur
1222 4371 1238 4403 ,
1268 4331 1400 4405 quia
1425 4329 1667 4386 Pontifex
1695 4329 2014 4400 simpliciter
2039 4334 2092 4385 et
2120 4329 2369 4387 absolute

785 4422 1062 4496 loquitur,
1106 4428 1163 4480 et
1200 4436 1307 4476 non
1349 4419 1574 4476 affertur
1600 4419 1774 4490 ratio,
1807 4434 1912 4476 cur
1939 4419 2042 4476 hoc
2071 4419 2179 4476 alio
2210 4419 2373 4478 modo

784 4510 1082 4582 limitetur3
1105 4517 1162 4568 et
1183 4509 1302 4566 ideo
1327 4507 1450 4565 alibi
1472 4506 1609 4580 dixi,
1633 4507 1950 4566 Pontificem
1970 4524 2078 4565 non
2101 4508 2373 4582 assignare

781 4601 1030 4672 regulam
1062 4598 1459 4670 universalem,
1487 4597 1699 4654 scilicet
1725 4605 1935 4654 metum
1963 4597 2014 4652 in
2037 4597 2127 4653 illa
2149 4599 2375 4655 materia

782 4705 894 4746 non
921 4703 1190 4747 excusare
1217 4703 1249 4744 a
1277 4687 1440 4760 culpa
1461 4686 1710 4756 mortali,
1735 4684 1831 4742 sed
1855 4686 2189 4743 constituere
2211 4703 2376 4760 regu-

781 4777 891 4833 lam
931 4776 1255 4834 indefinitam
1276 4816 1291 4847 ,
1325 4775 1544 4832 scilicet
1581 4791 1688 4831 non
1728 4788 1943 4846 semper
1969 4781 2373 4842 metumexcu-

784 4881 942 4937 sare,
983 4867 1056 4923 ita
1097 4872 1158 4923 ut
1199 4867 1250 4922 in
1288 4865 1398 4922 hoc
1438 4871 1608 4937 ponat
1634 4862 1988 4920 differentiam
2016 4863 2154 4920 inter
2181 4866 2292 4921 vim
2318 4870 2375 4922 et

783 4963 1025 5030 metum,
1056 4953 1205 5028 quod
1234 4956 1316 5011 vis
1338 4966 1556 5027 semper
1571 4958 1822 5026 excusat3
1851 4958 2031 5008 metus
2057 4957 2241 5008 autem
2264 4969 2372 5009 non

784 5058 1030 5118 semper:
1063 5041 1282 5116 quando
1313 5050 1497 5100 autem
1522 5047 1780 5112 excusat,
1809 5041 1893 5097 vel
1916 5039 2137 5118 quando
2163 5057 2297 5113 non,
2321 5041 2372 5099 id

782 5149 890 5190 non
919 5132 1196 5206 declarat,
1227 5131 1322 5190 sed
1348 5131 1608 5205 relinquit
1634 5129 1876 5204 generali
1894 5128 2207 5212 doctrinae,
2232 5145 2373 5203 quae

783 5223 836 5282 in
865 5221 980 5280 aliis
1013 5220 1444 5295 expositionibus
1479 5220 1810 5280 continetur.
1842 5219 2080 5278 Tandem
2109 5218 2218 5279 dici
2241 5235 2372 5296 pos-

2238 379 2441 432 LIBER
2468 380 2575 431 111.

2446 513 2548 578 set,
2580 505 2893 564 Pontificem
2924 506 3101 565 solum
3129 521 3249 564 esse
3278 505 3529 565 locutum
3554 506 3858 566 secundum
3879 524 4050 582 prae-

2443 597 2808 670 sumptionem
2834 598 3017 671 quoad
3042 597 3224 655 iorum
3246 604 3554 670 externurm
3581 597 3674 654 sed
3698 601 3905 657 nonita
3924 599 4049 671 pla-

2442 694 2533 742 cet
2554 729 2570 758 ,
2598 687 2723 760 quia
2768 688 2931 745 etiam
2961 687 3011 744 in
3040 686 3161 744 soro
3190 693 3413 745 externo
3442 687 3775 745 admittenda
3800 695 3887 746 est
3914 703 4051 758 pro-

2438 773 2587 832 batio
2628 784 2839 850 metus,
2872 783 2930 834 et
2968 777 3335 834 excusationis
3364 776 3711 848 sufficientis.
3742 776 4053 834 videantur

2440 863 2587 922 dicta
2614 867 2671 921 in
2703 873 2755 924 5.
2790 873 2925 923 tom.
2958 864 3031 923 de
3058 867 3310 923 Censnr.
3345 866 3489 938 disp.
3521 870 3577 939 6,
3600 882 3657 924 n.
3692 870 3783 940 10,
3805 872 3943 923 sect.
3976 871 4045 937 3,

2440 959 2496 1012 et
2523 954 2661 1028 disp.
2702 959 2800 1027 15,
2832 960 2967 1012 sect.
3003 959 3069 1028 2,
3099 971 3155 1010 n.
3196 959 3282 1014 13.

2964 1143 3240 1214 CAPUT
3272 1143 3515 1214 XXXI.

2448 1351 2665 1412 Utrum
2685 1349 2837 1426 leqes
2852 1351 3157 1410 huntanae
3172 1350 3529 1425 yma-aliter
3554 1356 3613 1408 et
3622 1348 4047 1425 indifferenter

2842 1457 3043 1499 omnes
3070 1439 3333 1500 subditos
3360 1441 3623 1516 obliqent.

3012 1632 3469 1706 summariu-

2440 1817 2489 1868 ¹.
2518 1816 2743 1880 Quatuor
2761 1831 3095 1884 personarum
3113 1818 3317 1870 ordines
3336 1820 3537 1885 legibus
3554 1819 3787 1870 humanis
3805 1818 4045 1881 obligan-

2508 1893 2614 1938 tur.
2627 1889 2757 1940 —2.
2784 1889 2989 1953 Triplex
3008 1902 3172 1938 error:
3198 1891 3391 1952 primus
3410 1897 3488 1940 est
3508 1889 3881 1940 haereticorum
3902 1899 4047 1937 asse-

2509 1959 2752 2020 rentium,
2780 1959 3086 2009 christianos
3112 1971 3209 2010 non
3236 1959 3456 2021 obligari
3482 1959 3683 2023 legibus
3708 1958 4047 2008 humanis,—

2509 2026 2561 2077 3.
2592 2029 2853 2080 Secundus
2876 2041 3023 2078 error
3048 2035 3129 2077 est
3152 2027 3528 2078 haereticorum
3554 2029 3916 2088 recentiorum,
3938 2027 4046 2076 sal-

2511 2102 2615 2146 tem
2640 2098 2803 2148 iustos
2838 2111 2939 2148 non
2973 2096 3191 2159 obligari
3226 2096 3307 2147 bis
3340 2097 3859 2160 legibus—Tertius
3891 2109 4047 2146 error

2491 2174 2609 2236 aest,
2636 2179 2983 2230 quoscumque
3003 2167 3183 2226 iustos,
3208 2167 3299 2216 sed
3325 2167 3505 2217 eximie
3527 2166 3781 2231 perfectos
3804 2166 3959 2216 eximi
3978 2166 4048 2214 ab

2509 2234 2603 2285 hac
2630 2236 3111 2300 obligatione—4.
3140 2237 3301 2299 Leges
3324 2235 3570 2286 humanae
3602 2237 3832 2298 obligant
3866 2247 4047 2284 omnes

2508 2305 2765 2368 subditos,
2794 2306 2855 2356 ad
2884 2320 3011 2369 quos
3032 2307 3460 2369 loquuntur.—-5.
3484 2307 3699 2368 Quaevis
3718 2307 3802 2354 lex
3821 2305 4047 2354 bumana

2508 2374 2638 2437 ligat
2678 2388 2851 2426 omnes
2876 2381 3049 2438 partes
3072 2376 3452 2425 communitatis
3466 2413 3481 2435 ‚
3503 2389 3595 2440 pro
3612 2389 3712 2440 qua
3737 2375 3819 2425 lex
3848 2372 4043 2433 fertur,

2509 2445 2554 2492 si
2580 2452 2755 2494 cetera
2774 2444 3428 2495 concurrant.—Probatur
3456 2443 3863 2495 conclusio.-6.
3880 2443 4045 2503 Quae—

2510 2525 2625 2562 nam
2668 2516 2771 2563 sint
2814 2515 3039 2563 membra
3070 2514 3447 2563 communitatis
3481 2514 3645 2578 quoad
3680 2525 3941 2577 praesens.
3972 2537 4045 2548 —

2512 2583 2561 2632 7.
2590 2583 2693 2632 Lex
2717 2595 2815 2633 non
2840 2583 3136 2632 extenditur
3162 2582 3223 2630 ad
3250 2595 3355 2644 eoe,
3382 2584 3470 2645 qui
3496 2585 3699 2634 omnino
3717 2589 3837 2632 sunt
3860 2588 4045 2631 contra

2510 2653 2944 2714 communitatem,
2958 2653 3043 2702 cni
3064 2653 3145 2702 lex
3164 2651 3797 2716 imponitur.-Probatnr
3816 2651 4041 2702 ratione.

2527 2825 2577 2879 1.
2608 2823 2871 2889 Quoniam
2900 2821 3153 2894 obligatio
3184 2820 3315 2896 legis
3335 2827 3650 2893 respectum
3675 2820 3807 2878 dicit
3828 2819 3895 2877 ad
3919 2835 4041 2890 eos,

2444 2913 2539 2984 qui
2583 2910 2794 2984 legibus
2825 2911 3167 2983 obligantur,
3198 2909 3321 2966 ideo
3362 2917 3647 2983 postquam
3674 2909 4043 2981 explicuimus

2444 3015 2535 3072 ea,
2568 3016 2712 3073 qnae
2751 2999 2819 3057 ad
2858 2999 3001 3056 hanc
3044 2998 3709 3071 obligationem-absolute
3737 3000 4036 3069 pertinent,

2449 3089 2821 3146 necessarium
2859 3095 2975 3158 est,
3021 3088 3169 3145 hunc
3206 3094 3519 3159 respectum
3546 3087 3859 3159 declarare3
3890 3086 4043 3159 quod

2450 3177 2541 3233 fiet
2568 3179 2688 3234 eius
2718 3179 3011 3235 terminum
3040 3175 3404 3248 declarando,
3437 3177 3489 3234 id
3516 3183 3603 3232 est
3636 3191 3903 3249 personas
3924 3217 3940 3246 ,
3970 3175 4042 3232 ad

2446 3281 2586 3339 quas
2614 3265 2737 3328 talis
2765 3265 3023 3338 obligatio
3044 3267 3301 3337 pertinet.
3326 3269 3563 3324 Possunt
3585 3273 3771 3322 autem
3796 3264 3899 3321 hae
3920 3279 4041 3337 per-

2446 3369 2610 3410 sonae
2638 3355 2691 3410 in
2720 3361 2961 3426 quatuor
2990 3353 3205 3412 ordines
3232 3370 3331 3410 sen
3360 3355 3563 3411 classes
3598 3353 3893 3428 distingui:
3922 3355 4041 3426 qui-

2444 3440 2569 3499 dam
2596 3445 2739 3500 enim
2778 3449 2907 3500 sunt
2932 3443 3212 3500 inferiores
3240 3442 3577 3517 legislatore,
3612 3442 3663 3500 id
3692 3449 3777 3501 est
3802 3443 4030 3514 subditi;

2446 3531 2533 3589 hic
2562 3533 2703 3588 enim
2731 3539 2948 3591 tantum
2975 3532 3175 3589 modus
3204 3533 3573 3590 interioritatis
3590 3573 3607 3605 ,
3640 3539 3701 3590 ut
3726 3535 3806 3589 sic
3834 3531 4036 3602 dicam,

2444 3621 2513 3678 ad
2552 3629 2891 3693 praesentem
2927 3621 3419 3679 considerationem
3448 3623 3643 3695 refert,
3674 3621 3761 3678 alii
3788 3628 3923 3679 sunt
3948 3637 4039 3678 su-

2444 3711 2687 3782 periores
2724 3710 2916 3768 eodem
2949 3710 3140 3782 modo,
3166 3711 3217 3767 id
3245 3719 3329 3767 est
3354 3711 3716 3783 praelatione,
3756 3727 3855 3768 seu
3882 3711 4043 3768 iuris·

2442 3796 2710 3872 dictione3
2740 3799 2827 3856 alii
2854 3807 2985 3856 sunt
3012 3797 3403 3870 indifferentes,
3431 3815 3532 3856 seu
3558 3798 3713 3856 liberi
3738 3815 3807 3857 ex
3837 3807 4041 3857 natura

2445 3888 2555 3960 rei,
2586 3886 2639 3944 id
2678 3893 2764 3944 est
2804 3903 2903 3944 nec
2945 3886 3182 3961 subditi,
3212 3902 3313 3944 nec
3350 3889 3695 3961 superiores,
3724 3891 3821 3962 qui
3845 3889 3951 3946 sub
3978 3903 4041 3944 ea

2449 3977 2659 4032 ratione
2702 3981 2939 4048 possunt
2976 3975 3085 4032 dici
3127 3975 3418 4050 aequales,
3460 3977 3659 4050 quibus
3686 3984 3886 4050 quarto
3914 3978 4039 4035 loco

2445 4063 2571 4123 addi
2599 4072 2781 4137 potest
2809 4066 3086 4139 legislator
3110 4068 3247 4138 ipse.
3272 4068 3354 4124 Ex
3386 4067 3587 4140 quibus
3612 4068 3918 4125 omittimus
3948 4083 4042 4123 sn-

2440 4156 2716 4228 periores,
2748 4154 2815 4212 de
2840 4154 2948 4228 illis
2973 4156 3117 4212 euim
3144 4155 3273 4212 nihil
3300 4154 3487 4214 dicere
3516 4171 3743 4214 necesse
3770 4164 3883 4227 est,
3908 4172 4041 4213 cum

2445 4245 2514 4300 sit
2552 4258 2646 4314 per
2686 4259 2745 4300 se
2784 4251 3008 4314 notum,
3052 4259 3147 4300 eos
3189 4259 3298 4300 non
3329 4243 3553 4318 obligari
3591 4245 3801 4317 legibus
3829 4243 4043 4301 inferio·

2440 4348 2599 4406 rum,
2632 4335 2676 4389 si
2705 4340 2770 4391 ut
2795 4333 2929 4390 tales
2957 4339 3308 4408 spectentur-3
3342 4349 3409 4390 an
3448 4349 3576 4391 vero
3604 4334 3709 4391 sub
3738 4333 3923 4407 aliqua
3952 4348 4041 4390 ra-

2442 4423 2592 4482 tione
2621 4425 2835 4496 possint
2860 4422 3116 4495 obligari,
3145 4422 3468 4495 explicando
3499 4423 3603 4481 alia
3624 4423 3869 4484 membra
3888 4422 4037 4480 dice-

2445 4499 2561 4570 tur.
2592 4514 2767 4585 Igitur
2792 4512 2857 4569 de
2886 4510 3113 4585 reliquis
3150 4511 3429 4570 ordinibus
3458 4527 3823 4586 personarum
3849 4512 4039 4571 dicen-

2442 4599 2574 4656 dum
2602 4608 2716 4674 est,
2746 4606 2802 4657 et
2827 4603 3004 4673 primo
3033 4599 3100 4656 de
3128 4601 3381 4657 subditis.

2520 4695 2577 4748 2.
2608 4691 2669 4745 ln
2710 4691 2995 4762 proposita
3034 4704 3166 4761 ergo
3206 4692 3525 4762 quaestione
3555 4696 3667 4746 tres
3690 4703 3911 4747 errores
3941 4705 4041 4746 no-

2449 4778 2550 4835 tari
2578 4784 2837 4848 possunt.
2868 4778 3083 4834 Primus
3108 4778 3511 4836 haereticorum
3538 4777 3875 4850 dicentium,
3908 4778 4041 4836 fide·

2442 4865 2521 4924 les
2548 4882 2647 4922 seu
2675 4865 2999 4922 christianos
3026 4864 3271 4924 homines
3299 4882 3405 4923 non
3434 4866 3662 4940 obligari
3692 4866 3906 4940 legibus
3932 4867 4037 4922 hu-

2442 4957 2652 5026 manis,
2684 4955 2811 5028 quia
2839 4969 2937 5025 per
2962 4953 3235 5012 Christum
3265 4954 3417 5012 liberi
3438 4955 3573 5012 sacti
3598 4963 3747 5013 sunt.
3778 4955 3933 5014 Unde
3960 4955 4043 5014 di-

2441 5047 2522 5102 xit
2547 5043 2752 5102 Paulus
2790 5047 2835 5102 t.
2864 5043 2931 5100 ad
2949 5043 3197 5100 Corinth.
3228 5049 3259 5103 6
3280 5065 3295 5100 :
3319 5046 3521 5120 Pretio
3542 5049 3721 5120 empti
3740 5049 3900 5108 estis,
3934 5063 4041 5102 no·

2441 5131 2543 5189 lite
2581 5134 2735 5188 servi
2762 5131 2905 5204 fieri
2942 5133 3279 5196 hominum,-
3306 5142 3366 5190 et
3402 5132 3654 5190 Christus
3695 5135 3812 5205 ipse
3841 5133 4035 5191 Uattb.

2446 5225 2539 5282 23.
2564 5219 2918 5296 reprehendit
2938 5227 3221 5280 servantes
3250 5220 3505 5280 mandata
3524 5227 3583 5280 et
3602 5220 3918 5284 traditiones
3941 5220 4043 5280 ho-
