4325 6267
756 287 840 354 88

676 429 864 488 ordine
889 429 958 488 ad
987 445 1075 487 res
1103 445 1253 489 mere
1279 429 1557 488 naturales
1586 435 1643 488 et
1661 430 2022 504 irrationales,
2047 436 2202 488 18818
2224 431 2281 488 in

680 521 965 592 voluntate
992 523 1086 579 Dei
1111 521 1495 580 constituitur.

750 610 1011 684 Idemque
1047 616 1134 668 est
1169 610 1236 668 de
1271 609 1363 667 illa
1401 610 1551 685 lege,
1581 617 1857 684 quatenus
1883 610 2157 683 disposuit
2183 609 2277 666 ali-

673 699 804 772 quid
833 699 980 756 circa
1009 705 1297 757 creaturas
1323 699 1725 758 intellectuales
1755 701 1994 774 operari,
2019 701 2134 757 sine
2163 700 2278 757 illa-

671 804 798 846 rum
829 787 998 846 libera
1024 791 1442 862 cooperatione,
1477 797 1538 848 ut
1565 796 1696 847 sunt
1721 805 1808 862 88,
1840 805 1982 863 quae
2010 788 2096 846 vel
2123 789 2274 860 illae,

672 883 736 935 ut
769 885 997 936 naturae
1026 878 1292 952 quaedam
1323 884 1489 952 sunt,
1527 879 1766 938 naturali
1793 881 2116 936 necessitate
2145 894 2275 952 ope-

669 975 888 1039 rantur,
919 967 1009 1026 vel
1035 971 1180 1026 Deus
1207 970 1401 1042 ipsein
1434 971 1534 1043 eis,
1565 971 1678 1028 sine
1707 969 1924 1027 illarum
1954 969 2122 1026 libera
2146 984 2279 1026 888-

670 1060 948 1131 peratione
991 1066 1284 1132 operatur,
1331 1067 1392 1117 ut
1429 1058 1670 1118 creando
1707 1059 1860 1130 illas,
1892 1057 2272 1129 illuminando,

671 1148 954 1220 vocando,
1003 1149 1087 1206 vel
1139 1149 1248 1206 alio
1295 1149 1454 1207 simili
1499 1150 1668 1208 modo
1713 1149 2140 1224 praeveniendo,
2180 1155 2279 1206 aut

668 1237 830 1296 etiam
860 1237 1233 1311 praemiando,
1267 1239 1352 1298 vel
1381 1239 1682 1313 puniendo.
1721 1242 1775 1298 Si
1805 1255 1936 1297 vero
1965 1238 2277 1297 considere-

671 1334 766 1385 tur
789 1328 876 1385 illa
895 1327 981 1388 lex
1006 1335 1248 1402 aeterna,
1274 1337 1336 1386 ut
1363 1333 1752 1404 proprietatem
1776 1329 1910 1403 legis
1932 1329 2094 1388 habet
2113 1330 2165 1386 in
2188 1345 2278 1386 or-

669 1416 797 1474 dine
833 1417 902 1474 ad
937 1417 1202 1475 moralem
1239 1417 1620 1491 obligationem
1651 1426 2038 1476 creaturarum
2064 1418 2275 1475 intelle·

671 1506 970 1579 ctualium,
1012 1506 1094 1563 sic
1131 1507 1238 1564 erit
1261 1505 1519 1565 voluntas
1545 1509 1642 1566 Dei
1671 1514 1927 1578 aeterna,
1960 1507 2273 1565 secundum

672 1610 840 1669 quam
874 1597 1090 1667 operari
1118 1595 1318 1653 debent
1338 1596 1650 1655 voluntates
1671 1597 1986 1668 rationales,
2011 1605 2075 1655 ut
2095 1596 2272 1654 bonae

673 1686 803 1742 sint.
835 1686 1003 1756 Nam,
1038 1692 1102 1742 ut
1138 1685 1271 1743 dixit
1296 1690 1438 1759 Aug.
1470 1687 1563 1743 lib.
1597 1685 1693 1745 85.
1726 1691 2053 1761 quaestion.
2085 1704 2142 1761 q.
2174 1692 2273 1762 27,

673 1775 738 1829 in
764 1771 900 1831 sola
926 1772 1084 1832 bona
1107 1773 1410 1832 voluntate
1439 1774 1768 1833 secundum
1797 1774 1986 1850 legem
2005 1780 2265 1850 aqimus,

674 1865 740 1919 in
766 1865 1019 1920 caeteris
1049 1867 1254 1921 autem
1281 1865 1603 1921 secundum
1629 1864 1815 1940 leyem
1842 1870 2099 1940 89111181,
2137 1883 2276 1924 cum

672 1949 774 2007 lex
812 1954 952 2025 ipsa
989 1951 1494 2010 incommutabilis
1535 1960 1808 2021 maneat,
1856 1962 1968 2011 etc.
2009 1956 2082 2011 Et
2127 1955 2279 2012 iuxta

673 2038 810 2097 haec
838 2049 1074 2113 possunt
1094 2041 1182 2098 1118
1203 2042 1484 2116 applicari,
1510 2059 1650 2116 quae
1674 2042 1742 2100 de
1766 2044 1867 2100 hac
1891 2045 2160 2102 sententia
2180 2059 2275 2119 ge-

673 2130 926 2188 neraliter
947 2129 1098 2188 dicta
1123 2140 1257 2199 sunt
1283 2133 1554 2204 superiori
1582 2133 1716 2190 libro
1736 2175 1751 2206 ,
1783 2149 1906 2205 cap.
1941 2134 2005 2192 V.

753 2223 809 2278 6.
842 2221 1023 2293 Siquis
1053 2227 1268 2290 autem,
1302 2222 1456 2278 iuxta
1482 2237 1580 2293 ea,
1613 2237 1756 2295 quae
1783 2221 1860 2279 ibi
1887 2222 2151 2295 diximus,
2183 2240 2283 2281 vo-

671 2310 1003 2378 luerit‚hanc
1040 2310 1215 2383 legem
1241 2319 1522 2368 aeternam
1552 2311 1605 2367 in
1632 2312 1812 2369 divino
1841 2313 2121 2370 intellectu
2143 2329 2281 2370 con·

673 2399 948 2472 siderare,
980 2416 1089 2457 non
1129 2403 1237 2458 erit
1271 2401 1492 2458 difficile
1523 2401 1580 2458 id
1609 2401 1906 2473 explicare.
1937 2402 2168 2476 Oportet
2198 2411 2281 2460 ta-

671 2504 821 2558 men,
855 2495 916 2546 ut
939 2505 1060 2546 eam
1088 2489 1400 2547 consideret
1428 2490 1482 2546 18
1512 2490 1796 2548 intellectu
1827 2490 2038 2564 divino,
2062 2500 2127 2549 ut
2148 2492 2281 2550 sub-

671 2583 933 2652 sequente
972 2578 1278 2636 secundum
1318 2580 1586 2636 rationem
1624 2579 1834 2638 dictum
1864 2581 2154 2639 decretum
2186 2598 2280 2639 vo-

671 2665 893 2725 luntatis
930 2668 1043 2726 Dei.
1073 2669 1272 2741 Negari
1300 2671 1445 2726 enim
1473 2686 1580 2726 non
1609 2676 1821 2745 potest,
1855 2673 1990 2744 quin
2019 2672 2154 2730 illud
2186 2672 2278 2729 de-

672 2763 890 2814 cretum
933 2759 1007 2813 sit
1041 2755 1210 2814 veluti
1241 2758 1417 2814 anima
1443 2764 1498 2815 et
1525 2759 1700 2815 virtus
1731 2759 1895 2816 huius
1924 2759 2078 2833 legis,
2109 2777 2141 2818 a
2169 2777 2281 2833 qua

672 2851 791 2904 tota
827 2848 912 2902 vis
938 2845 1028 2902 vel
1065 2846 1376 2919 obligandi,
1415 2846 1504 2904 vel
1531 2839 1828 2904 inclinandi
1853 2848 2157 2908 efficaciter
2185 2849 2279 2908 de·

672 2934 916 3008 scendit3
960 2941 1140 2992 tamen
1183 2935 1467 3007 supposito
1508 2934 1600 2991 illo
1641 2934 1890 3010 decreto,
1922 2937 2146 3011 intelligi
2179 2955 2277 3011 po-

669 3030 778 3082 test
816 3027 871 3081 in
908 3032 1089 3082 mente
1115 3024 1208 3080 Dei
1237 3025 1484 3098 cognitio
1511 3023 1658 3080 illius
1685 3023 1916 3094 decreti,
1947 3041 2090 3098 quae
2117 3026 2190 3083 ad
2215 3026 2279 3082 il·

668 3112 764 3172 lud
804 3113 1190 3186 subsequitur,
1227 3120 1285 3171 et
1320 3113 1470 3187 quod
1513 3115 1719 3171 ratione
1751 3114 1893 3173 illius
1936 3115 2043 3172 iam
2072 3115 2278 3173 intelle·

667 3210 795 3260 ctus
821 3202 1032 3259 divinus
1059 3201 1269 3259 iudicat
1301 3203 1684 3272 determinate,
1713 3219 1856 3278 quae
1878 3204 2017 3262 ratio
2043 3205 2277 3262 tenenda

668 3292 740 3346 sit
775 3292 829 3347 in
871 3291 1266 3364 gubernatione
1295 3307 1503 3362 rerum,
1539 3299 1705 3366 atque
1732 3293 1808 3350 ita
1835 3293 1889 3350 in
1917 3309 1978 3350 se
2006 3309 2276 3366 praecon-

665 3379 847 3451 cipere
878 3380 1073 3454 legem,
1108 3396 1250 3454 quae
1281 3381 1584 3453 unicuique
1613 3383 1691 3437 rei
1717 3397 1820 3438 suo
1849 3387 2094 3454 tempore
2119 3398 2278 3455 prae-

667 3469 960 3526 scribenda
987 3476 1090 3525 est.
1121 3470 1192 3526 Et
1219 3469 1293 3526 ita
1320 3469 1560 3542 intelligo
1586 3469 1736 3542 quod
1762 3469 1818 3527 d.
1852 3471 2088 3529 Thomas
2125 3471 2181 3528 d.
2214 3488 2269 3546 q.

670 3561 738 3616 92
761 3598 777 3630 ,
821 3565 927 3614 811.
967 3562 1018 3616 1.
1061 3559 1155 3630 811,
1187 3563 1534 3633 conceptum
1559 3561 1673 3615 Dei
1700 3563 2036 3627 aeternum,
2070 3575 2278 3617 secun-

668 3644 813 3704 dum
839 3644 996 3722 quod
1021 3662 1066 3703 α
1083 3650 1209 3704 Deo
1233 3645 1554 3704 ordinatur
1573 3644 1659 3703 ad
1675 3647 2163 3720 gubernationem
2184 3666 2276 3706 re·

668 3751 807 3794 rum
845 3735 922 3792 ab
956 3738 1088 3812 ipso
1121 3738 1608 3811 progenitarum,
1658 3752 1782 3794 esse
1817 3736 2004 3812 legem
2037 3742 2151 3797 Dei
2178 3755 2277 3797 ae·

673 3832 934 3888 ternam:
963 3828 1091 3899 quia
1120 3825 1210 3883 illa
1236 3825 1507 3884 ordinatio
1535 3841 1643 3883 non
1670 3833 1758 3884 est
1784 3826 1954 3896 aliud,
1985 3843 2151 3901 quam
2176 3829 2270 3902 de-

669 3922 888 3975 cretum
921 3916 1254 3989 voluntatis,
1298 3915 1446 3988 quod
1485 3916 1880 3992 explicuimus,
1910 3916 2062 3989 quod
2091 3924 2153 3975 ut
2182 3933 2279 3975 co-

667 4007 880 4080 gnitum
918 4006 986 4063 ab
1025 4004 1304 4063 intellectu
1352 4004 1681 4062 determinat
1715 4004 1868 4063 illum
1895 4007 1966 4064 ad
1994 4007 2160 4065 talem
2187 4023 2276 4064 re-

667 4112 793 4153 rum
833 4097 1284 4169 gubernationem
1312 4095 1621 4152 secundum
1652 4095 1814 4155 talem
1842 4098 2107 4155 rationem
2127 4098 2274 4170 ,seu

660 4183 862 4259 legem.
905 4189 975 4244 Et
1000 4187 1231 4243 sortasse
1267 4187 1399 4258 quia
1444 4193 1744 4258 utrumque
1779 4189 2070 4245 concurrit
2095 4187 2162 4244 ad
2194 4187 2271 4244 le-

668 4292 819 4350 gem,
858 4282 911 4332 et
941 4283 1238 4350 utrumque
1259 4288 1362 4332 suo
1384 4273 1548 4331 modo
1570 4276 1699 4332 etin
1723 4275 1868 4333 bono
1891 4292 2058 4334 sensu
2079 4293 2274 4335 verum

667 4370 772 4434 est,
798 4361 920 4421 ideo
942 4365 998 4422 d.
1022 4364 1366 4436 Augustinus
1387 4366 1600 4422 contra
1620 4367 1919 4423 Faustum
1941 4365 2045 4423 sub
2068 4366 2278 4424 disiun-

669 4455 849 4512 ctione
875 4460 961 4510 est
984 4452 1230 4510 locutus.

751 4547 804 4604 7.
836 4544 1013 4602 Τ81118
1049 4559 1116 4601 811
1144 4543 1304 4600 dictis
1332 4544 1466 4600 satis
1497 4549 1746 4616 constat,
1777 4543 2053 4617 quomodo
2083 4545 2276 4603 distin-

669 4639 869 4706 guatur
912 4634 1122 4690 ratione
1166 4632 1253 4690 lex
1293 4641 1519 4691 aeterna
1555 4633 1623 4690 ab
1651 4633 1803 4690 ideis.
1835 4636 1974 4692 Nam
1999 4637 2044 4692 si
2072 4637 2156 4694 lex
2188 4636 2278 4694 illa

668 4724 1041 4780 constituatur
1076 4725 1128 4779 18
1169 4722 1392 4779 (1881818
1430 4723 1763 4796 voluntatis,
1794 4724 1946 4781 clara
1972 4732 2058 4782 est
2085 4724 2274 4782 distin·

669 4814 810 4886 cti03
851 4826 976 4867 nam
1018 4810 1190 4868 ideam
1233 4819 1450 4868 certum
1491 4818 1606 4884 est,
1641 4827 1760 4868 esse
1789 4813 1842 4868 in
1882 4813 2187 4871 intellectu.
2218 4815 2275 4872 Si

670 4917 799 4958 vero
842 4901 1133 4974 loquamur
1158 4900 1224 4957 de
1261 4900 1350 4958 illa
1378 4901 1528 4973 lege,
1573 4910 1743 4974 prout
1770 4903 1937 4958 estin
1968 4903 2273 4976 intellectu,

672 4991 836 5064 aliqui
875 5006 985 5047 non
1023 4991 1376 5047 constituunt
1400 4989 1844 5063 distinctionem,
1873 4994 2198 5063 praesertim
2226 4995 2275 5050 si

671 5081 738 5138 de
764 5080 920 5152 ideis,
947 5087 1009 5137 ut
1036 5085 1167 5135 sunt
1184 5067 1540 5152 exemplaria,
1565 5079 1886 5153 loquamur.
1910 5081 2273 5139 Nihilominus

671 5171 833 5231 divus
868 5168 1103 5227 Thomas
1125 5183 1180 5246 q.
1199 5171 1410 5242 93,811.
1445 5173 1488 5230 l.
1511 5168 1646 5227 haec
1663 5167 1775 5226 duo
1796 5184 2055 5245 expresse
2079 5171 2273 5230 distin·

2153 335 2159 342 ·
2223 304 2429 356 mmm
2457 307 2512 358 11
2522 335 2538 354 .

2348 431 2501 504 guit,
2532 435 2589 488 et
2628 429 2679 486 in
2718 429 2837 486 eius
2873 427 3119 487 doctriua
3148 433 3331 502 potest
3353 431 3521 487 variis
3562 429 3740 488 modis
3767 430 3965 488 distin·

2350 524 2461 579 ctio
2498 520 2774 593 explicari.
2809 522 3019 584 Primo,
3058 521 3189 593 quia
3216 519 3369 578 ideae
3398 521 3616 594 proprie
3644 528 3774 578 sunt
3800 523 3964 579 81188

2347 627 2538 670 rerum
2569 613 2905 669 creationem
2934 625 3031 668 seu
3062 609 3523 682 productionem3
3557 609 3641 667 lex
3684 626 3815 667 vero
3844 627 3965 667 ma-

2350 703 2437 775 gis
2465 707 2719 758 versatur
2754 703 2908 757 circa
2936 715 3122 757 rerum
3150 699 3630 772 gubernationem,
3654 705 3718 756 ut
3738 698 3795 755 d.
3820 699 3969 756 Tho-

2348 807 2467 850 mas
2502 807 2671 863 supra
2688 790 2935 849 tradidit.
2954 790 3107 848 Unde
3133 793 3280 847 sicut
3306 790 3725 863 distinguuntur
3754 790 3907 847 ideae
3927 806 3963 846 8

2351 881 2711 956 providentia,
2738 882 2812 939 ita
2840 887 2897 939 et
2922 895 2953 936 a
2982 879 3100 952 lege
3120 885 3342 938 aeterna
3364 879 3779 952 distinguendae
3800 887 3957 938 sunt.

2348 969 2643 1043 Secundo,
2683 969 2903 1044 propria
2944 968 3242 1026 differentia
3276 985 3398 1026 esse
3428 968 3642 1026 videtur
3671 983 3839 1042 supra
3878 970 3961 1025 in-

2348 1060 2587 1131 sinuata,
2617 1059 2767 1132 quod
2800 1057 2917 1116 idea
2946 1059 3127 1116 solum
3158 1058 3319 1116 habet
3336 1059 3603 1116 rationem
3626 1059 3956 1131 exemplaris
3984 1051 3987 1054 ’

2346 1156 2607 1222 1881188111
2650 1150 2937 1220 ipsiusmet
2976 1147 3103 1220 Dei,
3145 1155 3211 1206 ut
3246 1148 3553 1205 secundum
3584 1147 3731 1205 illam
3760 1164 3957 1221 opere-

2349 1243 2471 1302 tur,
2501 1245 2556 1296 et
2588 1239 2669 1294 sic
2698 1239 2983 1296 concurrit
3012 1237 3215 1310 solum,
3248 1244 3313 1294 ut
3338 1239 3417 1294 818
3446 1236 3649 1310 dicam,
3682 1237 3750 1295 ad
3778 1239 3962 1312 speci-

2348 1329 2657 1384 ficationem
2688 1343 2915 1399 operum
2943 1327 3066 1385 Dei:
3094 1327 3178 1386 lex
3202 1335 3389 1385 autem
3409 1325 3614 1399 divina,
3639 1333 3701 1386 ut
3723 1327 3831 1396 lex,
3858 1326 3958 1384 ha-

2348 1418 2441 1474 bet
2466 1419 2653 1490 potius
2682 1418 2944 1475 rationem
2975 1420 3243 1475 moventis
3270 1423 3327 1474 et
3347 1417 3705 1489 imprimentis
3722 1417 3955 1474 inclina·

2349 1509 2553 1565 tionem
2592 1509 2680 1564 vel
2722 1507 3109 1581 obligationem
3146 1507 3213 1564 ad
3240 1523 3411 1579 opus3
3434 1499 3583 1579 'quae
3608 1505 3823 1563 diversa
3854 1506 3952 1564 ha-

2346 1596 2539 1654 bitudo
2572 1595 3033 1653 sufficientissima
3057 1601 3141 1652 est
3166 1595 3235 1652 ad
3262 1594 3666 1652 distinctionem
3696 1595 3943 1652 rationis.

2348 1686 2595 1758 Denique
2622 1685 2748 1741 hinc
2776 1685 2939 1742 811818
2968 1692 3073 1754 881,
3106 1684 3255 1757 quod
3283 1683 3392 1756 lex,
3426 1694 3490 1743 ut
3517 1685 3622 1758 lex,
3647 1685 3949 1756 imponitur

2349 1774 2615 1846 subditis,
2660 1790 2759 1832 seu
2800 1774 3180 1844 inferioribus3
3225 1773 3441 1832 ordinat
3482 1775 3626 1831 enim
3668 1775 3784 1838 lex,
3815 1773 3951 1847 quid

2347 1880 2438 1921 res
2461 1863 2742 1920 subiectae
2765 1869 3095 1936 operaturae
3118 1864 3247 1934 sint,
3275 1879 3641 1937 unaquaeque
3659 1865 3815 1922 iuxta
3838 1879 3955 1920 mo-

2348 1951 2481 2009 dum
2510 1968 2710 2010 suum:
2746 1953 2865 2010 idea
2896 1959 3079 2010 autem
3104 1969 3209 2009 888
3234 1954 3538 2025 imponitur
3557 1955 3781 2027 proprie
3800 1955 3881 2011 rei
3906 1954 3959 2010 in

2350 2041 2441 2100 illa
2468 2050 2937 2115 repraesentatae,
2982 2042 3081 2100 sed
3109 2043 3337 2115 ponitur
3364 2043 3666 2101 formaliter
3692 2045 3744 2101 18
3774 2053 3960 2101 mente

2357 2133 2602 2202 811111818,
2635 2140 2697 2191 ut
2723 2132 3032 2192 secundum
3060 2131 3209 2190 illam
3231 2139 3521 2206 operetur,
3546 2140 3631 2191 est
3651 2147 3786 2208 ergo
3808 2132 3959 2191 clara

2350 2220 2648 2278 distinctio.

2432 2317 2484 2370 8.
2509 2311 2715 2379 Quarto
2736 2311 2901 2369 etiam
2923 2310 3151 2387 intelligi
3174 2317 3357 2384 potest
3376 2327 3444 2369 ex
3465 2312 3647 2383 dictis,
3674 2310 3954 2386 quomodo

2352 2398 2438 2456 lex
2480 2407 2701 2457 aeterna
2729 2399 3099 2473 distinguatur
3130 2415 3161 2456 a
3183 2401 3541 2472 providentia,
3566 2399 3635 2458 de
3656 2417 3769 2474 qua
3790 2402 3955 2458 etiam

2351 2489 2491 2546 solet
2528 2489 2796 2560 dubitari,
2838 2505 2907 2546 an
2936 2489 2990 2545 in
3016 2489 3301 2546 intellectu
3327 2491 3411 2547 vel
3439 2490 3721 2548 voluntate
3748 2491 3955 2548 consti-

2352 2585 2577 2650 tuatur,
2610 2594 2735 2636 nam
2762 2579 3057 2651 utriusque
3085 2585 3273 2636 actum
3303 2578 3553 2636 includit.
3574 2581 3801 2654 Utergo
3825 2595 3959 2652 pro·

2350 2667 2591 2725 videntia
2626 2675 2680 2726 81
2721 2669 2808 2725 lex
2843 2675 3267 2740 comparentur,
3309 2668 3510 2726 debent
3555 2684 3687 2726 cum
3726 2684 3954 2742 propor-

2349 2759 2495 2816 tione
2525 2759 2783 2831 cont'erri,
2816 2757 3093 2830 videlicet,
3117 2766 3395 2832 quatenus
3418 2761 3651 2832 utraque
3670 2765 3759 2816 est
3780 2761 3838 2815 18
3859 2775 3958 2816 vo-

2351 2847 2597 2920 luntate,
2641 2848 2728 2906 vel
2772 2855 3008 2922 utraque
3043 2850 3095 2904 in
3133 2848 3449 2920 intellectu,
3494 2854 3550 2906 et
3585 2851 3665 2905 sic
3694 2849 3953 2906 videntur

2349 2953 2459 2994 non
2489 2937 2747 3010 distingui
2776 2938 2945 2994 etiam
2976 2937 3207 2994 ratione.
3240 2937 3376 3004 Quia
3402 2936 3740 3009 providentia
3761 2943 3851 2994 est
3870 2952 3957 2994 ra·-

2350 3029 2427 3084 tio
2467 3025 2879 3100 gubernationis
2910 3041 3097 3083 rerum
3126 3028 3373 3082 omnium
3402 3041 3467 3083 ex
3499 3025 3816 3083 aeternitate
3842 3026 3957 3082 exi-

2349 3123 2501 3172 stens
2532 3115 2586 3171 in
2615 3121 2797 3172 mente
2825 3114 3035 3186 divina,
3066 3113 3159 3171 sed
3189 3114 3295 3172 hoc
3316 3116 3497 3187 ipsum
3519 3121 3607 3173 est
3627 3113 3713 3172 lex
3735 3123 3956 3172 aeterna

2346 3205 2402 3260 in
2431 3220 2531 3261 sua
2558 3204 2912 3278 generalitate
2940 3209 3179 3277 sumpta,
3210 3209 3274 3260 ut
3302 3205 3543 3260 sumitur
3570 3219 3636 3262 ex
3660 3203 3716 3260 d.
3742 3205 3955 3261 Thema

2346 3293 2497 3351 dicta
2525 3311 2581 3368 q.
2616 3297 2682 3352 92
2707 3335 2722 3366 ,
2752 3302 2857 3350 811.
2893 3299 2949 3351 2.
2982 3292 3051 3350 ad
3088 3300 3147 3366 ις
3180 3309 3288 3349 888
3314 3291 3571 3350 videntur
3596 3308 3728 3366 ergo
3757 3291 3952 3350 distin-

2346 3383 2442 3457 gui
2471 3390 2535 3440 ut
2562 3381 2673 3440 duo
2702 3383 2987 3452 attributa,
3018 3381 3115 3440 sed
3136 3397 3258 3440 esse
3279 3381 3447 3456 idem,
3470 3382 3617 3456 quod
3640 3382 3744 3440 sub
3770 3382 3953 3441 direr-

2349 3473 2427 3528 sis
2471 3471 2997 3529 considerationibus
3038 3471 3256 3530 diversa
3294 3473 3509 3529 nomina
3546 3473 3761 3546 recipit.
3792 3471 3957 3542 Quod

2349 3561 2393 3618 si
2422 3561 2505 3619 lex
2534 3569 2759 3619 aeterna
2784 3577 2893 3619 non
2914 3577 3045 3619 cum
3070 3561 3161 3619 illa
3183 3561 3542 3636 amplitudine
3564 3570 3837 3630 sumatur,
3860 3563 3959 3621 sed

2349 3651 2602 3708 restricte
2638 3657 2694 3708 et
2720 3652 2968 3724 proprie,
2998 3658 3276 3725 quatenus
3305 3653 3463 3710 circa
3488 3659 3774 3710 creaturas
3801 3653 3960 3709 intel-

2350 3738 2615 3796 lectuales
2656 3747 2949 3814 versatur,
2986 3747 3046 3799 et
3084 3739 3197 3798 illas
3227 3742 3445 3814 proprie
3475 3740 3709 3814 obligat3
3744 3741 3824 3799 sic
3852 3745 3963 3800 erit

2352 3829 2623 3902 quaedam
2666 3847 2793 3903 pars
2833 3829 3044 3887 divinae
3084 3830 3475 3903 providentiae.
3516 3833 3651 3888 Nam
3682 3830 3751 3888 ad
3779 3831 3961 3904 provi-

2347 3918 2587 3976 dentiam
2612 3920 2706 3975 Dei
2735 3925 2949 3992 spectat
2974 3918 3122 3993 leges
3171 3935 3375 3992 ponere
3412 3919 3771 3978 rationalibus
3802 3936 3961 3979 crea·

2349 4009 2528 4077 turis,
2572 4009 2681 4065 imo
2724 4007 2858 4065 haec
2900 4015 2985 4066 est
3022 4009 3194 4081 magis
3232 4009 3483 4082 specialis
3521 4014 3579 4067 et
3604 4009 3825 4082 propria
3852 4027 3957 4082 gu-

2346 4096 2598 4154 bernatio
2640 4096 2867 4154 moralis
2916 4104 3281 4156 consentanea
3322 4099 3533 4155 naturis
3580 4097 3959 4156 intellectuali·

2346 4185 2475 4258 bus,
2508 4202 2745 4258 quarum
2775 4187 2922 4243 Deus
2950 4186 3114 4244 habet
3139 4187 3429 4259 specialem
3458 4205 3673 4262 curam,
3697 4196 3764 4246 ut
3790 4189 3957 4264 signi-

2346 4275 2533 4333 ficavit
2558 4275 2763 4333 Paulus
2794 4280 2840 4333 1.
2868 4276 3116 4334 Corinth.
3146 4281 3211 4335 9:
3237 4292 3369 4350 ergo
3392 4294 3607 4350 semper
3626 4279 3713 4337 lex
3732 4287 3958 4337 aeterna

2348 4381 2479 4422 cum
2506 4363 2847 4437 providentia
2874 4364 3169 4440 coincidet,
3202 4367 3248 4422 si
3274 4382 3403 4424 cum
3427 4371 3779 4441 proportione
3801 4385 3956 4428 com-

2346 4462 2642 4529 parentur.
2675 4457 2853 4529 Atque
2882 4455 2957 4512 ita
2982 4455 3237 4513 videntur
3266 4458 3466 4514 sentire
3493 4457 3563 4514 de
3589 4458 3705 4531 lege
3727 4465 3956 4516 aeterna

2350 4552 2407 4603 et
2433 4544 2773 4617 providentia
2801 4543 2857 4600 d.
2888 4543 3124 4601 Thomas
3152 4561 3345 4619 supra,
3375 4552 3432 4604 et
3458 4563 3515 4620 q.
3550 4551 3643 4619 93,
3676 4555 3783 4604 art.
3817 4552 3869 4618 1,
3898 4553 3958 4606 et

2348 4640 2380 4694 4
2403 4679 2418 4706 ,
2449 4641 2507 4692 et
2531 4634 2741 4691 Alensis
2769 4633 2917 4691 dicta
2950 4650 3007 4709 q.
3039 4639 3147 4704 26,
3178 4635 3379 4692 memb.
3420 4639 3470 4709 1,
3502 4643 3557 4693 et
3586 4638 3731 4694 favet
3757 4640 3954 4711 Augu-

2350 4726 2527 4781 stinus
2557 4738 2749 4797 supra,
2777 4731 2834 4780 et
2863 4723 2953 4779 lib.
2986 4721 3058 4780 de
3086 4740 3233 4782 vera
3258 4722 3428 4798 reliq.
3456 4741 3580 4799 cap.
3616 4731 3706 4784 30.
3739 4726 3793 4783 in
3820 4728 3947 4800 tine,

2350 4821 2407 4874 et
2435 4816 2599 4873 3l.in
2630 4814 2894 4887 principio
2922 4819 2981 4870 et
3012 4812 3143 4870 dict.
3184 4813 3393 4872 lib·.85.
3420 4820 3750 4889 quaestion.
3780 4819 3953 4889 (1.27.

2428 4908 2482 4961 9.
2515 4902 2621 4962 Sed
2654 4902 2999 4960 nihilominus
3028 4903 3083 4960 (1.
3115 4903 3349 4960 Thomas
3378 4920 3434 4977 q.
3471 4909 3523 4961 5.
3556 4903 3627 4960 de
3662 4905 3950 4968 Ver-itate.

2348 4995 2511 5051 artic.
2551 4997 2600 5052 1.
2644 4993 2713 5050 ad
2754 4996 2807 5050 6.
2851 4991 3131 5064 distinguit
3166 4991 3341 5066 legem
3382 5000 3665 5052 aeternam
3703 5011 3733 5051 8
3772 4997 3959 5067 provi·

2348 5083 2565 5156 dentia,
2616 5080 2834 5138 dicens:
2874 5079 3264 5139 Providentia
3301 5098 3420 5139 non
3454 5086 3727 5140 nominat
3764 5083 3954 5158 legem

2345 5175 2675 5240 aeternam,
2712 5167 2815 5230 sed
2840 5168 3072 5244 aliquid
3098 5166 3183 5229 ad
3212 5170 3398 5246 legem
3422 5177 3733 5233 aeternam
3754 5189 3955 5233 881188-
