4325 6267
849 352 977 417 374
2239 362 2452 417 Linea·
2469 362 2564 416 lv.

767 509 900 568 ergo
929 509 1049 551 non·
1064 502 1151 552 est
1176 509 1283 551 cur
1311 495 1553 567 requirat
1586 492 1751 552 talem
1788 492 2239 552 uniformitatem.
2271 494 2372 549 De-

766 584 1014 643 claratur
1038 584 1287 656 exemplo
1316 583 1727 657 philosophico:
1768 599 1894 640 nam
1932 583 1983 640 in
2013 597 2248 655 corpore
2275 580 2372 639 he·

654 736 673 759 ·
768 680 1056 749 terogeneo
1104 689 1212 731 non
1260 679 1347 732 est
1382 674 1689 732 necessaria
1731 672 2071 732 uniformitas
2100 670 2377 729 membro-

764 780 922 839 rum,
968 763 1075 823 hoc
1115 771 1301 821 autem
1347 779 1555 837 corpus
1587 764 1821 823 civitatis
1850 768 2068 821 constat
2094 778 2161 819 ex
2189 762 2370 833 laicis,

764 854 1012 927 clericis,
1042 860 1101 912 et
1126 854 1395 929 religiosis
1424 861 1685 929 tanquam
1714 870 1782 913 ex
1811 852 2070 911 membris
2091 851 2376 927 heteroge-

678 938 683 945 '
762 944 912 1017 neis;
962 960 1094 1017 ergo
1140 959 1249 1002 non
1298 944 1546 1017 postulat
1572 944 1997 1002 uniformitatem
2026 943 2166 1001 inter
2193 959 2289 1001 eos
2317 944 2373 1000 in

764 1033 870 1102 bis,
915 1049 1058 1107 quae
1101 1034 1321 1107 propria
1360 1040 1529 1107 sunt,
1574 1034 1667 1092 sed
1709 1040 1925 1091 tantum
1966 1034 2017 1090 in
2057 1033 2141 1089 bis
2169 1074 2184 1104 ,
2228 1048 2372 1109 quae

763 1112 963 1180 habent
989 1123 1320 1197 communia,
1338 1129 1399 1181 ut
1418 1132 1551 1181 sunt
1568 1124 1873 1195 christiani,
1892 1122 1975 1181 vel
1999 1123 2243 1181 membra
2267 1124 2374 1180 Ec-

762 1212 989 1270 clesiae:
1034 1211 1136 1269 bae
1177 1220 1361 1271 autem
1402 1212 1547 1286 leges
1586 1213 1875 1289 synodales
1915 1227 2015 1285 per
2061 1226 2121 1271 se
2167 1211 2370 1270 dantur

764 1315 863 1373 pro
890 1300 1290 1376 saecularibus,
1314 1302 1400 1359 vel
1429 1317 1529 1374 pro
1558 1303 1661 1375 his,
1692 1304 1788 1375 qui
1815 1300 2129 1359 subduntur
2155 1302 2371 1374 episco-

764 1391 871 1462 pis3
902 1405 1010 1447 non
1039 1404 1171 1464 ergo
1199 1396 1436 1463 oportet,
1462 1390 1747 1467 religiosos
1773 1393 1855 1447 eis
1882 1390 2235 1448 conformari.
2267 1392 2368 1447 De-

764 1479 965 1537 clarari
1004 1480 1167 1537 etiam
1197 1485 1380 1553 potest
1403 1480 1651 1553 exemplo
1678 1479 1871 1539 morali
1902 1480 1969 1537 de
1994 1480 2214 1539 novitiis
2244 1479 2367 1537 reli-

761 1568 1011 1642 gionum3
1048 1568 1141 1642 qui
1167 1569 1300 1627 licet
1325 1584 1677 1627 communem
1707 1572 1875 1627 vitam
1902 1576 2063 1642 agant
2099 1584 2231 1627 cum
2276 1583 2366 1625 ce-

763 1657 895 1715 teris
922 1657 1220 1731 religiosis,
1252 1656 1600 1738 nihilominus
1628 1674 1737 1715 nou
1770 1664 2020 1716 tenentur
2046 1658 2099 1716 in
2127 1658 2181 1715 vi
2211 1673 2370 1730 prae-

758 1746 903 1818 cepti
945 1745 1015 1804 ad
1056 1746 1323 1803 servanda
1360 1753 1567 1805 statuta
1604 1748 1961 1823 religionum,
1998 1746 2211 1805 etiamsi
2239 1745 2368 1804 talia

758 1836 895 1907 sint,
949 1851 1093 1910 quae
1142 1836 1278 1894 alios
1323 1836 1613 1911 religiosos
1660 1838 1898 1913 obligent
1924 1838 1974 1895 in
2003 1838 2360 1910 conscientia3

757 1926 885 1998 quia
917 1940 1017 1997 per
1042 1940 1103 1984 ss
1130 1941 1238 1983 non
1270 1930 1549 1997 tenentur,
1574 1929 1703 1999 quia
1728 1927 1960 2001 religiosi
1988 1942 2093 1983 non
2126 1932 2277 1998 sunt,
2309 1932 2366 1983 et

758 2016 833 2071 ita
857 2013 1015 2072 deest
1035 2015 1086 2072 in
1109 2015 1211 2073 illis
1230 2014 1646 2075 fundamentum
1669 2016 1812 2075 illius
1833 2016 2204 2091 obligationis,
2217 2015 2365 2091 quod

759 2109 846 2160 est
874 2103 1157 2187 vinculum
1188 2106 1536 2178 professionis
1562 2114 1619 2165 et
1638 2108 1747 2165 voti
1776 2106 2133 2180 obedientiae,
2156 2121 2259 2165 nec
2285 2112 2366 2165 te-

730 2199 963 2252 .nentur
1007 2194 1219 2254 ratione
1266 2196 1656 2255 uniformitatis
1676 2237 1691 2265 ,
1722 2198 1851 2272 quia
1878 2196 1947 2255 ad
1975 2196 2119 2255 hanc
2145 2212 2256 2256 non
2285 2202 2363 2255 te·

2443 498 2643 550 nentur
2667 508 2735 551 ex
2765 492 2813 549 vi
2841 498 3052 565 status3
3079 501 3210 552 sunt
3233 498 3382 553 enim
3411 495 3482 553 ibi
3513 501 3574 555 ut
3597 497 3929 571 probentur,
3945 514 4062 555 non

2445 589 2510 640 ut
2554 583 2672 640 aliis
2719 584 2772 641 iu
2817 585 3070 642 omnibus
3115 586 3566 661 conformentur,
3610 586 3709 645 sed
3746 588 4058 646 secundum

2445 673 2672 731 modum
2703 690 2904 743 suum,
2949 674 3123 733 multo
3151 691 3285 749 ergo
3316 677 3497 733 minus
3527 682 3792 735 tenentur
3817 677 4060 752 religiosi

2446 762 2786 821 conformari
2819 763 2970 820 laicis
2997 764 3161 822 etiam
3189 764 3239 821 in
3270 765 3528 837 operibus
3556 765 3713 826 bonis
3731 810 3748 837 ,
3777 774 3836 824 et
3863 766 4063 825 obser-

2445 852 2639 909 vantiis
2685 852 3015 925 specialibus
3060 868 3279 911 eorum.
3309 855 3550 912 Tandem
3600 854 3818 913 accedit
3843 897 3858 928 ,
3897 856 4058 931 quod

2445 938 2565 998 ideo
2595 940 2648 998 bi
2673 941 2910 1016 religiosi
2937 942 3419 1017 eximuntur,quia
3447 942 3650 1001 habent
3675 944 3900 1017 propria
3925 961 4062 1002 onc-

2442 1045 2536 1103 ra,
2575 1036 2634 1088 et
2662 1047 2729 1089 ne
2757 1036 3028 1104 cogantur
3063 1032 3168 1090 alia
3203 1033 3504 1106 sustinere,
3533 1033 3638 1091 nisi
3664 1050 3809 1108 quae
3835 1035 4060 1092 Pontifi-

2443 1134 2540 1178 ces
2581 1122 2666 1177 vel
2707 1135 2903 1177 eorum
2939 1122 3176 1193 praelati
3210 1123 3287 1179 eis
3324 1123 3718 1196 imposuerint3
3748 1138 3886 1198 ergo
3915 1123 4060 1181 baec

2438 1212 2558 1282 ipsa
2590 1211 2860 1281 exemptio
2897 1209 3172 1283 declarat,
3215 1227 3320 1268 non
3355 1227 3478 1269 esse
3504 1214 3874 1271 necessariam
3903 1214 4058 1271 illam

2440 1299 3244 1359 uniformitatem.Nihilom1ous
3265 1316 3332 1359 ex
3352 1301 3604 1361 decentia
3621 1304 3868 1377 quadam
3891 1313 4056 1363 recte

2437 1391 2637 1449 facient
2662 1390 2920 1463 religiosi,
2952 1389 3048 1448 bas
3076 1391 3224 1465 leges
3251 1390 3548 1463 servando,
3581 1392 3673 1450 ubi
3700 1395 3817 1451 sine
3847 1409 4055 1467 magno

2437 1494 2600 1536 onere
2639 1480 2940 1553 potuerint.
2974 1480 3044 1537 Et
3083 1480 3176 1537 ubi
3202 1481 3369 1538 fuerit
3393 1481 3744 1541 consuetudo
3769 1481 3895 1539 illas
3913 1496 4052 1539 ser-

2438 1568 2598 1643 vandi
2625 1573 2888 1642 tanquam
2917 1572 3281 1640 necessarias,
3311 1569 3707 1645 obligabuntur
3731 1586 3802 1629 ex
3831 1574 3886 1629 vi
3910 1588 4050 1630 con·

2437 1656 2772 1727 suetudinis,
2816 1674 2926 1715 non
2964 1672 3096 1715 vero
3133 1674 3199 1716 ex
3229 1658 3348 1717 aliis
3377 1659 3670 1731 capitibus.
3699 1660 3771 1717 Et
3794 1660 3934 1718 haec
3965 1662 4052 1719 di·

2438 1745 2578 1803 xisse
2615 1746 2858 1804 sufficiat
2903 1746 2972 1803 de
3013 1748 3130 1823 lege
3157 1748 3454 1821 canonica3
3495 1764 3621 1807 nam
3647 1756 3876 1823 cetera,
3905 1767 4054 1825 quae

2437 1834 2734 1894 desiderari
2775 1842 3044 1910 possunt,
3075 1838 3388 1895 communia
3425 1844 3557 1895 sunt
3594 1837 3700 1912 legi
3740 1837 4040 1911 humanae,

2436 1929 2707 1998 quatenus
2734 1923 2857 1983 talis
2884 1932 3008 1985 est:
3043 1924 3280 2000 ideoque
3304 1942 3370 1985 ex
3397 1927 3537 1985 libro
3564 1927 3924 2001 praecedenti
3955 1946 4052 2002 pe-

2435 2012 2600 2071 tenda
2644 2020 2811 2085 sunt,
2856 2021 2913 2073 et
2960 2016 3030 2073 ob
3075 2015 3324 2074 eamdem
3359 2032 3589 2076 cauum
3623 2017 3692 2076 de
3718 2016 4051 2079 variaillius

2437 2106 2742 2164 mutatione
2769 2105 2819 2163 in
2845 2104 2939 2165 lib.
2971 2106 3112 2166 vm.
3141 2106 3413 2166 dicemus.

2068 2932 2245 2991 51le
2272 2932 2446 2991 mem
2474 2932 2723 3001 Quanti
