4325 6267
1750 357 1961 407 CAPUT
1988 359 2081 406 vl.

284 485 483 542 thesim
522 500 643 541 esse
682 484 900 540 omnino
940 480 1355 553 impossibilem,
1400 482 1527 556 quia
1560 498 1669 539 non
1699 488 1880 555 potest

286 580 431 633 Deus
472 592 577 634 non
620 575 904 647 prohibere
942 571 1025 644 id,
1060 572 1209 646 quod
1238 580 1325 629 est
1353 574 1641 629 intrinsece
1670 572 1879 630 malum

285 672 341 722 et
380 665 746 723 inordinatum
786 668 837 720 in
877 669 1073 721 natura
1104 662 1350 719 rationali
1372 705 1386 732 ,
1420 664 1501 720 vel
1532 678 1638 718 non
1666 663 1879 734 praeci-

286 771 417 827 pere
460 756 814 811 contrarium.
846 755 989 810 Haec
1020 752 1285 808 sententia
1311 760 1397 809 est
1430 759 1617 825 aperte
1643 750 1699 807 d.
1734 752 1873 807 Tho·

286 860 407 901 mae
434 844 585 902 dicta
613 860 668 916 q.
704 846 795 910 72,
828 849 931 899 art.
964 847 1019 912 6,
1044 848 1100 898 et
1126 841 1333 897 clarius
1357 859 1411 915 q.
1448 846 1573 912 100,
1599 847 1701 897 art.
1730 846 1783 899 8.
1810 838 1879 895 ad

286 938 343 1002 2,
358 943 632 1007 quatenus
654 931 1043 1003 ait‚decretum
1070 930 1281 987 divinae
1308 932 1541 988 iustitiae
1564 930 1713 986 circa
1734 928 1875 985 hanc

286 1024 463 1095 legem
492 1038 615 1080 esse
644 1021 999 1078 immutabile.
1032 1019 1185 1088 Quod
1216 1038 1321 1077 non
1352 1027 1538 1093 potest
1565 1019 1787 1092 intelligi
1809 1018 1875 1075 de

284 1114 403 1169 sola
426 1112 855 1169 immutabilitate
875 1126 937 1167 ex
963 1113 1333 1182 suppositione
1353 1110 1583 1181 decreti,
1618 1125 1743 1165 nam
1772 1108 1875 1163 boc

284 1200 449 1258 modo
492 1200 771 1274 quodlibet
810 1200 1089 1256 decretum
1132 1200 1223 1256 Dei
1266 1202 1317 1255 in
1363 1213 1719 1273 quacumque
1760 1197 1879 1268 lege

284 1290 515 1364 positiva
536 1298 619 1347 est
638 1289 991 1359 immutabile3
1024 1289 1267 1362 loquitur
1294 1306 1425 1361 ergo
1453 1287 1509 1344 d.
1538 1288 1779 1344 Thomas
1810 1285 1877 1342 dc

283 1378 713 1437 immutabilitate
742 1380 1074 1451 simpliciter.
1100 1380 1253 1437 Unde
1278 1382 1353 1436 ita
1382 1384 1593 1448 censet,
1621 1394 1726 1433 non
1750 1392 1878 1449 pos-

286 1486 345 1526 se
368 1473 541 1526 Deum
566 1470 616 1525 in
639 1469 744 1524 hoc
768 1467 983 1525 auferre
1004 1484 1135 1524 suae
1164 1470 1400 1525 iustitiae
1434 1468 1697 1539 ordinem,
1730 1467 1879 1523 sicut

286 1574 393 1615 non
424 1563 605 1630 potest
630 1573 826 1632 negare
853 1560 1093 1629 seipsum
1109 1599 1125 1630 ,
1148 1559 1232 1615 vel
1255 1560 1399 1616 sicut
1420 1575 1529 1615 non
1564 1564 1747 1631 potest
1766 1573 1875 1613 non

286 1666 407 1706 esse
436 1648 603 1705 tidelis
626 1651 677 1704 in
701 1647 1001 1720 promissis.
1019 1647 1277 1705 Eamdem
1300 1648 1601 1721 opinionem
1624 1648 1879 1719 supponit

284 1740 435 1795 clare
460 1738 669 1795 Medina
696 1753 881 1809 supra,
920 1744 977 1794 et
1005 1738 1163 1793 latius
1190 1739 1399 1795 Victor.
1430 1738 1479 1794 in
1502 1738 1649 1795 dicta
1677 1736 1869 1792 relect.

283 1828 357 1884 de
376 1828 795 1903 pervenientib.
814 1826 899 1886 ad
917 1844 1093 1885 usum
1121 1832 1389 1897 ration-is,
1420 1845 1477 1883 n.
1511 1832 1566 1897 9,
1595 1834 1650 1882 et
1676 1830 1763 1897 10,
1784 1826 1876 1881 ubi

285 1934 387 1974 nec
418 1918 719 1991 probabile,
746 1933 846 1974 nec
880 1917 1203 1991 intelligibile
1228 1934 1349 1974 esse
1376 1924 1601 1989 censet,
1638 1915 1873 1990 aliquem

286 2024 451 2082 posse
488 2023 751 2081 peccare,
782 2014 839 2064 et
874 2024 979 2063 non
1022 2008 1218 2064 habere
1259 2008 1597 2080 superiorem
1636 2013 1693 2063 et
1721 2021 1875 2077 prae-

286 2106 509 2171 ceptum
540 2113 639 2154 seu
668 2098 837 2172 legem
865 2099 1003 2153 eius.
1028 2097 1179 2156 Unde
1205 2114 1371 2171 quam
1401 2096 1735 2169 impossibile
1762 2102 1871 2165 est,

285 2174 845 2245 hominem'utentem
888 2187 1095 2243 ratione
1138 2204 1242 2245 non
1286 2203 1443 2259 posse
1485 2202 1747 2261 peccare,
1791 2184 1873 2241 vel

284 2292 394 2333 non
423 2277 624 2333 habere
648 2278 1017 2349 superiorem3
1042 2283 1153 2334 tam
1175 2279 1505 2350 impossibile
1528 2276 1703 2333 credit
1730 2292 1872 2344 esse,

284 2381 447 2438 posse
474 2368 647 2423 Deum
668 2382 777 2422 non
799 2373 980 2422 vetare
1004 2366 1121 2437 illa,
1146 2382 1287 2440 quae
1310 2365 1617 2424 secundum
1645 2380 1701 2421 se
1736 2363 1873 2421 mala

287 2462 450 2527 sunt,
483 2461 712 2512 autnon
740 2456 1056 2527 praecipere
1083 2470 1177 2527 ea,
1211 2472 1353 2530 quae
1400 2462 1531 2513 sunt
1565 2456 1874 2511 necessaria

287 2544 356 2601 ad
384 2543 687 2600 naturalem
732 2543 1091 2600 honestatem.
1123 2546 1278 2601 Ratio
1314 2544 1546 2619 denique
1566 2588 1580 2616 ,
1611 2559 1721 2617 qua
1750 2559 1876 2615 pro-

287 2633 569 2703 bavimus,
602 2633 667 2690 de
695 2633 838 2690 sacto
876 2636 1045 2690 Deum
1074 2634 1213 2690 serre
1246 2634 1383 2691 hanc
1420 2634 1625 2709 legem,
1657 2632 1871 2705 probat,

284 2722 435 2779 illam
462 2739 583 2779 esse
613 2723 931 2793 simpliciter
960 2724 1319 2780 necessariam
1352 2768 1367 2797 ,
1398 2725 1527 2797 quia
1555 2740 1661 2782 non
1693 2730 1875 2795 potest

286 2828 393 2867 non
436 2812 719 2884 displicere
757 2814 867 2869 Deo
913 2811 1034 2869 talis
1076 2819 1265 2885 actus,
1312 2813 1474 2870 modo
1504 2821 1870 2871 consentaneo

286 2916 420 2959 suae
448 2901 672 2957 bonitati
699 2909 752 2957 et
779 2902 1016 2958 iustitiae
1045 2917 1109 2958 ac
1142 2902 1523 2974 providentiae.

372 2995 455 3048 14.
492 2990 563 3047 Ut
590 3005 718 3046 vero
750 2990 883 3047 haec
912 2991 1047 3047 ratio
1067 2990 1379 3050 declaretur
1400 3033 1415 3064 ,
1440 2992 1719 3062 obiicitur,
1743 2993 1874 3065 quia

284 3086 643 3153 praeceptum
670 3080 911 3136 divinum
937 3088 1023 3137 est
1056 3089 1215 3138 actus
1237 3083 1549 3151 voluntatis,
1573 3081 1653 3137 vel
1685 3082 1874 3137 volun·

285 3178 453 3229 tatem
482 3172 767 3243 supponit,
796 3178 852 3228 et
877 3171 943 3228 ab
972 3188 1037 3228 ea
1062 3172 1220 3229 ducit
1244 3173 1536 3245 originem,
1569 3171 1663 3229 sed
1691 3170 1869 3228 divina

285 3263 543 3320 voluntas
580 3268 665 3317 est
703 3260 871 3317 issiera
906 3264 955 3317 in
986 3264 1237 3319 omnibus
1265 3261 1565 3320 actionibus
1594 3260 1659 3317 ad
1689 3268 1863 3329 extra,

286 3368 421 3425 ergo
461 3354 623 3407 etiam
665 3357 751 3407 est
788 3352 953 3407 libera
982 3353 1032 3408 in
1062 3351 1151 3409 illa
1180 3351 1492 3423 voluntate3
1528 3367 1659 3423 ergo
1685 3356 1870 3422 potest

286 3440 431 3496 illam
469 3455 576 3495 non
621 3439 847 3506 babere3
890 3454 1021 3511 ergo
1064 3448 1245 3511 potest
1283 3456 1391 3497 non
1442 3440 1721 3511 imponere
1772 3438 1876 3495 tale

284 3538 665 3601 praeceptum.
690 3528 1041 3599 Respondent
1066 3530 1253 3602 aliqui,
1280 3529 1347 3586 ad
1376 3530 1547 3603 legem
1574 3529 1877 3586 naturalem

286 3618 549 3675 sufficere
589 3618 837 3675 naturale
876 3618 1147 3678 dictamen
1190 3619 1498 3677 intellectus
1526 3619 1721 3687 diuini,
1754 3633 1866 3691 quo

288 3707 525 3775 iudicat,
573 3709 707 3765 baec
751 3709 892 3765 mala
931 3724 1053 3765 esse
1096 3708 1316 3766 vitanda
1341 3751 1356 3778 ,
1386 3715 1442 3766 et
1473 3710 1608 3766 haec
1636 3708 1777 3765 bona
1805 3707 1882 3764 sa·

288 3797 505 3853 cienda.
538 3799 673 3855 Nam
698 3800 849 3855 circa
869 3814 965 3867 ea,
990 3814 1131 3871 quae
1162 3816 1255 3871 per
1276 3816 1335 3856 se
1356 3808 1411 3856 et
1437 3800 1725 3856 intrinsece
1754 3798 1880 3855 talia

289 3894 450 3956 sunt,
484 3886 612 3942 illud
653 3886 921 3944 dictamen
952 3905 1055 3944 non
1085 3895 1171 3945 est
1208 3890 1438 3946 liberum
1459 3930 1474 3961 ,
1506 3888 1598 3945 sed
1627 3904 1879 3946 necessa-

288 3978 463 4049 rium3
497 3983 556 4032 et
593 3992 661 4033 ex
702 3976 789 4033 illo
820 3977 1107 4035 dictamine
1145 3978 1275 4052 legis
1302 3979 1516 4036 divinae
1544 3987 1601 4037 et
1626 3987 1878 4036 aeternae

287 4070 339 4124 in
372 4068 461 4125 tali
488 4069 713 4123 materia
735 4070 1041 4125 necessario
1062 4068 1299 4125 dimanat
1320 4068 1589 4142 quaedam
1611 4070 1729 4125 eius
1753 4084 1876 4141 par·

288 4158 533 4230 ticipatio
582 4156 651 4213 ad
697 4165 1005 4214 creaturam
1047 4157 1393 4226 rationalem,
1428 4160 1713 4229 supposita
1754 4160 1874 4214 eius

288 4249 591 4319 creatione3
618 4253 673 4302 et
690 4262 755 4303 ex
781 4246 881 4303 bac
903 4247 1314 4320 participatione
1335 4252 1389 4303 et
1411 4246 1736 4303 derivatione
1760 4246 1871 4301 sine

289 4336 393 4393 alio
434 4342 567 4392 actu
608 4336 902 4393 voluntatis
931 4336 1135 4393 divinae
1164 4338 1430 4395 redundat
1456 4338 1708 4410 specialis
1739 4337 1873 4393 obli-

286 4428 437 4498 gatio
466 4423 515 4480 in
542 4424 867 4482 rationalem
895 4432 1236 4499 creaturam,
1260 4426 1415 4500 quasi
1445 4442 1541 4498 per
1567 4426 1872 4483 naturalem

287 4514 572 4588 sequelam
590 4555 604 4582 ,
635 4516 841 4569 ratione
870 4516 1029 4570 cuius
1057 4521 1273 4571 tenetur
1299 4518 1453 4590 sequi
1477 4523 1683 4573 rectam
1708 4517 1871 4573 ratio-

292 4620 451 4671 nem,
485 4610 549 4659 ut
573 4603 896 4660 indicantem
926 4605 1165 4677 regulam
1196 4613 1664 4679 aeternam,quae
1703 4612 1787 4663 est
1820 4605 1869 4661 in

292 4696 437 4767 Deo·,
468 4699 629 4766 atque
670 4694 742 4749 ita
785 4692 1044 4765 quidquid
1086 4694 1158 4749 sit
1199 4693 1265 4750 de
1307 4694 1477 4752 libero
1507 4702 1639 4753 actu
1667 4694 1871 4751 divinae

291 4783 620 4853 voluntatis,
652 4783 903 4854 obligatio
947 4782 1079 4839 haec
1116 4790 1172 4839 et
1212 4784 1497 4854 probibitio
1537 4786 1753 4840 omnino
1785 4800 1874 4840 ne-

292 4872 535 4929 cessario
558 4872 807 4945 sequitur
826 4886 893 4928 ex
914 4873 1119 4927 ratione
1140 4871 1341 4927 divina.
1360 4871 1462 4929 Sed
1489 4872 1622 4927 baec
1647 4888 1871 4944 respon-

294 4965 373 5019 sio
418 4960 643 5035 intelligi
684 4976 789 5016 non
820 4966 1027 5033 potest,
1058 4964 1185 5033 quia
1213 4961 1389 5017 solum
1420 4959 1689 5017 dictamen
1722 4963 1869 5019 intel-

294 5051 471 5108 lectus
512 5051 625 5105 sine
671 5049 945 5106 voluntate
985 5066 1093 5105 non
1134 5056 1312 5121 potest
1362 5049 1556 5105 habere
1607 5052 1872 5107 rationem

291 5140 572 5211 praecepti
613 5146 873 5213 respectu
913 5139 1133 5196 alterius
1155 5182 1168 5209 ,
1213 5156 1311 5196 nec
1344 5139 1604 5197 inducere
1637 5142 1687 5196 in
1720 5143 1871 5198 illum

292 5230 587 5302 specialem
635 5230 1032 5303 obligationem.
1084 5232 1217 5297 Quia
1265 5230 1518 5304 obligatio
1570 5237 1655 5288 est
1706 5234 1871 5289 motio

3321 340 3444 403 103

1951 480 2220 555 quaedam
2245 480 2465 537 moralis
2494 480 2562 537 ad
2590 480 2879 553 agendum3
2905 494 3124 537 movere
3151 487 3338 537 autem
3361 481 3542 564 alium·

1953 572 2019 627 ad
2050 570 2386 644 operandum
2406 612 2421 643 ,
2465 587 2604 642 opus
2646 570 2940 627 voluntatis
2967 576 3070 626 est.
3103 572 3235 627 Item
3267 571 3392 643 quia
3421 576 3536 627 tota

1952 660 2039 717 illa
2068 660 2322 733 obligatio
2345 676 2449 716 non
2476 659 2809 716 transcendit
2830 661 2933 715 vim
2962 660 3159 717 obiecti
3188 676 3286 732 per
3315 677 3372 716 se
3403 662 3530 717 boni

1950 750 2033 805 vel
2064 749 2185 806 mali
2202 791 2219 820 ,
2245 766 2276 805 a
2296 765 2406 822 quo
2435 747 2601 804 habet
2626 750 2772 804 actio
2789 788 2804 819 ,
2837 754 2900 805 ut
2921 764 3016 820 per
3038 766 3096 805 se
3118 749 3260 805 bona
3280 750 3368 805 vel
3389 750 3530 806 mala

1950 840 2046 907 sit,
2078 845 2135 895 et
2176 838 2440 894 iudicium
2483 838 2708 893 rationis
2751 838 2930 893 solum
2960 838 3120 895 habet
3144 840 3408 895 rationem
3436 856 3534 912 ap-

1949 928 2202 999 plicantis
2247 927 2328 983 vel
2372 927 2702 983 ostendentis
2733 927 2836 983 tale
2862 927 3160 984 obiectum.
3193 932 3269 985 Ac
3297 927 3528 1002 denique

1947 1021 2087 1075 ratio
2120 1017 2385 1074 naturalis
2409 1015 2703 1073 ostendens
2727 1017 2926 1073 bonum
2951 1024 3008 1073 et
3028 1018 3250 1089 malum,
3281 1036 3388 1076 non
3411 1020 3536 1091 plus

1948 1107 2035 1164 vel
2078 1108 2248 1180 magis
2291 1108 2524 1181 obligat,
2556 1122 2621 1163 eo
2662 1106 2812 1179 quod
2842 1108 2911 1163 sit
2938 1108 3279 1180 participatio
3307 1110 3526 1167 rationis

1946 1198 2183 1270 divinae,
2214 1214 2378 1271 quam
2419 1197 2682 1269 obligaret
2719 1195 3023 1253 secundum
3068 1213 3126 1253 se
3155 1205 3427 1272 spectata,
3460 1214 3525 1254 ac

1949 1289 1991 1343 si
2020 1304 2049 1343 a
2079 1303 2134 1343 se
2165 1294 2331 1343 esset.

2031 1380 2117 1433 15.
2150 1377 2280 1432 Dico
2308 1376 2473 1448 igitur
2498 1392 2564 1431 ex
2590 1376 2844 1433 Caietano
2867 1418 2880 1445 ,
2905 1375 3055 1432 dicto
3079 1384 3182 1433 art.
3211 1382 3266 1447 8,
3293 1376 3529 1433 divInam

1948 1464 2313 1537 voluntatem,
2345 1465 2473 1522 licet
2498 1466 2811 1536 simpliciter
2839 1463 3008 1522 libera
3035 1468 3108 1521 sit
3136 1466 3203 1521 ad
3231 1474 3415 1539 extra,
3449 1475 3530 1525 ta-

1949 1571 2071 1613 men
2100 1572 2163 1611 ex
2197 1556 2570 1627 suppositione
2596 1556 2756 1612 unius
2783 1562 2944 1611 actus
2975 1554 3126 1612 liberi
3156 1572 3316 1627 posse
3343 1572 3534 1613 ueces-

1945 1645 2091 1702 sitari
2123 1645 2186 1701 ad
2217 1644 2384 1700 alium
2405 1687 2420 1716 ,
2451 1652 2535 1715 ut,
2569 1644 2612 1700 si
2643 1645 2756 1701 vult
2787 1645 3098 1716 promittere
3127 1644 3372 1703 absolute
3393 1687 3408 1716 ,
3439 1663 3533 1703 ne-

1946 1734 2240 1791 cessitatur
2283 1734 2352 1789 ad
2395 1734 2725 1807 implendum
2756 1734 3116 1806 promissum3
3149 1743 3204 1792 et
3233 1739 3276 1793 si
3307 1737 3423 1793 vult
3453 1738 3530 1796 lo-

1946 1827 2061 1899 qui,
2091 1832 2188 1881 aut
2213 1826 2474 1895 revelare,
2506 1825 2815 1881 necessario
2843 1824 3006 1883 debet
3032 1826 3274 1884 revelare
3305 1844 3522 1885 verum.

1944 1918 2015 1973 Et
2043 1932 2172 1973 cum
2203 1915 2392 1972 eadem
2423 1916 2800 1987 proportione,
2828 1917 2871 1971 si
2896 1916 3214 1972 vultereare
3239 1917 3527 1990 mundum,

1944 2011 2000 2061 et
2025 2005 2184 2061 illum
2224 2019 2554 2061 conservare
2593 2006 2646 2060 in
2676 2003 2863 2060 ordine
2892 2005 2959 2061 ad
2988 2005 3151 2062 talem
3189 2006 3346 2063 finem
3373 2049 3388 2078 ,
3423 2024 3530 2064 non

1946 2101 2125 2167 potest
2167 2109 2272 2149 non
2313 2093 2510 2150 habere
2539 2093 2926 2165 providentiam
2955 2094 3127 2166 illius3
3160 2102 3216 2152 et
3243 2099 3530 2169 supposita

1944 2182 2259 2257 providendi
2296 2183 2609 2253 voluntate,
2641 2199 2746 2238 non
2776 2191 2956 2256 potest
2982 2202 3090 2242 non
3118 2186 3318 2243 habere
3346 2189 3527 2260 provi-

1944 2274 2182 2331 dentiam
2224 2272 2519 2345 perl‘ectam
2560 2279 2615 2330 et
2659 2280 3078 2333 consentaneam
3127 2292 3259 2333 suae
3304 2278 3529 2336 bonitati

1943 2371 1999 2420 et
2041 2364 2354 2435 sapientiae.
2385 2362 2651 2435 Ideoque,
2683 2364 2961 2435 supposita
3001 2365 3278 2423 voluntate
3307 2367 3529 2424 creandi

1948 2460 2200 2510 naturam
2247 2452 2566 2509 rationalem
2609 2469 2738 2510 cum
2780 2453 3070 2511 sufficienti
3113 2458 3420 2528 cognitione
3461 2456 3528 2514 ad

1946 2540 2284 2614 operandum
2307 2541 2511 2598 bonum
2531 2548 2588 2598 et
2611 2542 2834 2611 malum,
2851 2551 3057 2599 etcum
3083 2544 3374 2603 sufficienti
3396 2562 3530 2603 con·

1944 2646 2117 2688 cursu
2149 2648 2214 2687 ex
2240 2638 2394 2702 parte
2416 2634 2507 2688 Dei
2527 2632 2595 2687 ad
2621 2640 2939 2705 utrumque,
2963 2650 3070 2690 non
3090 2636 3337 2706 potuisse
3359 2640 3532 2693 Deum

1945 2738 2052 2778 non
2094 2721 2232 2778 velle
2275 2722 2562 2793 probibere
2610 2722 2698 2778 tali
2735 2730 3020 2780 creaturae
3048 2730 3207 2781 actus
3240 2724 3528 2783 intrinsece

1946 2811 2149 2883 malos,
2196 2812 2282 2867 vel
2325 2811 2482 2886 nolle·
2509 2813 2826 2883 praecipere
2867 2812 3124 2870 honestos
3164 2816 3524 2873 necessarios.

1943 2901 2081 2968 Quia
2122 2901 2271 2958 sicut
2310 2916 2415 2957 non
2460 2908 2644 2972 potest
2673 2905 2816 2959 Deus
2845 2906 3088 2971 mentiri,
3119 2908 3192 2963 ita
3221 2922 3326 2962 non
3356 2913 3539 2980 potest

1942 2990 2291 3061 insipienter,
2319 2990 2401 3046 vel
2433 2992 2630 3048 iniuste
2659 2983 2997 3063 gubernare:
3023 3002 3171 3051 esset
3193 3003 3378 3052 autem
3403 3014 3530 3069 pro-

1947 3078 2184 3135 videntia
2228 3079 2384 3136 valde
2425 3080 2594 3137 aliena
2633 3098 2664 3138 a
2692 3081 2870 3138 divina
2897 3084 3158 3154 sapientia
3185 3092 3242 3142 et
3269 3086 3528 3158 bonitate,

1944 3185 2051 3225 non
2096 3168 2417 3241 prohibere,
2465 3170 2544 3225 vel
2587 3173 2902 3243 praecipere
2944 3174 3061 3230 suis
3089 3172 3356 3245 subditis,
3387 3191 3528 3248 quae

1946 3259 2071 3316 talia
2100 3262 2252 3315 sunt.
2279 3261 2366 3317 Sic
2390 3274 2520 3332 ergo
2549 3258 2615 3315 ad
2637 3269 3022 3333 argumentum
3046 3261 3402 3336 distinguitur
3433 3267 3528 3321 mi-

1946 3368 2080 3423 nor,
2114 3366 2236 3406 nam
2269 3349 2512 3406 absolute
2544 3359 2728 3421 posset
2755 3353 2899 3408 Deus
2928 3353 3053 3409 nibil
3085 3354 3414 3425 praecipere,
3446 3354 3530 3411 vel

1951 3439 2270 3512 prohibere,
2305 3446 2481 3495 tamen
2521 3454 2586 3495 ex
2625 3442 3025 3512 suppositione,
3055 3443 3204 3515 quod
3235 3442 3406 3499 voluit
3435 3443 3528 3498 ha-

1950 3530 2076 3586 bere
2099 3528 2346 3585 subditos
2371 3530 2576 3585 ratione
2601 3535 2835 3595 utenteS,
2863 3546 2966 3586 non
2989 3533 3165 3602 potuit
3188 3549 3293 3588 non
3313 3548 3434 3587 esse
3459 3532 3534 3587 le-

1950 3618 2177 3692 gislator
2205 3632 2396 3674 eorum
2415 3656 2430 3687 ,
2463 3618 2652 3674 saltem
2683 3619 2738 3673 in
2770 3618 2886 3690 his,
2930 3636 3070 3692 quae
3098 3620 3164 3677 ad
3194 3621 3535 3679 honestatem

1951 3707 2256 3765 naturalem
2282 3721 2495 3762 morum
2519 3708 2828 3764 necessaria
2855 3714 3001 3764 sunt.
3034 3710 3168 3766 ltem
3201 3712 3340 3767 ratio
3369 3726 3540 3783 supra

1948 3799 2222 3855 insinuata
2249 3804 2334 3852 est
2359 3797 2488 3852 satis
2517 3796 2842 3867 probabilia,
2876 3802 3006 3871 quia
3047 3815 3152 3855 non
3186 3806 3362 3870 potest
3393 3802 3539 3856 Deus

1949 3905 2059 3945 non
2092 3887 2269 3944 odisse
2296 3886 2500 3941 malum
2528 3889 2712 3943 rectae
2741 3888 2936 3944 rationi
2975 3890 3345 3961 contrarium,
3376 3889 3539 3946 habet

1948 3985 2133 4035 autem
2178 3976 2280 4031 hoc
2321 3974 2510 4031 odium
2547 3992 2655 4031 non
2699 3982 2906 4033 tantum
2949 3984 3012 4034 ut
3047 3979 3245 4050 privata
3278 3994 3531 4051 persona,

1950 4066 2046 4125 sed
2075 4066 2235 4122 etiam
2261 4070 2326 4121 ut
2345 4080 2638 4135 supremus
2660 4066 3024 4138 gubernator3
3049 4083 3180 4141 ergo
3206 4070 3406 4124 ratione
3429 4068 3532 4125 hu-

1948 4157 2033 4213 ius
2063 4154 2171 4211 odii
2201 4153 2322 4210 vult
2349 4154 2588 4226 obligare
2617 4154 2886 4225 subditos,
2911 4170 2978 4212 ne
2999 4156 3132 4212 illud
3169 4157 3531 4215 committant.

2030 4249 2116 4304 16.
2150 4242 2420 4301 obiicitur
2460 4260 2588 4299 vero
2627 4245 2906 4315 secundo,
2952 4248 3080 4319 quia
3119 4245 3186 4303 ad
3225 4248 3395 4320 legem
3425 4264 3530 4303 non

1952 4336 2160 4392 sufficit
2187 4332 2439 4391 voluntas
2483 4334 2825 4405 legislatoris,
2857 4336 2958 4391 nisi
2986 4334 3216 4392 accedat
3245 4337 3528 4394 insinuatio

1946 4442 2046 4483 seu
2077 4425 2340 4481 intimatio
2370 4422 2489 4479 talis
2519 4422 2838 4495 voluntatis,
2865 4424 2959 4480 sed
2989 4424 3112 4480 nihil
3137 4430 3241 4495 est,
3266 4425 3412 4498 quod
3437 4444 3530 4483 ne-

1947 4515 2170 4572 cessitet
2184 4517 2353 4570 Deum
2373 4512 2439 4569 ad
2462 4512 2810 4569 intimandam
2827 4513 2985 4570 talem
3001 4513 3334 4571 voluntatem
3349 4532 3524 4591 suam3

1945 4619 2079 4678 ergo
2112 4609 2293 4676 potest
2320 4602 2464 4659 illam
2493 4617 2601 4657 non
2629 4603 2908 4669 intimare,
2940 4620 3066 4659 cum
3096 4603 3204 4660 hoc
3233 4604 3302 4660 sit
3329 4606 3375 4661 ei
3407 4604 3534 4662 libe-

1946 4710 2099 4766 rum3
2132 4708 2260 4765 ergo
2302 4698 2482 4763 potest
2509 4707 2616 4747 non
2645 4690 2785 4747 serre
2812 4692 2974 4748 talem
3002 4692 3176 4765 legem
3197 4734 3213 4754 .
3246 4710 3345 4751 nec
3379 4695 3526 4752 illam

1944 4784 2208 4857 obligare,
2241 4784 2370 4855 quia
2397 4783 2510 4838 sine
2539 4780 2866 4837 intimatione
2894 4798 2999 4838 non
3029 4785 3087 4840 tit
3116 4776 3404 4856 obligatio.'
3426 4786 3531 4840 Re-

1944 4873 2183 4947 spondeo
2205 4875 2256 4929 in
2289 4870 2504 4944 primis,
2534 4872 2578 4925 si
2605 4869 2698 4926 illa
2721 4869 2974 4951 voluntas
3000 4872 3090 4927 Dei
3117 4873 3424 4928 necessaria
3445 4880 3532 4930 est

1944 4964 2012 5022 ad
2039 4964 2452 5021 convenientem
2480 4970 2536 5019 et
2557 4960 2879 5033 prudentem
2911 4960 3324 5032 providentiam,
3351 4970 3405 5019 et
3425 4981 3530 5037 gu-

1942 5054 2314 5111 bernationem
2353 5052 2668 5122 hominurn,
2712 5058 3112 5124 consequenter
3151 5060 3235 5109 est
3274 5068 3532 5109 necessa-

1941 5144 2109 5213 rium,
2136 5149 2198 5200 ut
2217 5159 2284 5198 ex
2308 5141 2356 5196 vi
2382 5140 2628 5197 eiusdem
2652 5139 3020 5213 providentiae
3041 5142 3379 5199 innotescere
3403 5158 3532 5213 pos-

1942 5234 2013 5290 sit
2033 5231 2344 5291 hominibus
2375 5231 2461 5287 illa
2485 5229 2735 5288 voluntas
2759 5231 2883 5302 Dei,
2909 5238 2964 5289 et
2986 5231 3091 5288 hoc
3114 5232 3323 5289 sufficit
3353 5231 3419 5289 ad
3443 5248 3530 5289 ra-
