4325 6267
1726 348 1938 404 carm
1966 352 2138 403 xvn.

313 480 457 553 gatio
499 476 555 535 in
596 478 933 537 conscientia
969 494 1185 553 semper
1211 484 1476 555 sequatur
1513 494 1579 536 ex
1614 478 1758 535 omni
1784 478 1902 551 lege

309 569 714 643 ecclesiastica,
763 570 973 627 etiamsi
1012 571 1255 644 poenalis
1296 571 1385 642 sit,
1428 570 1512 627 vel
1539 571 1591 627 16
1621 585 1904 643 praesum·

308 662 492 732 ptione
528 659 813 719 fundetur.
846 662 951 719 Sed
978 660 1079 718 1166
1106 662 1453 735 quaestiones
1477 666 1745 717 tractatae
1773 665 1903 715 sunt

308 751 374 807 de
423 752 543 825 lege
591 751 767 824 civili,
819 757 878 810 et
914 768 1055 828 quae
1085 752 1152 809 de
1180 752 1275 810 illa
1297 750 1555 818 diximus,
1586 750 1903 808 communia

309 847 443 899 sunt
486 842 588 915 legi
626 842 931 911 humanae,
981 858 1091 917 qua
1138 842 1259 901 talis
1305 850 1421 915 661;
1458 840 1693 915 ideoque
1719 840 1901 898 omnia

313 937 442 990 sunt
482 949 613 990 cum
654 934 1003 1007 proportione
1044 933 1113 991 ad
1143 933 1317 1008 legem
1341 933 1777 992 ecclesiasticam
1805 946 1927 1004 ap·-

308 1023 563 1095 plicanda
585 1068 599 1095 ,
641 1040 821 1099 neque
849 1024 1056 1099 aliquid
1082 1040 1285 1082 novum
1319 1030 1419 1083 aut
1444 1023 1677 1096 speciale
1704 1038 1903 1079 occur·

306 1114 381 1170 rit
425 1114 737 1172 addendum
756 1154 773 1188 ,
816 1121 1037 1188 praeter
1074 1130 1170 1189 ea,
1200 1114 1507 1189 (1666111116
1532 1113 1601 1173 66
1631 1113 1749 1189 lege
1774 1128 1905 1187 poe-

306 1203 419 1271 nali
454 1205 723 1263 dicemus.
1188 1244 1195 1251 -

388 1296 553 1354 3.Sed
578 1297 737 1354 obiici
766 1295 1062 1370 solet,quia
1074 1296 1297 1369 praelati
1318 1297 1642 1370 religionum
1662 1310 1768 1354 non
1780 1309 1905 1367 pos-

308 1393 441 1444 sunt
485 1387 829 1460 praecipere,
868 1387 969 1445 nisi
1000 1386 1309 1445 secundum
1337 1386 1582 1461 regulam
1610 1384 1901 1458 religionis,

306 1492 439 1550 ergo
490 1489 593 1534 nec
642 1477 865 1549 praelati
913 1477 1273 1537 ecclesiastici
1320 1485 1551 1550 possunt
1588 1476 1933 1549 praecipere·

307 1566 534 1640 aliquid,
568 1567 673 1624 nisi
700 1567 1009 1625 secundum
1039 1566 1211 1639 legem
1240 1566 1457 1639 Christi3
1480 1582 1614 1641 ergo
1642 1582 1753 1623 non
1780 1580 1907 1638 pos-

308 1665 444 1715 sunt
478 1672 649 1714 novas
678 1657 827 1731 leges
857 1658 997 1715 ferre
1025 1658 1323 1731 obligantes
1352 1660 1407 1715 in
1435 1658 1788 1714 conscientia.
1802 1658 1906 1713 Re-

309 1746 610 1821 spondetur
655 1756 839 1805 tamen
874 1748 1064 1819 facile,
1094 1750 1255 1807 etiam
1283 1748 1554 1820 praelatos
1582 1746 1905 1820 religionum

308 1854 470 1910 posse
521 1854 691 1896 novas
743 1838 887 1913 leges
935 1839 1174 1896 condere
1214 1839 1513 1913 obligantes
1539 1839 1595 1894 in
1622 1836 1907 1895 conscien-

312 1930 381 1985 tia
406 1974 420 2001 ,
468 1936 531 1987 ut
574 1930 625 1987 in
652 1931 871 2003 proprio
900 1935 1061 1987 tract.
1093 1928 1165 1986 de
1191 1932 1345 1988 Stat.
1378 1928 1544 2003 reliq.
1576 1926 1904 1985 ostenditur.

310 2018 467 2077 Unde
506 2020 685 2091 potius
711 2026 893 2093 potest
919 2021 1223 2094 retorqueri
1251 2023 1664 2093 argumentum,
1696 2019 1825 2092 quia
1855 2017 1907 2073 in

310 2110 416 2170 hoc
482 2116 735 2168 servatur
787 2109 1053 2184 quaedam
1107 2109 1523 2183 proportionalis
1572 2109 1711 2167 ratio
1767 2108 1908 2165 inter

308 2209 581 2276 utrosque
622 2202 909 2275 praelatos.
934 2204 1065 2261 Nam
1098 2202 1311 2276 utrique
1340 2206 1572 2275 possunt
1598 2198 1908 2272 praecipere

308 2308 455 2365 quae
504 2299 636 2350 sunt
660 2300 1027 2351 consentanea
1054 2308 1157 2349 suo
1182 2292 1293 2364 lini,
1322 2299 1377 2349 et
1403 2290 1627 2366 regulae
1654 2289 1753 2347 sibi
1782 2303 1909 2362 pro·

307 2383 669 2455 portionatae.
723 2383 981 2441 Absolute
1028 2388 1207 2441 tamen
1246 2388 1330 2439 661
1374 2382 1673 2439 differentia
1706 2420 1721 2451 ,
1778 2380 1909 2453 quia

310 2474 540 2545 praelati
566 2471 841 2531 Ecclesiae
864 2480 1095 2546 possunt
1120 2473 1608 2547 praecipere,quae
1631 2477 1761 2528 sunt
1778 2486 1909 2527 con·

310 2572 568 2622 sentanea
623 2570 879 2621 aeternae
927 2563 1089 2621 saluti
1134 2562 1552 2637 consequendae
1600 2560 1905 2619 secundum

308 2655 611 2733 regulam„
642 2654 727 2711 vel
772 2654 1167 2711 institutionem
1218 2670 1250 2710 a
1294 2653 1507 2710 Christo
1533 2651 1819 2722 traditam,
1850 2649 1905 2707 id

309 2754 414 2817 est,
443 2760 585 2820 quae
612 2744 800 2802 iuvent
825 2744 1188 2801 communiter
1216 2758 1403 2800 omnes
1424 2742 1609 2800 fideles
1638 2741 1704 2799 ad
1731 2742 1907 2815 legem

314 2835 515 2893 Christi
550 2833 894 2907 servandam,
925 2850 1067 2907 quae
1096 2833 1257 2891 unica
1282 2840 1364 2890 est
1393 2833 1582 2890 salutis
1612 2832 1715 2889 via.
1748 2834 1909 2890 Prae-

314 2928 407 2984 lati
440 2932 621 2984 autem
652 2926 971 2999 religionum
994 2930 1229 2996 possunt
1252 2924 1589 2996 praecipere,
1612 2938 1754 2996 quae
1777 2938 1909 2979 con-

311 3024 571 3074 sentanea
610 3021 738 3073 sunt
772 3014 840 3072 ad
876 3014 1267 3087 perfectionem
1294 3014 1458 3070 etiam
1487 3011 1902 3086 assequendam.

312 3108 417 3165 Sed
448 3108 577 3181 quia
608 3106 807 3163 multae
845 3111 973 3161 sunt
1000 3103 1115 3161 viae
1144 3102 1209 3160 66
1240 3104 1659 3175 perfectionem,
1687 3104 1740 3159 in
1772 3118 1911 3159 una-

310 3214 531 3273 quaque
557 3198 815 3271 religione
846 3201 933 3253 est
964 3200 1202 3269 potestas
1226 3192 1581 3267 praecipiendi
1602 3190 1908 3249 secundum

311 3306 468 3347 suam
498 3286 885 3360 professionem
930 3292 987 3341 et
1012 3285 1288 3359 regulam3
1340 3284 1467 3356 quia
1494 3282 1582 3339 illa
1610 3281 1908 3339 iurisdictio

312 3380 573 3453 supponit
610 3375 967 3433 voluntariam
1016 3374 1439 3447 professionem,
1473 3372 1563 3429 cui
1594 3386 1907 3428 accommo-

313 3471 507 3542 datur3
564 3467 865 3526 iurisdictio
906 3472 1091 3523 autem
1126 3464 1499 3529 ecclesiastica
1528 3461 1913 3531 accommoda-

316 3571 404 3619 tur
451 3560 723 3617 voluntati
760 3556 993 3628 Christi,
1034 3573 1065 3613 a
1101 3573 1213 3629 quo
1242 3556 1483 3628 perfecta
1508 3561 1594 3609 est
1621 3558 1729 3609 tam
1760 3552 1909 3608 insti·

318 3653 453 3709 tutio
495 3657 553 3707 et
587 3649 852 3721 professio
880 3646 1205 3704 christianae
1232 3644 1523 3718 religionis,
1552 3658 1716 3716 quam
1744 3642 1908 3699 iuris-

312 3740 479 3798 dictio
508 3740 581 3796 illi
622 3738 943 3795 conveniens
970 3752 1035 3793 ac
1064 3739 1497 3808 proportionata.

397 3836 451 3888 4.
486 3829 617 3887 Dico
645 3825 920 3886 secundo:
956 3829 1062 3883 Lex
1089 3825 1462 3883 ecclesiastica
1487 3838 1553 3881 ex
1584 3840 1673 3895 se,
1708 3824 1898 3881 seu'ex

314 3935 512 3994 genere
538 3934 639 3975 666
660 3916 865 3989 obligat
890 3916 993 3972 sub
1016 3922 1167 3972 reatu
1192 3914 1431 3971 mortalis
1446 3914 1662 3985 culpae,
1678 3918 1723 3973 si
1751 3913 1910 3971 abso-

317 4012 431 4067 lute
460 4010 691 4066 feratur.
723 4008 821 4065 Est
846 4008 1155 4063 communis
1186 4006 1411 4063 assertio
1437 4003 1747 4074 doctorum,
1765 4020 1909 4077 quos

316 4100 479 4157 retuli
519 4098 783 4170 superiori
829 4096 920 4152 lib.
952 4110 1078 4168 cap.
1106 4096 1230 4165 XX,
1257 4099 1313 4151 61
1342 4094 1570 4151 Almain.
1602 4091 1674 4150 de
1693 4098 1904 4168 potest.

315 4188 743 4253 ecclesiastica,
778 4202 900 4260 cap.
939 4192 1027 4258 12,
1058 4188 1312 4243 Panorm.
1342 4200 1464 4256 cap.
1501 4188 1550 4241 1.
1580 4183 1648 4240 de
1678 4187 1903 4242 constit.

316 4296 371 4335 n.
406 4284 462 4349 9,
494 4277 663 4335 Felin.
698 4278 748 4333 in
776 4291 901 4348 cap.
942 4280 989 4333 1.
1021 4274 1087 4331 66
1125 4274 1364 4347 sponsal.
1397 4289 1454 4329 6.
1492 4276 1580 4343 17,
1609 4282 1667 4329 et
1700 4277 1787 4343 19,
1816 4274 1909 4330 ubi

315 4369 503 4443 plures
532 4367 717 4438 refert,
746 4372 803 4423 et
828 4364 1128 4438 specialiter
1153 4364 1328 4422 Gloss.
1360 4366 1415 4419 in
1444 4378 1496 4418 6.
1528 4362 1897 4431 Matthaeus,

315 4460 385 4517 de
414 4459 607 4517 simon.
642 4456 804 4514 verbo
833 4452 1107 4521 consulis,
1142 4455 1327 4511 iuncto
1360 4458 1533 4526 textu,
1560 4469 1625 4511 ex
1652 4470 1763 4527 quo
1793 4454 1907 4512 col-

318 4551 502 4625 ligitur
521 4591 535 4619 ,
564 4552 857 4623 praecepta
880 4546 1256 4603 ecclesiastica
1282 4544 1433 4601 circa
1458 4546 1744 4601 simoniam
1772 4544 1907 4601 obli·

316 4655 449 4714 gare
490 4636 595 4696 sub
632 4644 793 4694 reatu
821 4635 1013 4692 salutis
1042 4642 1313 4692 aeternae.
1344 4632 1500 4702 Quod
1527 4634 1685 4691 etiam
1712 4634 1785 4691 ibi
1812 4650 1908 4691 no·

322 4731 455 4787 tavit
480 4727 631 4785 Ioan.
659 4726 727 4783 de
756 4728 977 4783 Anania.
1010 4724 1231 4782 Probari
1258 4730 1439 4781 autem
1467 4729 1649 4795 potest
1674 4724 1847 4795 primo
1879 4737 1908 4778 6

318 4819 531 4877 fortiori
570 4832 638 4875 ex
676 4815 929 4873 omnibus
968 4812 1131 4872 dictis
1170 4814 1238 4872 de
1278 4812 1398 4886 lege
1444 4810 1607 4869 civili.
1654 4812 1910 4870 Secundo

318 4914 504 4983 potest
550 4906 757 4964 ostendi
798 4904 1050 4963 omnibus
1091 4902 1430 4975 testimoniis,
1476 4907 1535 4959 et
1578 4902 1906 4975 rationibus,

318 5000 524 5075 quibus
563 4996 990 5055 ecclesiasticam
1027 4998 1351 5067 potestatem
1377 4992 1444 5049 ad
1474 4991 1783 5067 cogendum
1812 5008 1910 5066 per

320 5092 470 5164 leges
509 5097 567 5147 et
604 5102 700 5161 per
738 5085 1047 5160 spirituales
1074 5099 1301 5157 poenas,
1332 5084 1615 5155 partimin
1640 5083 1909 5156 principio

323 5182 487 5238 huius
535 5177 655 5235 libri
679 5216 695 5247 ‚
746 5176 941 5249 partim
987 5176 1036 5231 in
1082 5174 1229 5232 ‘libro
1250 5244 1255 5251 .
1275 5174 1343 5231 de
1379 5172 1637 5230 censuris
1686 5175 1911 5246 copiose

321 5267 866 5330 ostendimus-Tertio
903 5281 1049 5325 nunc
1078 5263 1361 5323 sufficiunt
1389 5263 1555 5322 verba
1579 5264 1779 5323 Christi
1806 5268 1912 5325 Do·

3354 332 3482 399 365

1975 478 2101 535 mini
2131 479 2267 537 Luc.
2306 481 2394 537 10:
2428 478 2547 556 Qui
2571 492 2668 537 vos
2696 476 2885 549 audit,
2913 494 3006 536 me
3033 478 3221 545 audit,
3255 482 3312 535 et
3337 480 3560 553 quivos

1968 574 2221 644 spernit,
2270 584 2362 627 me
2402 572 2644 645 spernit.
2675 560 2760 627 Et‘
2783 570 2974 627 similia
3013 569 3178 628 habet
3213 567 3367 627 Paul.
3404 570 3453 626 1.
3487 565 3555 623 66

1970 658 2218 716 Thessal.
2245 664 2301 728 4,
2337 659 2426 717 ubi
2453 660 2606 733 prius
2637 659 2985 718 commendat
3009 666 3298 733 praecepta
3323 674 3354 715 a
3380 670 3440 715 se
3466 656 3560 715 da-

1969 753 2059 819 ta,
2105 753 2165 805 et
2190 754 2380 821 postea
2408 749 2570 819 dicit,
2597 751 2876 809 Christum
2899 749 3178 823 despicere
3205 754 3220 823 ,
3251 750 3345 823 qui
3372 764 3436 806 66
3465 764 3558 805 66·

1969 838 2154 913 gligit:
2183 846 2397 897 constat
2423 847 2630 913 autem,
2662 856 2918 914 spernere
2943 840 3222 899 Christum
3249 855 3356 895 666
3385 837 3562 896 661661

1968 935 2163 986 666116
2183 929 2577 987 conscientiam
2597 946 2742 1002 esse,
2757 930 2852 988 sed
2871 933 3038 988 etiam
3059 945 3222 1004 grave
3242 934 3558 1002 peccatum.

1967 1020 2117 1078 Facit
2154 1020 2316 1079 etiam
2355 1020 2488 1078 illud
2525 1023 2716 1078 Actor.
2755 1023 2842 1090 15,
2877 1022 2968 1078 ubi
3005 1019 3370 1093 apostolicum
3401 1034 3559 1091 prae-

1968 1117 2190 1184 ceptum
2237 1110 2538 1170 abstinendi
2578 1128 2610 1169 a
2650 1112 2911 1185 sanguine
2947 1116 3005 1169 et
3040 1106 3344 1191 suffocato,
3374 1115 3430 1165 et
3456 1108 3557 1165 alia

1970 1207 2262 1274 praecepta
2287 1201 2478 1259 similia
2507 1209 2776 1259 vocantur
2814 1202 3122 1259 necessaria
3163 1201 3353 1274 utique
3383 1198 3450 1256 ad
3478 1216 3564 1255 sa-

1971 1288 2168 1369 lutem,
2193 1297 2258 1348 ut
2281 1290 2564 1369 Chrysost.
2593 1291 2740 1348 hom.
2767 1296 2862 1363 23,
2891 1298 2949 1348 61
2975 1291 3062 1347 6111
3089 1290 3392 1347 666161661.
3409 1291 3568 1346 Ρ166·

1971 1386 2192 1453 ceptum
2221 1387 2426 1455 autem,
2450 1384 2614 1440 cuius
2642 1381 2983 1440 observantia
3009 1387 3096 1437 est
3121 1380 3188 1437 ad
3211 1379 3444 1436 salutem
3467 1395 3562 1435 116-

1974 1472 2243 1542 66666116,
2283 1472 2387 1529 6611
2427 1472 2638 1530 mortali
2677 1472 2901 1546 obligat.
2938 1476 3006 1527 At
3047 1470 3175 1527 vero
3205 1475 3559 1542 praeceptum

1974 1560 2107 1618 illud
2147 1560 2439 1633 positivum
2478 1562 2644 1619 fuisse
2679 1562 2752 1619 illi
2797 1561 3028 1635 tempori
3065 1559 3566 1629 accommodatum,

1976 1654 2242 1708 sententia
2265 1659 2352 1709 est
2377 1652 2432 1709 d.
2453 1653 2686 1711 'rhomae
2713 1656 2918 1726 (1.103,
2943 1659 3047 1710 art.
3067 1656 3124 1725 4,
3155 1666 3286 1709 cum
3313 1653 3454 1725 Aug.
3473 1655 3564 1708 32.

1976 1745 2196 1798 contra.
2221 1744 2430 1801 Faust.
2463 1759 2514 1799 6.
2559 1747 2646 1811 13,
2677 1758 2844 1817 quam
2875 1742 3012 1799 infra
3040 1740 3328 1799 tractando
3355 1738 3423 1797 de
3449 1755 3572 1797 ces-

1978 1832 2190 1901 satione
2218 1831 2496 1906 legalium,
2521 1834 2686 1890 latius
2715 1829 3102 1905 expendemus.
3132 1834 3414 1890 Praeterea
3440 1847 3572 1887 con-

1976 1929 2126 1993 6161,
2170 1922 2320 1996 leges
2349 1924 2750 1981 ecclesiasticas
2778 1938 2940 1995 saepe
2966 1922 3096 1979 ferri
3125 1922 3229 1978 6611
3254 1936 3572 1979 6116661166-

1976 2012 2251 2070 616611666
2283 2013 2502 2087 6161611,
2539 2020 2595 2071 61
2629 2014 2746 2086 1666
2774 2013 2923 2071 16616
2954 2011 3308 2070 incurrenda:
3341 2028 3449 2069 non
3477 2028 3574 2085 po-

1976 2109 2085 2161 test
2130 2110 2314 2161 autem
2357 2103 2479 2160 talis
2523 2104 3022 2161 excommunicatio
3069 2102 3306 2175 incurri,
3345 2104 3446 2160 nisi
3477 2118 3572 2175 per

1974 2191 2196 2266 culpam
2235 2193 2552 2264 mortalem,
2603 2199 2667 2251 ut
2699 2208 2766 2251 ex
2794 2196 3014 2266 propria
3039 2193 3263 2250 materia
3291 2208 3562 2266 suppon03

1974 2300 2109 2358 ergo
2136 2290 2356 2341 certum
2381 2289 2494 2351 est,
2525 2276 2658 2342 tales
2685 2284 2832 2359 leges
2858 2284 3096 2357 obligare
3125 2283 3178 2339 in
3207 2283 3564 2354 66666166116,

1976 2392 2105 2434 cum
2145 2378 2512 2451 transgressio
2553 2392 2744 2433 earum
2783 2391 2891 2431 666
2931 2376 3022 2431 1161
3058 2376 3174 2430 6166
3199 2375 3352 2448 gravi
3379 2373 3562 2446 66166.

1976 2467 2215 2541 Denique
2251 2472 2466 2524 constat
2499 2482 2566 2524 ex
2603 2468 2884 2525 communi
2913 2482 3080 2524 sensu
3109 2466 3280 2523 totius
3306 2464 3572 2523 ecclesiae

1974 2563 2121 2614 61611
2147 2556 2428 2614 communi
2453 2555 2705 2614 doctrina
2730 2563 2970 2630 patrum,
2991 2555 3140 2629 leges
3163 2553 3572 2613 ecclesiasticas

1975 2647 2043 2705 de
2071 2648 2278 2705 ieiuniis
2305 2654 2362 2705 61
2389 2647 2668 2705 servandis
2692 2648 2939 2717 festis,et
2964 2645 3181 2717 similes,
3205 2646 3280 2701 ita
3308 2644 3567 2718 obligare,

1979 2744 2042 2794 ut
2079 2737 2438 2813 transgressio
2477 2753 2668 2796 661661
2703 2738 2773 2794 611
2811 2742 3133 2811 666661661,
3174 2735 3479 2793 6666666116
3515 2737 3568 2792 16

1976 2828 2321 2887 66616661666
2359 2827 2744 2900 aperiendum,
2783 2834 2841 2885 et
2865 2828 2958 2901 qui
2988 2826 3092 2884 1166
3121 2831 3383 2900 negaret,
3415 2825 3572 2897 plane

1977 2926 2124 2977 esset
2151 2920 2486 2993 haereticus3
2511 2936 2644 2994 ergo
2671 2917 2808 2977 tales
2836 2917 2982 2991 leges
3010 2916 3254 2992 obligant
3279 2914 3347 2971 de
3373 2930 3433 2972 se
3461 2915 3566 2973 sub

1976 3010 2217 3082 mortali,
2249 3025 2378 3066 cum
2400 3024 2591 3067 earum
2615 3010 3072 3084 transgressiones
3093 3005 3431 3063 voluntariae
3452 3011 3568 3063 tan-

1978 3116 2143 3173 quam
2167 3098 2413 3157 mortalia
2436 3104 2663 3172 peccata
2689 3099 2739 3155 in
2767 3097 3106 3155 confessione
3126 3094 3413 3168 aperienda
3434 3097 3562 3153 sint.

2053 3192 2254 3248 Contra
2296 3189 2436 3247 hanc
2471 3191 2828 3250 assertionem
2856 3187 3146 3267 praecipue
3177 3186 3323 3260 loqui
3351 3185 3568 3244 videtur

1976 3281 2179 3338 Gerson
2205 3280 2328 3338 loco
2357 3280 2586 3354 allegato
2605 3280 2744 3351 ,'ubi
2773 3276 3004 3351 indicat,
3033 3281 3089 3335 in
3117 3276 3408 3351 praedictis
3437 3278 3569 3351 legi-

1976 3374 2080 3430 bus
2127 3378 2184 3429 et
2226 3372 2484 3445 exemplis
2531 3371 2702 3427 solam
2752 3369 2927 3443 legem
2971 3369 3204 3427 divinam
3230 3385 3385 3442 esse,
3425 3383 3566 3443 quae

1976 3462 2184 3537 obligat
2222 3460 2289 3517 ad
2331 3462 2492 3517 talem
2528 3460 2780 3533 culpam,
2825 3457 3254 3516 ecelesiasticam
3282 3463 3465 3515 autem
3495 3457 3568 3514 16-

1978 3568 2101 3625 gem
2130 3552 2308 3608 solum
2340 3552 2703 3623 interpretari,
2727 3556 2781 3607 et
2805 3564 3111 3621 proponere
3139 3548 3296 3605 nobis
3323 3555 3568 3621 tempora

1975 3649 2033 3699 et
2058 3643 2519 3712 circumstantias,
2543 3656 2672 3698 cum
2699 3642 2900 3713 quibus
2929 3639 3014 3696 lex
3041 3638 3223 3695 divina
3253 3637 3478 3711 obligat,
3502 3645 3565 3695 ut

1977 3738 2124 3804 patet
2169 3733 2218 3788 16
2257 3739 2548 3806 praecepto
2595 3731 2976 3802 confessionis,
3019 3732 3103 3789 vel
3141 3734 3562 3803 communionis,

1977 3830 2031 3878 et
2060 3821 2248 3880 6666111
2290 3821 2452 3879 modo
2491 3822 2709 3894 exponit
2739 3829 3034 3895 praecepta
3059 3820 3248 3879 orandi
3271 3863 3286 3893 ,
3317 3822 3568 3879 audiendi

1976 3913 2222 3985 11166661,
2271 3920 2330 3969 61
2370 3911 2580 3968 similia.
2613 3910 2718 3969 Sed
2757 3912 2892 3977 hoc,
2933 3912 3269 3971 intellectum
3299 3918 3362 3970 ut
3385 3919 3562 3977 sonat,

1978 4002 2129 4059 nulla
2175 4003 2385 4060 ratione
2434 4003 2685 4059 sustineri
2731 4010 2932 4076 potest.
2965 4005 3103 4061 Tum
3151 4005 3278 4077 quia
3322 4004 3568 4062 Ecclesia

1978 4108 2137 4165 saepe
2177 4092 2445 4166 prohibet,
2469 4094 2631 4149 6116111
2661 4093 2764 4150 6611
2792 4108 3027 4151 censura
3055 4094 3570 4153 excommunicatio-

1978 4183 2088 4255 nis,
2120 4196 2209 4239 res
2253 4182 2452 4255 alioqui
2489 4184 2562 4239 ita
2600 4181 2992 4253 indifferentes,
3024 4191 3085 4240 ut
3111 4200 3216 4240 666
3244 4188 3429 4245 6666111
3453 4200 3566 4241 ma-

1977 4272 2059 4330 lae
2077 4314 2091 4342 ,
2136 4274 2237 4329 nisi
2279 4280 2459 4329 essent
2485 4272 2786 4347 prohibitae
2804 4316 2819 4346 ,
2851 4281 2916 4330 ut
2940 4272 3225 4331 comedere
3252 4288 3446 4333 661666
3475 4273 3564 4331 1611

1978 4369 2260 4435 tempore,
2303 4363 2491 4421 audire
2529 4366 2615 4422 ius
2653 4363 2808 4421 civile
2837 4364 3102 4437 clericos,
3134 4365 3217 4421 vel
3245 4364 3567 4438 monachos,

1976 4460 2031 4511 61
2052 4453 2260 4525 6111111165
2274 4468 2403 4526 ergo
2427 4468 2531 4510 non
2552 4453 2732 4509 6616111
2755 4453 3112 4525 prohibentur
3131 4454 3368 4527 graviter
3387 4454 3568 4528 quoad

1976 4542 2442 4600 circumstantiam
2484 4541 2719 4616 aliquam
2743 4582 2758 4610 ,
2799 4542 2892 4600 sed
2920 4546 3082 4601 6116111
3112 4543 3294 4617 (16666
3319 4543 3570 4601 66116166-

1975 4634 2128 4704 tiam,
2165 4639 2230 4689 ut
2256 4634 2335 4689 sic
2361 4630 2560 4689 dicam.
2579 4633 2716 4689 Tum
2737 4635 2896 4689 etiam
2918 4633 3045 4707 quia
3067 4634 3227 4708 iniis,
3251 4650 3392 4709 quae
3414 4650 3568 4708 prae·

1978 4723 2279 4796 cipiantur,
2308 4720 2716 4780 determinando
2746 4728 2961 4795 tempus
2989 4722 3072 4780 vel
3101 4724 3347 4793 modum,
3376 4724 3565 4798 plures

1979 4819 2139 4869 actus
2169 4812 2574 4885 praecipiuntur
2593 4855 2607 4882 ,
2641 4812 2728 4870 vel
2757 4812 3114 4885 prohihentur
3139 4812 3287 4871 61616
3314 4813 3475 4873 modo
3502 4832 3568 4873 611

1978 4903 2030 4960 vi
2059 4903 2195 4960 iuris
2223 4901 2610 4974 ecclesiastici,
2641 4918 2807 4977 quam
2833 4903 2951 4959 iure
2979 4901 3163 4960 divino
3190 4906 3569 4976 praeciperen-

1981 5000 2097 5064 tur,
2130 4998 2193 5051 ut
2217 4998 2437 5051 constat
2461 4999 2646 5064 aperte
2671 4994 2728 5049 in
2758 5000 3047 5065 praecepto
3075 4992 3324 5051 audiendi
3351 4994 3566 5053 Missam

1982 5082 2212 5159 singulis
2239 5082 2432 5141 diebus
2457 5082 2631 5155 festis,
2653 5090 2710 5140 et
2739 5083 2790 5140 in
2817 5088 3108 5157 praecepte
3137 5082 3472 5143 clericorum
3500 5084 3570 5142 de

1980 5174 2276 5235 recitandis
2317 5174 2464 5232 horis
2503 5175 2808 5245 canonicis3
2839 5190 2905 5232 ex
2933 5174 3132 5249 quibus
3160 5175 3462 5247 praeceptis
3489 5190 3574 5232 re-

1982 5265 2159 5323 sultat
2201 5264 2458 5340 obligatio
2499 5263 2603 5322 6611
2643 5264 2857 5322 mortali
2892 5263 2961 5321 ad
2989 5261 3236 5340 singulos
3262 5270 3422 5323 actus
3447 5280 3573 5341 gra-
