4325 6267
777 303 860 365 56

698 447 763 503 de
804 449 980 520 regul.
1026 448 1129 505 iur.
1174 457 1231 506 et
1272 450 1308 505 l.
1350 465 1426 506 ex
1451 451 1586 518 hoc,
1626 451 1680 508 ff.
1711 451 1778 508 de
1804 452 1975 508 iustit.
2006 459 2060 508 et
2089 453 2194 508 iur.
2229 461 2285 510 et

698 539 775 593 ita
805 537 1142 595 satisfactum
1167 545 1252 594 est
1279 541 1551 600 secundae
1578 543 1718 615 parti
1750 541 1972 600 rationis
2004 541 2285 600 dubitandi

698 624 756 682 in
784 626 1044 699 principio
1074 628 1302 701 positae.

1251 821 1530 892 CAPUT
1574 823 1724 892 XV.

699 1029 797 1084 An
821 1031 974 1085 recte
1003 1035 1386 1104 ’numerentur
1409 1037 1664 1106 quatuor
1689 1030 1936 1105 effectus
1958 1032 2104 1107 lepis
2129 1049 2285 1108 prae·

776 1119 962 1190 cipere
977 1160 992 1190 ,
1020 1120 1340 1193 prohibere,
1367 1126 1712 1197 permittere,
1737 1129 1792 1181 et
1815 1127 2046 1198 punire,
2071 1131 2126 1183 et
2147 1143 2284 1200 quo-

769 1209 943 1269 modo
970 1211 1045 1268 ab
1071 1210 1188 1269 illa
1201 1210 1386 1285 fiant-t.

1262 1394 1710 1460 summarium

697 1584 745 1634 1.
769 1583 993 1645 Quatuor
1014 1582 1144 1646 legis
1163 1582 1394 1633 effectus,
1406 1582 1520 1632 -2.
1543 1584 1868 1648 Approbatur
1887 1582 2071 1635 divisio
2093 1585 2140 1634 in
2161 1597 2287 1648 qua·

763 1653 1118 1704 tuoreffectus
1139 1653 1286 1714 legis,
1301 1653 1434 1704 -3.
1455 1653 1592 1715 Quae
1611 1655 1678 1702 sit
1697 1653 1962 1704 distinctio
1982 1655 2117 1704 inter
2137 1667 2283 1718 prae-

761 1731 964 1789 ceptum
989 1731 1041 1774 et
1066 1724 1756 1787 prohibitionem—Divisio
1780 1723 1910 1786 legis
1941 1725 1992 1774 in
2027 1725 2285 1775 affirmati-

761 1806 874 1844 vam
895 1801 949 1845 et
972 1795 1258 1856 negativam
1273 1830 1288 1854 ‚
1315 1807 1591 1857 earumque
1613 1793 2064 1845 differentia—4.
2092 1795 2285 1858 Duplex

760 1877 923 1928 genus
957 1865 1329 1928 permissionis,
1363 1865 1561 1915 scilicet
1596 1865 1725 1914 iuris
1753 1871 1805 1914 et
1841 1863 2128 1915 facti.—-5.
2165 1866 2285 1915 Per-

759 1936 932 1984 missio
976 1935 1211 1998 negativa
1251 1947 1352 1984 non
1399 1941 1480 1984 est
1522 1935 1760 1998 proprius
1801 1935 2014 1986 effectus
2057 1935 2285 1997 legis,—

762 2005 815 2056 6.
844 2005 1113 2055 Permissio
1135 2004 1448 2069 simpliciter·
1459 2003 1596 2054 dicta
1617 2005 1927 2067 regulariter
1947 2013 2183 2056 versatur
2204 2019 2284 2056 so-

761 2076 868 2126 lum
903 2076 1039 2125 circa
1075 2081 1222 2138 actus
1257 2075 1812 2138 malos-Aliquando
1850 2083 2087 2126 versatur
2123 2075 2281 2125 etiam

760 2145 900 2195 circa
930 2153 1078 2196 actus
1110 2145 1268 2195 bonos
1301 2151 1353 2194 et
1379 2143 1888 2195 indifferenteS.--7.
1915 2145 2169 2208 Quomodo
2192 2160 2284 2210 pu-

761 2217 891 2267 nitio
913 2216 982 2265 sit
1008 2215 1222 2265 effectus
1248 2214 1782 2277 legiS.—Differentia
1808 2215 1936 2277 legis
1955 2216 2207 2266 naturalis
2230 2222 2283 2266 et

759 2287 1006 2350 positivae
1039 2285 1203 2349 quoad
1237 2284 1476 2336 effectum
1509 2284 1914 2350 puniendi.—8.
1941 2285 2152 2348 Quinam
2178 2287 2282 2337 sint

759 2355 974 2408 effectus
1000 2369 1027 2406 a
1055 2357 1169 2419 lege
1194 2356 1410 2420 intenti,
1437 2363 1489 2406 et
1514 2357 1720 2420 quinam
1744 2357 2034 2407 accessorii.

775 2537 822 2590 l.
872 2530 1026 2588 Ratio
1074 2526 1351 2588 dubitandi
1397 2545 1516 2587 esse
1563 2535 1773 2602 potest,
1823 2503 1952 2603 quia
1999 2529 2277 2602 obligatio,

689 2620 756 2678 de
792 2636 902 2694 qua
937 2620 1146 2678 dictum
1184 2629 1270 2678 est
1304 2622 1480 2693 capite
1507 2619 1888 2693 praecedenti,
1921 2618 2134 2677 videtur
2159 2635 2281 2676 esse

689 2710 1051 2784 adaequatus,
1097 2709 1150 2766 id
1188 2717 1274 2766 est
1313 2712 1510 2766 unicus
1547 2716 1603 2766 et
1643 2710 1822 2767 totalis
1857 2711 2082 2767 effectus
2119 2709 2276 2783 legis3

687 2816 822 2874 ergo
852 2813 1259 2872 supervacanea
1278 2805 1364 2855 est
1393 2800 1526 2856 haec
1554 2799 1908 2857 enumeratio.
1938 2800 2279 2859 Antecedens

633 2947 646 2960 ,
690 2890 954 2964 probatur
993 2890 1197 2962 primo,
1243 2890 1372 2962 quia
1410 2889 1711 2947 essentialis
1753 2891 1888 2947 ratio
1931 2893 2185 2948 consistit
2224 2891 2315 2960 in,

688 2980 945 3052 imperio;
988 2995 1055 3037 ex
1097 2980 1325 3052 imperio
1364 2987 1548 3037 aulem
1569 3022 1584 3052 ,
1628 2988 1694 3037 ut
1719 2981 1798 3036 sic
1820 3022 1836 3052 ,
1866 2997 1976 3037 non
2005 2983 2275 3054 sequitur,

689 3069 790 3126 nisi
817 3069 1104 3144 obligatio,
1137 3069 1346 3142 reliqua
1374 3071 1516 3127 enim
1543 3076 1673 3127 sunt
1701 3085 1797 3142 per
1823 3071 2107 3140 accidens3
2140 3087 2276 3144 ergo

683 3162 929 3219 secundo
977 3160 1291 3220 declaratur
1337 3160 1700 3223 discurrendo
1750 3177 1848 3236 pet:
1885 3161 1973 3218 illa
2009 3161 2272 3218 membra:

685 3266 812 3309 nam
851 3254 1164 3325 praecipere
1201 3259 1260 3309 et
1296 3251 1584 3324 probibere
1623 3251 1925 3308 formaliter
1951 3251 2092 3309 idem
2121 3257 2272 3325 sunt,

683 3342 970 3416 solumque
997 3343 1341 3401 materialiter
1367 3341 1816 3415 distinguuntur,
1845 3349 1901 3400 et
1927 3342 2049 3400 ideo
2079 3359 2272 3416 super·

685 3433 857 3490 ssuum
879 3439 982 3504 est,
1007 3433 1096 3490 illa
1118 3440 1182 3491 ut
1201 3432 1458 3490 distincta
1477 3449 1699 3505 ponere.
1719 3435 2076 3506 Assumptum
2097 3441 2273 3506 patet,

684 3525 814 3597 quia
837 3521 1127 3595 prohibitio
1149 3524 1310 3578 etiam
1329 3528 1416 3579 est
1438 3521 1712 3595 quoddam
1736 3524 2023 3594 imperium
2041 3531 2098 3582 et
2118 3539 2277 3596 prae-

683 3619 932 3684 ceptum3
967 3627 1088 3668 nam
1129 3611 1418 3685 prohibere
1447 3612 1574 3668 nihil
1603 3611 1750 3669 aliud
1777 3619 1890 3686 est,
1919 3629 2088 3686 quam
2117 3630 2273 3686 prae-

683 3705 902 3776 cipere,
933 3709 998 3760 ut
1037 3702 1244 3776 aliquid
1283 3719 1390 3760 non
1422 3703 1549 3772 fiat,
1580 3703 1729 3761 sicut
1753 3719 1784 3760 e
1813 3704 2088 3761 contrario
2118 3721 2277 3778 prae-

683 3800 908 3867 ceptum
947 3798 1033 3850 est
1070 3792 1342 3866 quaedam
1381 3792 1701 3866 prohibitio,
1732 3809 1858 3850 nam
1885 3795 1980 3867 qui
2009 3795 2277 3866 praecipit

683 3884 871 3946 audire
912 3887 1166 3958 missam,
1208 3891 1357 3942 vetat
1393 3900 1460 3940 ne
1499 3885 1748 3956 omittat,
1787 3890 1842 3940 et
1879 3882 2000 3940 ideo
2029 3884 2273 3940 Isidorus

687 3978 821 4034 libro
848 3982 905 4036 2.
939 3980 1137 4050 Etym.
1178 3980 1283 4031 art.
1336 3978 1400 4032 10
1421 4014 1436 4044 ,
1467 3978 1523 4030 et
1550 3971 1686 4029 libro
1721 3978 1782 4046 5,
1823 3989 1945 4046 cap.
1983 3976 2078 4045 19,
2102 3972 2275 4030 solam

685 4067 1102 4141 prohibitionem
1123 4065 1293 4139 ponit,
1316 4069 1372 4120 et
1391 4065 1588 4120 omittit
1609 4071 1984 4136 praeceptum,
2013 4064 2268 4134 sortasse,

685 4160 816 4232 quia
841 4165 1194 4230 praeceptum
1233 4171 1330 4229 per
1373 4171 1432 4212 se
1473 4171 1584 4212 non
1623 4154 1718 4212 dat
1755 4155 2055 4213 bonitatem
2095 4156 2269 4226 actui,

685 4245 781 4308 sed
823 4248 1232 4318 necessitatem,
1277 4261 1419 4319 quae
1459 4245 1758 4303 necessitas
1795 4245 1931 4302 hene
1966 4247 2272 4319 explicatur

682 4355 780 4412 per
819 4337 1160 4411 negationem
1195 4335 1508 4409 omittendi,
1539 4352 1706 4410 quam
1735 4337 2003 4411 significat
2031 4337 2272 4410 prohibi-

683 4429 756 4486 tio
787 4434 1043 4500 respectu
1067 4427 1189 4484 talis
1215 4427 1493 4484 materiae.
1522 4428 1817 4484 Permissio
1837 4432 2055 4499 autem,
2083 4433 2144 4484 ut
2163 4428 2269 4499 sic,

684 4535 794 4576 non
833 4524 920 4575 est
956 4517 1182 4575 effectus
1223 4517 1462 4590 imperii,
1497 4515 1592 4574 sed
1627 4517 1809 4588 potius
1851 4532 1947 4590 per
1973 4518 2273 4575 carentiam

683 4608 890 4681 imperii
931 4609 1007 4665 fit.
1051 4608 1163 4663 Nec
1202 4606 1435 4680 denique
1473 4607 1686 4678 punitio
1723 4613 1812 4664 est
1849 4607 2080 4665 effectus
2108 4604 2270 4681 legis,

685 4699 776 4756 sed
806 4714 926 4755 esse
955 4699 1150 4770 poterit
1177 4695 1372 4754 iudicis
1401 4697 1486 4753 vel
1515 4697 1852 4770 legislatoris,

759 4793 815 4847 ln
842 4791 1184 4848 contrarium
1211 4795 1394 4846 autem
1422 4794 1510 4845 est
1548 4789 1601 4844 in
1633 4788 1816 4860 primis
1847 4786 2146 4845 auctoritas
2175 4787 2274 4843 lsi-

683 4881 838 4954 dori,
869 4881 963 4954 qui
991 4879 1185 4936 saltem
1213 4887 1323 4936 tres
1349 4879 1579 4936 effectus
1599 4877 1873 4951 distinxit,
1895 4885 1950 4934 et
1972 4886 2260 4952 quartum,

685 4973 780 5046 qui
820 4978 905 5027 est
941 4971 1284 5042 praecipere,
1328 4974 1394 5026 ut
1418 4969 1631 5026 clarum
1659 4969 2020 5040 supposuisse
2049 4967 2267 5025 videtur

685 5079 752 5121 ex
778 5062 893 5142 ipso
919 5061 1131 5118 nomine
1151 5067 1208 5116 et
1231 5060 1441 5116 ratione
1469 5059 1624 5132 legis.
1651 5057 1809 5131 Apud
1829 5058 2142 5114 Gratianum
2166 5072 2264 5114 au-

685 5159 796 5212 tem
824 5152 874 5209 in
895 5166 1016 5225 cap.
1055 5151 1292 5217 Omnis,
1327 5149 1382 5207 d.
1419 5153 1483 5221 δ’,
1515 5149 1585 5207 ad
1608 5155 1821 5207 textum
1849 5147 2039 5207 Isidori
2058 5147 2268 5206 addun-

689 5252 779 5306 tur
812 5242 945 5302 haec
986 5241 1178 5301 rerba:
1210 5243 1429 5302 Divina
1460 5245 1664 5300 autem
1688 5242 2010 5318 praecipit,
2041 5242 2111 5298 ut
2137 5237 2269 5298 dut·

2121 387 2130 398 ⁰
2196 329 2397 378 unna
2438 331 2485 378 1.

2354 470 2464 525 ρας
2506 459 2827 512 Domina-m
2868 462 3055 516 Deum
3096 463 3283 516 tuum.
3314 462 3463 529 Quae
3492 461 3655 518 verba
3682 478 3789 518 uon
3822 469 3955 518 sunt

2354 543 2403 601 in
2438 546 2671 614 isidoro,
2700 554 2753 603 et
2784 547 2865 603 illa
2890 549 3157 620 particula
3185 549 3398 608 divina
3425 552 3599 624 inepte
3629 551 3817 608 addita
3844 559 3954 622 est,

2354 635 2482 708 quia
2510 651 2613 692 non
2644 636 2756 692 sola
2784 636 2960 694 divina
2987 637 3073 694 lex
3098 641 3387 711 praecipit,
3416 639 3509 697 sed
3532 641 3695 698 etiam
3714 638 3861 721 alia.
3888 641 3961 696 Et

2353 724 2475 781 ideo
2518 726 2568 781 in
2606 724 2831 783 decreto
2858 729 3182 800 gregoriano
3213 735 3469 802 notatur,
3500 731 3552 786 in
3580 729 3764 787 multis
3792 728 3949 786 codi-

2352 813 2510 870 cibus
2553 831 2659 872 non
2689 816 2872 873 haberi
2891 856 2906 887 ,
2936 823 2989 874 et
3028 817 3139 874 sine
3170 818 3333 875 dubio
3362 818 3721 892 expungenda
3750 826 3863 888 est,
3895 825 3953 876 et

2352 903 2636 977 legendum
2676 911 2785 964 aut
2810 909 3123 982 praecipit,
3160 915 3222 964 ut
3248 909 3317 966 sit
3343 910 3610 982 quaedam
3646 910 3848 968 additio
3878 909 3949 967 ad

2350 996 2782 1052 numerationem
2827 995 3036 1052 isidori.
3068 999 3342 1069 Expresse
3370 1015 3501 1056 vero
3530 1000 3672 1056 illam
3700 1001 3947 1072 particu-

2351 1081 2457 1140 lam
2487 1083 2648 1140 habet
2674 1085 3007 1142 Modestinus
3034 1086 3085 1143 in
3111 1087 3207 1144 lib.
3237 1091 3288 1146 7.
3320 1087 3391 1146 de
3417 1089 3693 1162 Legibus.
3733 1090 3943 1147 dicens:

2353 1178 2524 1247 Leqis
2550 1178 2739 1233 virtus
2765 1177 2914 1234 haec
2940 1183 3053 1245 est,
3088 1181 3387 1253 imperare
3406 1224 3419 1246 ‚
3447 1186 3647 1238 vetare
3664 1225 3679 1248 ‚
3698 1184 3948 1255 permit-

2352 1267 2498 1334 tere,
2525 1269 2759 1338 pum’re.
2794 1269 2974 1340 Atque
3004 1269 3075 1324 ita
3102 1268 3239 1326 hanc
3271 1269 3733 1342 participationem
3762 1269 3948 1326 desen-

2352 1355 2429 1412 dit
2466 1356 2625 1413 etiam
2666 1357 2723 1413 d.
2753 1357 2982 1415 Thomas
3010 1375 3066 1431 q.
3098 1364 3199 1432 92,
3232 1367 3338 1417 art.
3371 1365 3427 1419 2.
3459 1362 3705 1434 Eamque
3735 1363 3947 1419 ratione

2352 1443 2625 1518 declarat,
2655 1449 2784 1520 quia
2812 1455 2975 1506 actus
3006 1447 3225 1505 humani
3254 1456 3351 1508 aut
3378 1450 3504 1507 boni
3528 1458 3686 1521 sunt,
3714 1457 3812 1508 aut
3834 1467 3951 1508 ma·

2353 1534 2420 1607 li,
2450 1545 2546 1593 aut
2584 1536 2978 1595 indifferentes:
3012 1538 3113 1595 illis
3144 1555 3275 1612 ergo
3304 1546 3415 1596 tres
3442 1541 3672 1597 effectus
3703 1541 3835 1614 legis
3866 1557 3951 1599 re-

2354 1627 2652 1698 spondent,
2676 1630 2771 1701 qui
2795 1636 2925 1685 sunt
2948 1629 3259 1701 praecipere
3288 1631 3462 1687 bonos
3480 1671 3496 1703 ,
3522 1630 3807 1702 prohibere
3832 1647 3947 1688 ma·

2351 1714 2433 1773 los
2449 1759 2463 1788 ,
2489 1718 2796 1789 permittere
2822 1717 3218 1790 indifferentes,
3246 1720 3447 1792 quibus
3470 1719 3687 1777 additur
3710 1727 3945 1792 quartus

2352 1806 2637 1880 puniendi,
2682 1815 2940 1882 tanquam
2982 1810 3422 1867 necessarius‘ad
3450 1811 3755 1868 efficaciam
3785 1812 3939 1884 legis.

2352 1899 2427 1954 De
2464 1912 2573 1970 quo
2614 1898 2875 1956 discursu
2915 1898 3073 1971 plura
3111 1902 3293 1958 statim
3331 1900 3597 1959 dicemus.
3630 1903 3777 1958 Haec
3806 1918 3943 1976 ergo

2350 1989 2656 2045 numeratio
2684 1995 2942 2062 tanquam
2969 1975 3316 2062 doctrinalis',
3347 1998 3405 2049 et
3430 1991 3561 2048 satis
3590 1999 3718 2064 apta
3743 1991 3811 2048 ad
3847 2008 3943 2049 ex-

2351 2076 2631 2149 plicandos
2656 2080 2886 2137 effectus
2913 2095 3009 2152 per
3030 2096 3087 2136 se
3111 2083 3498 2139 convenientes
3520 2081 3625 2156 legi
3646 2089 3943 2156 acceptan-

2352 2167 2423 2225 da
2449 2174 2566 2241 est,
2594 2174 2652 2226 et
2678 2168 3018 2240 explicanda.
3050 2170 3131 2227 Ad
3159 2170 3300 2228 illius
3328 2187 3459 2228 vero
3487 2172 3763 2230 meliorem
3786 2174 3943 2230 intel-

2352 2256 2623 2330 ligentiam
2662 2245 3311 2334 declarabimus'singula
3351 2262 3625 2330 membra,
3656 2269 3712 2319 et
3746 2279 3946 2321 eorum

2351 2344 2751 2404 distinctionem
2776 2354 2830 2404 et
2860 2348 3117 2422 modum,
3138 2366 3251 2423 quo
3274 2367 3369 2424 per
3402 2351 3577 2424 legem
3608 2352 3765 2423 fiunt,
3798 2351 3950 2426 quod

2352 2436 2507 2493 facile
2533 2437 2621 2494 fiet
2647 2453 2744 2509 per
2771 2437 3125 2496 difficultates
3154 2441 3461 2514 propositas
3488 2441 3877 2499 discurrendo.

2423 2532 2477 2586 2.
2502 2528 2679 2585 Prima
2700 2534 2754 2584 et
2776 2531 3070 2602 praecipua
3088 2538 3227 2600 erat,
3246 2532 3373 2604 quia
3394 2533 3650 2607 obligatio
3672 2539 3759 2589 est
3781 2534 3945 2591 adae·

2347 2623 2546 2691 quatus
2584 2624 2640 2674 et
2679 2621 2879 2676 unicus
2912 2621 3141 2677 effectus
3182 2625 3490 2695 praecepti,
3522 2623 3574 2678 in
3602 2639 3713 2695 qua
3738 2639 3941 2694 possu-

2348 2725 2471 2765 mus
2500 2709 2736 2780 priorem
2764 2717 2977 2782 partem
3008 2710 3293 2768 admittere
3312 2755 3328 2787 ,
3356 2719 3413 2770 et
3438 2729 3638 2788 negare
3665 2717 3937 2787 posterio-

2348 2813 2497 2872 rem3
2527 2798 2790 2872 quidquid
2818 2801 2961 2858 enim
2989 2800 3072 2858 lex
3095 2809 3354 2874 operatur
3369 2845 3385 2875 ,
3407 2804 3583 2861 media
3605 2803 3935 2877 obligatione

2346 2887 2563 2959 operari
2602 2888 2853 2960 videtur,
2898 2899 2962 2946 ut
3000 2889 3195 2962 probat
3231 2893 3369 2955 ratio
3408 2893 3553 2950 sacta
3589 2892 3658 2950 de
3686 2895 3943 2951 efficacia

2347 2981 2660 3052 praecepti,
2684 2987 2741 3036 et
2766 2979 2871 3037 hoc
2901 2980 3062 3037 modo
3086 2980 3194 3038 dici
3216 2989 3397 3053 potest
3417 2983 3504 3039 ille
3524 2983 3757 3041 effectus
3779 2984 3941 3042 adae-

2348 3075 2588 3142 quatus,
2620 3084 2728 3127 non
2758 3077 2935 3127 tamen
2959 3069 3155 3127 unicus
3172 3113 3187 3144 ,
3212 3073 3340 3145 quia
3362 3069 3938 3148 medianteobligatio-

2344 3173 2413 3214 ne
2436 3166 2697 3230 operatur
2718 3158 2880 3232 aiios,
2904 3164 2969 3216 ut
2988 3175 3055 3216 ex
3080 3162 3433 3235 sequentibus
3453 3163 3685 3238 patebit,
3716 3163 3939 3223 discur-

2347 3246 2520 3306 rendo
2552 3263 2651 3320 per
2679 3264 2866 3306 omnes
2893 3249 3122 3307 effectus
3152 3251 3308 3325 legis.

2425 3341 2477 3395 3.
2511 3338 2762 3396 Secunda
2786 3346 2906 3397 erat
2923 3337 2989 3397 de
3010 3339 3359 3400 distinctione
3381 3345 3662 3416 praecepti
3682 3349 3741 3401 et
3761 3344 3947 3416 prohi-

2344 3427 2597 3501 bitionis,
2630 3443 2771 3503 quae
2808 3431 2959 3501 parvi
2988 3433 3242 3491 momenti
3273 3438 3376 3490 est.
3416 3435 3673 3490 Fatemur
3709 3435 3854 3490 enim
3889 3436 3944 3491 in

2344 3521 2558 3592 primis,
2586 3526 2885 3593 utrumque
2904 3535 2969 3576 ex
2990 3520 3092 3576 illis
3119 3522 3401 3580 effectibus
3425 3524 3812 3597 comprehendi
3836 3525 3939 3581 sub

2344 3610 2668 3684 obligatione
2698 3611 2830 3684 legis
2847 3653 2861 3682 ,
2886 3611 3101 3668 diverso
3126 3619 3304 3669 tamen
3327 3613 3489 3671 modo
3512 3614 3775 3671 inducere
3803 3615 3940 3671 obli-

2344 3700 2649 3774 gationem3
2678 3707 2735 3756 et
2762 3699 2867 3757 hoc
2896 3702 3027 3758 satis
3054 3717 3174 3758 esse
3190 3743 3206 3770 ,
3231 3702 3410 3760 utilia
3430 3703 3540 3760 duo
3562 3705 3740 3776 priora
3766 3721 3938 3762 mem-

2345 3789 2443 3846 bra
2471 3789 2898 3864 distinguantur.
2924 3793 3038 3848 Imo
3064 3791 3131 3849 ad
3162 3791 3265 3848 hoc
3288 3773 3731 3866 distinguuntur,
3756 3800 3821 3850 ut
3840 3794 3935 3850 de-

2343 3881 2584 3938 claretur
2603 3924 2617 3953 ,
2651 3880 2825 3955 legem
2863 3897 2969 3937 non
3006 3882 3185 3939 solum
3214 3899 3375 3955 posse
3402 3883 3642 3956 obligare
3672 3883 3741 3942 ad
3767 3901 3938 3958 agen-

2344 3971 2507 4040 dum,
2552 3970 2649 4028 sed
2689 3972 2852 4027 etiam
2890 3969 2961 4027 ad
3000 3987 3109 4028 non
3137 3971 3427 4044 agendum.
3460 3974 3563 4030 Per
3588 3973 3741 4047 quod
3772 3976 3937 4034 etiam

2346 4059 2577 4118 traditur
2618 4060 2858 4132 vulgaris
2898 4060 3086 4118 divisio
3117 4061 3249 4134 legis
3277 4064 3329 4120 in
3358 4063 3737 4121 affirmativam
3763 4072 3821 4122 et
3846 4081 3941 4122 ne-

2344 4151 2613 4224 gativam,
2644 4166 2785 4224 quae
2828 4150 2956 4207 licet
2983 4151 3209 4208 sortasse
3237 4169 3347 4210 non
3376 4156 3445 4210 sit
3470 4154 3766 4211 essentialis
3785 4197 3799 4226 ,
3840 4155 3939 4212 sed

2344 4241 2501 4314 quasi
2529 4239 2854 4311 materialis,
2880 4240 3228 4298 nihilominus
3256 4259 3363 4300 non
3389 4251 3475 4302 est
3500 4243 3811 4316 superflua,
3842 4245 3941 4302 sed

2345 4331 2653 4389 necessaria
2692 4330 2757 4387 ad
2798 4331 2936 4388 duas
2976 4329 3094 4388 illas
3142 4342 3326 4406 partes
3373 4335 3607 4392 iustitiae
3658 4335 3938 4408 explican—

2343 4421 2473 4495 das,
2504 4438 2640 4495 quas
2667 4421 2832 4480 David
2858 4421 3020 4478 etiam
3050 4420 3292 4480 distinxit
3322 4439 3405 4495 ps.
3443 4429 3539 4482 36.
3576 4425 3794 4483 dicens:
3822 4430 3939 4484 De-

2344 4512 2506 4572 clina
2524 4530 2567 4572 a
2587 4512 2767 4581 malo,
2801 4510 2983 4584 elsae
3012 4511 3248 4589 bonum.
3280 4513 3630 4587 Deservitque
3658 4515 3725 4572 ad
3750 4515 3939 4574 decla-

2342 4604 2575 4662 randum
2617 4611 2736 4661 tum
2778 4602 3020 4660 diversos
3062 4601 3253 4659 modos
3295 4601 3562 4676 obligandi
3603 4602 3769 4677 legis,
3812 4612 3935 4664 tum

2340 4696 2503 4753 etiam
2538 4695 2783 4752 diversos
2820 4692 3009 4750 modos
3045 4691 3311 4764 peccandi
3340 4700 3531 4751 eontra
3570 4692 3763 4766 legem.
3798 4698 3937 4754 Nam

2340 4785 2427 4842 lex
2468 4783 2792 4842 affirmativa
2830 4781 3027 4839 dicitur
3064 4781 3305 4855 obligare
3333 4799 3580 4855 semper,
3611 4799 3719 4839 non
3751 4791 3932 4843 tamen

2340 4893 2440 4950 pro
2483 4889 2730 4947 semper,
2772 4873 2899 4945 quia
2938 4887 3001 4928 ex
3029 4887 3141 4945 quo
3171 4872 3281 4930 lata
3308 4877 3423 4942 est,
3453 4873 3641 4945 incipit
3668 4872 3927 4946 obligare,

2340 4973 2399 5023 et
2440 4981 2655 5037 semper
2696 4963 2930 5036 obligat,
2974 4961 3241 5035 quamdiu
3282 4961 3473 5034 durat,
3516 4964 3649 5037 quia
3672 4963 3933 5038 obligatio

2340 5063 2429 5116 est
2456 5056 2614 5130 quasi
2647 5053 2909 5112 naturalis
2928 5053 3152 5110 effectus
3171 5053 3315 5126 eius3
3340 5059 3649 5110 nontamen
3672 5067 3771 5126 pro
3796 5070 3940 5113 sem-

2340 5163 2469 5222 per,
2512 5147 2645 5220 quia
2682 5144 2803 5201 non'
2833 5141 3037 5215 obligat
3074 5157 3175 5216 pro
3218 5140 3444 5214 singulis
3480 5143 3808 5214 momentis,
3838 5153 3941 5204 aut
4022 5130 4046 5155 ⁹

2349 5235 2727 5313 temporibus,
2758 5233 2853 5292 sed
2878 5231 3053 5290 solum
3082 5247 3181 5308 pro
3210 5236 3364 5291 certo
3390 5237 3667 5306 tempore,
3692 5249 3793 5309 pro
3822 5250 3939 5312 quo
