4325 6267
1754 329 1966 379 carm·
1992 331 2115 380 XX.

3357 313 3482 378 233

305 475 427 516 nem
447 457 587 518 hanc
609 458 928 533 legislatoris
949 473 1164 531 semper
1184 456 1482 532 praesumi,
1501 455 1715 531 quoties
1730 455 1898 512 verba
1963 455 2103 528 eius,
2131 456 2265 530 quia
2291 464 2508 518 servata
2533 457 2886 533 proportione
2908 463 3022 516 tota
3041 457 3217 515 virtus
3238 462 3295 514 et
3311 455 3566 516 efficacia

305 548 440 622 legis
468 548 615 608 illam
645 549 986 606 sufficienter
1013 548 1274 621 indicant,
1305 548 1408 606 nisi
1434 546 1648 606 aliunde
1677 551 1892 603 contra·

303 640 384 698 ria
418 640 643 697 intentio
672 638 956 698 manifeste
983 644 1218 696 constet.
1249 639 1364 695 Hoc
1394 643 1606 696 certum
1635 643 1748 708 est;
1782 640 1900 692 tum

305 731 432 804 quia
457 746 569 788 non
597 745 898 803 possumus
927 729 1124 788 melius
1150 729 1503 786 intentionem
1523 726 1786 802 principis
1805 740 1902 782 co·

305 835 598 892 gnoscere,
627 837 797 894 quam
824 837 892 878 ex
921 819 1101 877 verbis
1128 821 1280 893 eius3
1311 825 1430 878 tum
1456 821 1650 892 etiam,
1681 817 1809 892 quia
1835 814 1903 874 ad

305 909 412 968 hoc
455 910 629 969 fertur
667 913 750 968 lex
791 908 1082 983 sensibilis,
1115 918 1181 969 ut
1207 926 1304 984 per
1329 927 1450 970 eam
1477 910 1732 968 voluntas
1760 911 1904 982 prin-

307 1001 444 1073 cipis
476 1003 824 1074 innotescat,
853 1007 974 1059 tum
1000 1000 1255 1076 denique,
1284 1002 1414 1077 quia
1441 1016 1653 1074 semper
1681 1014 1906 1074 praesu-

307 1091 482 1148 mitur
514 1091 767 1164 superior
793 1091 1026 1166 legitime
1053 1093 1289 1164 operari,
1319 1107 1421 1150 nec
1443 1090 1592 1150 credi
1613 1095 1793 1164 potest
1810 1089 1907 1146 fin·

306 1197 472 1258 gere,
517 1183 620 1239 nisi
660 1182 941 1240 manifeste
982 1182 1034 1239 id
1071 1181 1288 1241 aliunde
1314 1188 1514 1256 pateat,
1545 1182 1674 1239 alias
1702 1180 1908 1238 frustra

306 1270 583 1328 ferrentur
615 1272 795 1346 leges3
842 1272 1142 1346 unicuique
1169 1271 1310 1329 enim
1337 1272 1528 1330 liceret
1553 1271 1784 1328 similem
1811 1284 1908 1326 ex-

307 1364 652 1421 cusationem
699 1364 919 1437 tingere.
951 1364 1092 1432 Quin
1123 1364 1308 1436 potius
1335 1364 1382 1420 si
1406 1362 1573 1420 verba
1599 1361 1733 1436 legis
1759 1359 1911 1418 clara

307 1459 466 1520 sunt,
515 1453 645 1510 licet
677 1469 744 1512 es
775 1451 894 1512 aliis
922 1455 1260 1512 coniecturis
1279 1454 1510 1532 ,intentio
1538 1452 1910 1528 praecipientis

307 1541 575 1600 reddatur
605 1541 802 1616 dubia,
831 1542 1132 1618 parendum
1157 1550 1245 1603 est
1268 1542 1398 1616 legi,
1427 1549 1486 1601 et
1510 1556 1911 1617 recognoscen-

307 1633 380 1690 da
411 1638 498 1690 est
543 1632 833 1707 obligatio;
874 1640 994 1693 tum
1031 1637 1163 1710 quia
1189 1633 1329 1693 haec
1357 1651 1488 1708 pars
1515 1637 1765 1693 securior
1799 1639 1907 1709 est3

305 1728 428 1780 tum
455 1724 616 1780 etiam
649 1723 780 1798 quia
805 1723 1024 1798 quando
1054 1724 1140 1782 lex
1165 1727 1221 1781 in
1245 1725 1424 1783 verbis
1443 1731 1530 1782 est
1547 1725 1722 1797 clara,
1749 1725 1909 1800 quasi

305 1812 554 1886 possidet
592 1813 678 1871 ius
706 1813 1010 1888 obligandi,
1041 1830 1156 1889 quo
1183 1831 1294 1873 non
1321 1821 1503 1890 potest
1529 1816 1581 1873 in
1609 1815 1776 1874 dubio
1802 1816 1913 1888 pri·

307 1903 456 1976 vari,
487 1903 618 1978 quia
655 1904 851 1962 melior
878 1913 968 1962 est
993 1904 1232 1963 conditio
1260 1905 1612 1979 possidentis.
1643 1907 1698 1966 Si
1724 1911 1912 1964 autem

305 2004 635 2068 quaeratur,
671 1992 890 2069 quando
917 2010 1017 2069 per
1046 1994 1220 2069 legem
1247 1995 1585 2054 sufficienter
1609 1996 1914 2071 explicetur

306 2085 434 2141 talis
469 2086 727 2158 intentio;
781 2084 1179 2161 respondetur,
1223 2102 1330 2145 non
1358 2103 1481 2146 esse
1509 2087 1905 2160 necessarium,

309 2180 374 2232 ut
409 2173 724 2236 declaretur
766 2177 928 2250 quasi
958 2175 1011 2232 in
1039 2184 1170 2234 actu
1199 2178 1435 2250 signato,
1467 2176 1519 2234 id
1547 2185 1635 2236 est
1663 2184 1726 2236 ut
1753 2192 1918 2251 supe-

306 2267 428 2322 rior
457 2264 630 2338 dicat,
661 2281 720 2324 se
748 2266 886 2323 velle
913 2266 1177 2341 obligare,
1207 2266 1306 2324 sed
1333 2268 1464 2326 satis
1490 2283 1633 2342 esse,
1665 2275 1729 2326 ut
1755 2268 1916 2349 abso-

307 2358 428 2416 lute
461 2359 795 2432 praecipiat3
826 2360 956 2432 quia
983 2365 1341 2433 praeceptum
1371 2361 1500 2417 satis
1527 2359 1796 2434 significat
1823 2375 1916 2419 vo-

307 2448 578 2507 luntatem
622 2448 1020 2523 praecipiendi,
1059 2456 1118 2507 et
1151 2450 1405 2508 voluntas
1441 2448 1810 2524 praecipiendi
1835 2451 1917 2507 iu-

309 2539 490 2597 cludit
517 2538 858 2598 voluntatem
883 2538 1178 2614 obligandi,
1207 2549 1276 2599 ut
1301 2542 1512 2600 dictum
1537 2547 1644 2600 est.
1672 2543 1915 2616 Denique

309 2631 354 2687 si
395 2631 705 2704 contingat,
753 2632 809 2688 in
849 2646 908 2688 re
934 2631 1052 2704 ipsa
1076 2631 1440 2705 legislatorem
1469 2649 1578 2691 non
1606 2633 1807 2692 habere
1833 2636 1916 2691 in-

306 2721 626 2794 tentionem,
668 2736 836 2795 quam
865 2720 1090 2792 indicat,
1112 2728 1173 2779 et
1193 2722 1315 2780 ideo
1345 2739 1450 2780 non
1472 2722 1710 2781 condere
1731 2739 1914 2781 veram

311 2813 514 2885 legem,
549 2813 668 2884 ipsa
694 2811 914 2885 quidem
939 2811 1006 2869 de
1035 2828 1093 2870 se
1119 2827 1230 2870 non
1259 2813 1542 2888 obligabit3
1566 2813 1916 2872 nibilominus

306 2909 494 2960 tamen
535 2900 739 2960 subditi
766 2903 924 2961 facile
952 2910 1215 2976 poterunt
1239 2904 1462 2980 obligari
1487 2921 1556 2964 ex
1585 2907 1953 2964 conscientia.

309 3007 564 3064 erronea,
601 2992 756 3066 quia,
787 3001 851 3051 ut
877 2991 1088 3051 dictum
1115 3001 1223 3066 est,
1254 3001 1508 3054 tenentur
1533 2995 1764 3054 credere
1789 3013 1912 3055 esse

311 3099 499 3141 veram
535 3082 737 3156 legem,
767 3083 942 3143 donec
971 3085 1286 3158 oppositum
1309 3093 1555 3145 constet:
1579 3103 1645 3145 ex
1667 3087 1768 3145 hac
1789 3104 1918 3147 vero

308 3173 712 3231 existimatione
746 3175 922 3231 oritur
951 3175 1203 3250 obligatio
1225 3179 1281 3234 in
1302 3179 1660 3250 conscientia,
1684 3179 1814 3237 licet
1831 3193 1920 3236 er-

309 3280 500 3338 ronea,
518 3270 584 3322 ut
608 3271 845 3322 constat.
861 3264 1096 3339 Ideoque
1120 3266 1242 3324 talis
1263 3267 1518 3343 obligatio
1537 3268 1797 3343 cessabit,
1810 3276 1922 3326 sta·

311 3355 410 3412 tim
455 3370 522 3412 ac
563 3354 868 3412 constiterit
896 3354 963 3412 de
989 3356 1286 3413 intentione
1311 3357 1440 3414 ficta
1468 3358 1818 3432 legislatoris.
1849 3360 1920 3416 Et

313 3453 452 3501 tunc
480 3445 524 3501 si
559 3444 744 3518 aliqua
771 3459 946 3518 poena
973 3445 1042 3502 sit
1067 3443 1254 3503 addita
1281 3448 1395 3520 tali,
1425 3448 1481 3504 in
1508 3451 1688 3522 reipsa
1709 3465 1818 3506 non
1839 3449 1920 3506 in·

309 3540 610 3608 curretur,
651 3536 864 3592 etiamsi
900 3537 972 3593 sit
1008 3535 1192 3610 aliqua
1227 3553 1468 3595 censura
1507 3541 1625 3613 ipso
1665 3541 1782 3598 iure
1808 3541 1920 3599 lata

313 3626 501 3701 quoad
545 3627 816 3684 exteriora
845 3627 1043 3702 verba3
1087 3643 1192 3685 nec
1219 3636 1404 3702 posset
1431 3637 1626 3702 postea
1653 3631 1798 3690 iuste
1822 3647 1921 3706 per

311 3718 556 3776 iudicem
602 3718 836 3792 imponi,
873 3716 1276 3782 etiamsiesset
1315 3722 1646 3778 comminata
1687 3722 1742 3778 in
1779 3721 1919 3797 lege,

311 3807 448 3882 quia
475 3823 532 3865 re
558 3822 688 3865 vera
715 3821 822 3863 non
850 3809 1152 3879 praecessit
1176 3808 1342 3880 culpa
1369 3807 1643 3884 condigna
1674 3809 1764 3868 tali
1791 3826 1922 3884 poe·

311 3913 418 3970 na,
453 3903 514 3955 ut
541 3914 712 3971 supra
749 3898 806 3954 in
843 3897 1005 3955 simili
1029 3900 1238 3957 notavit
1263 3899 1454 3958 Castro
1484 3900 1578 3960 lib.
1617 3905 1666 3961 1.
1697 3900 1771 3958 de
1797 3899 1922 3976 leqe

307 3987 577 4064 poenali,
614 4003 738 4060 cap.
774 3994 828 4062 5,
860 3986 1087 4047 docum.
1123 3993 1176 4048 3.

396 4079 553 4138 Circa
601 4079 767 4137 alium
808 4084 994 4137 actum
1016 4119 1030 4148 ,
1075 4095 1174 4137 seu
1221 4081 1370 4138 circa
1415 4080 1920 4142 determinationem

313 4169 487 4228 huius
531 4169 832 4228 voluntatis
871 4168 942 4226 ad
981 4168 1142 4228 talem
1170 4169 1253 4227 vel
1291 4171 1454 4229 talem
1483 4175 1800 4247 materiam,
1829 4172 1924 4232 ad-

313 4259 560 4318 dendum
601 4258 880 4333 occurrit,
916 4260 973 4315 in
1011 4258 1293 4318 voluntate
1335 4260 1423 4318 illa
1467 4268 1528 4320 ut
1563 4265 1645 4320 sic
1675 4270 1922 4336 spectata

313 4353 630 4408 consistere
669 4349 892 4424 proprie
926 4357 1165 4408 mentem
1207 4350 1538 4424 legislatoris
1577 4356 1924 4411 constituen-

313 4449 434 4500 tem
473 4442 634 4498 talem
679 4441 856 4513 legem
896 4440 951 4497 in
990 4443 1202 4499 ratione
1241 4443 1518 4515 praecepti
1544 4441 1829 4518 obligantis
1855 4443 1924 4502 ad

313 4532 510 4606 talem,
537 4531 628 4589 vel
658 4532 822 4590 talem
841 4538 1075 4604 ‘actum,
1097 4532 1182 4589 vel
1208 4530 1434 4591 modum
1454 4533 1594 4592 eius.
1619 4535 1756 4594 Nam
1776 4536 1927 4593 sicut

316 4623 408 4681 lex
445 4622 800 4680 constituitur
847 4625 903 4680 in
932 4622 1140 4680 ratione
1167 4615 1300 4696 legis
1327 4623 1614 4700 humanae,
1647 4633 1924 4701 quatenus

319 4722 412 4774 est
446 4715 668 4790 signum
703 4713 1001 4772 voluntatis
1041 4716 1453 4788 praeceptivae,
1487 4731 1586 4772 seu
1613 4717 1922 4793 obligantis,

323 4808 400 4864 ita
429 4805 784 4863 constituitur
821 4803 871 4861 in
895 4805 1102 4862 ratione
1130 4803 1253 4862 talis
1274 4805 1432 4878 legis,
1456 4811 1728 4879 quatenus
1749 4814 1836 4865 est
1856 4809 1928 4864 si-

321 4912 499 4973 gnum
533 4893 657 4953 talis
684 4893 980 4952 voluntatis
1009 4894 1332 4968 legislatoris
1365 4893 1433 4952 de
1460 4894 1553 4952 tali
1583 4901 1714 4955 actu
1741 4912 1774 4955 a
1795 4895 1929 4954 sub-

325 4985 445 5046 dito
489 4984 821 5058 exhibendo,
851 4991 908 5044 et
931 4983 1007 5041 ita
1035 4984 1170 5042 haec
1197 4983 1400 5042 dicitur
1425 4986 1644 5060 proprie
1671 5002 1826 5044 mens
1853 4986 1930 5046 le·

322 5076 597 5151 gislatoris
614 5117 631 5151 ,
683 5075 812 5150 quia
838 5074 926 5132 illa
950 5077 1068 5148 est,
1096 5089 1238 5148 quae
1267 5075 1571 5133 immediate
1597 5077 1927 5151 insinuatur,

323 5173 381 5224 et
431 5167 739 5224 notificatur
789 5180 887 5237 per
937 5163 1065 5222 talia
1103 5163 1289 5221 verba.
1331 5165 1476 5223 Haec
1516 5181 1650 5242 ergo
1686 5167 1932 5241 specialis

325 5271 482 5316 mens
517 5263 604 5314 est
631 5255 684 5312 in
715 5269 1044 5329 unaquaque
1072 5254 1191 5328 lege
1220 5257 1441 5329 propria
1459 5255 1656 5330 forma,
1677 5259 1933 5317 etanima

506 5369 682 5416 suanus
697 5401 708 5422 .
731 5370 790 5416 De
806 5369 988 5426 Leuibus
1001 5387 1060 5402 —
1071 5368 1178 5414 Pars
1195 5368 1230 5413 1.

1967 539 2100 620 legis
2137 548 2191 605 in
2226 549 2510 610 voluntate
2545 549 2877 624 legislatoris
2906 548 3085 620 posita
3110 553 3215 605 est.
3247 549 3425 620 Atque
3452 547 3562 606 hoc

1967 636 2173 697 docent
2202 639 2341 714 iura,
2365 640 2587 715 quando
2606 640 2823 713 dicunt,
2846 638 3023 713 legem
3042 654 3153 697 non
3176 637 3439 711 obligare,
3460 638 3568 695 nisi

1969 730 2277 787 secuudum
2313 740 2549 790 mentem
2579 731 2907 808 legislatoris
2926 772 2943 804 ,
2974 745 3101 803 cap.
3131 731 3199 788 Si
3220 732 3560 803 postquam,

1968 819 2036 878 de
2061 821 2328 880 electione
2359 823 2411 878 in
2442 827 2497 880 6.
2526 823 2633 880 ibi:
2671 825 2972 898 Quoniam
3000 837 3119 878 non
3137 817 3330 877 solum
3348 823 3416 877 ut
3435 821 3568 892 quis

1969 913 2191 978 veniat,
2219 911 2322 969 sed
2347 915 2533 970 etiam
2559 929 2634 971 aa:
2652 915 2751 971 sui
2770 917 2962 970 mente
2981 913 3182 984 exeipit,
3212 907 3367 984 quod
3385 925 3571 984 usque

1966 1000 2056 1060 ad
2074 1001 2271 1075 finem
2308 1007 2607 1078 nepotium
2634 1006 3055 1078 prosequatur.
3097 1003 3170 1059 Et
3202 1001 3346 1059 idem
3373 999 3569 1073 probat

1973 1093 2060 1152 lex
2087 1110 2226 1152 cum
2252 1093 2490 1162 mulier,
2526 1095 2581 1152 ff.
2615 1093 2797 1152 soluto
2826 1093 3175 1151 matrimonio
3196 1132 3213 1164 ,
3242 1091 3347 1149 ibi:
3382 1093 3452 1149 Si
3478 1092 3572 1150 tet-⁴

1973 1200 2111 1242 men
2145 1200 2223 1242 ex
2248 1190 2437 1244 mente
2474 1184 2617 1260 lepis
2652 1189 2857 1243 sumat
2893 1182 3135 1258 aliquis,
3168 1187 3235 1241 ut
3258 1198 3365 1240 nec
3390 1198 3571 1242 accu-

1973 1289 2112 1332 sare
2129 1277 2337 1350 possit,
2366 1278 2468 1348 qui
2486 1273 2847 1334 lenocinium
2864 1276 3047 1332 uxori
3060 1271 3427 1350 praebuerit,
3458 1288 3570 1330 au-

1975 1363 2228 1424 diendus
2262 1371 2367 1423 est.
2409 1367 2525 1424 Hoc
2560 1366 2726 1425 etiam
2762 1365 2998 1438 probant
3031 1364 3155 1421 iura
3191 1364 3391 1436 citata,
3430 1379 3573 1438 quae

1977 1455 2200 1530 docent,
2234 1454 2500 1514 adversus
2528 1454 2703 1529 legem
2724 1455 3089 1528 committere,
3114 1455 3211 1529 qui
3231 1455 3363 1512 facit
3386 1460 3580 1513 contra

1977 1551 2238 1619 mentem,
2268 1547 2517 1620 quamvis
2540 1546 2711 1604 verba
2735 1544 3016 1604 custodire
3042 1544 3311 1616 videatur,
3334 1544 3482 1603 dicta
3502 1546 3580 1604 le-

1976 1651 2047 1711 ge
2071 1650 2193 1694 ston
2218 1634 2493 1705 dubium,
2527 1639 2583 1696 et
2608 1637 2648 1693 1.
2677 1639 2830 1695 scire
2856 1636 3029 1711 leqes,
3064 1637 3119 1692 ff.
3153 1635 3221 1694 de
3247 1635 3483 1711 legibus.

2057 1733 2111 1785 5.
2141 1728 2338 1800 Dices,
2380 1742 2479 1800 per
2520 1727 2654 1785 haec
2696 1727 2877 1784 omnia
2910 1727 3089 1784 solum
3120 1726 3346 1798 probari
3386 1742 3573 1801 posse,

1979 1814 2321 1874 voluntatem
2361 1815 2686 1891 legislatoris
2724 1833 2847 1875 esse
2885 1831 3113 1874 causam
3143 1816 3475 1875 efficientem
3501 1816 3580 1875 le-

1979 1907 2095 1982 gis,
2125 1922 2237 1964 non
2262 1921 2395 1966 vero
2434 1905 2741 1967 formalem.
2785 1909 2923 1966 ltem
2949 1907 3036 1966 lex
3063 1908 3319 1966 consistit
3340 1909 3394 1966 in
3422 1908 3577 1983 signo

1981 1997 2259 2066 sensibili,
2300 1999 2393 2056 cui
2429 1998 2686 2057 voluntas
2721 1997 3049 2072 legislatoris
3078 1999 3235 2057 valde
3271 2000 3582 2089 extginseca

1980 2095 2098 2162 est3
2141 2105 2253 2147 non
2292 2105 2425 2164 ergo
2466 2089 2631 2171 hahet
2668 2090 2933 2149 rationem
2959 2090 3187 2166 formae,
3216 2089 3583 2148 sed-efficien-

1980 2183 2073 2240 tis.
2114 2180 2357 2254 Denique
2393 2181 2689 2240 intrinseca
2713 2181 2889 2238 torma
2916 2188 3133 2239 tantum
3159 2187 3243 2238 est
3266 2195 3407 2255 una3
3440 2181 3580 2238 haec

1981 2278 2167 2329 autem
2194 2276 2283 2329 est
2302 2270 2624 2344 significatio
2646 2271 2762 2345 ipsa
2785 2271 3099 2346 verborum,
3124 2277 3189 2329 ut
3209 2287 3379 2345 supra
3397 2271 3581 2331 visum

1979 2368 2096 2434 est3
2139 2377 2274 2445 ergo
2301 2377 2413 2420 non
2437 2361 2693 2420 voluntas
2723 2361 3067 2436 legislatoris.
3098 2363 3444 2435 Respondeo,
3468 2362 3583 2419 *hu-

1979 2450 2217 2509 iusmodi
2258 2451 2489 2508 formam
2526 2468 2635 2510 non
2675 2467 2799 2510 esse
2825 2452 3138 2530 physicam,
3168 2452 3265 2510 sed
3290 2451 3580 2525 moralem,

1981 2548 2038 2599 et
2061 2540 2185 2600 ideo
2211 2541 2345 2599 nihil
2370 2557 2701 2616 repugnare,
2722 2549 2790 2600 ut
2816 2543 3123 2601 secundum
3140 2543 3389 2602 diversas
3409 2546 3578 2602 ratio-

1981 2649 2114 2700 nes,
2143 2639 2305 2690 actus
2344 2633 2617 2707 imperans
2652 2633 2751 2706 sit,
2793 2639 2853 2692 et
2886 2634 3064 2693 torma
3105 2640 3265 2694 actus
3307 2636 3577 2710 imperati.

1983 2723 2145 2781 Sicut
2170 2729 2328 2780 actus
2356 2726 2599 2783 exterior
2624 2724 2853 2800 physice
2878 2733 3161 2799 spectatus
3190 2727 3438 2802 procedit
3465 2727 3583 2786 effi-

1983 2813 2188 2871 cienter
2215 2812 2284 2870 ab
2311 2813 2553 2871 interiori
2582 2813 2886 2889 voluntate,
2916 2824 2973 2873 et
3000 2816 3434 2876 nihilominus-in
3458 2833 3581 2876 esse

1983 2909 2150 2962 actus
2188 2903 2414 2961 moralis
2454 2920 2556 2977 per
2595 2904 2741 2962 illam
2777 2905 3080 2964 formaliter
3108 2909 3496 2984 constituitur,
3524 2914 3585 2967 ει

1983 3009 2115 3051 cum
2153 2993 2247 3051 illa
2286 2995 2564 3067 componit
2604 3010 2777 3053 unum
2804 3002 2994 3054 actum
3022 2997 3323 3058 humanum
3344 3039 3361 3073 ‚
3392 3000 3486 3074 qui
3516 2999 3585 3056 ab

1984 3084 2227 3142 interiori
2266 3090 2398 3142 actu
2436 3083 2602 3142 babet
2639 3091 2819 3143 totum
2860 3103 3027 3144 suum
3068 3103 3190 3145 esse
3228 3089 3459 3147 morale.
3504 3091 3585 3148 lta

1986 3189 2119 3246 ergo
2150 3173 2237 3230 lex
2266 3176 2477 3246 scripta
2504 3181 2603 3232 aut
2622 3189 2758 3232 voce
2777 3177 2991 3249 prolata
3010 3184 3195 3250 potest
3212 3178 3437 3255 physice
3456 3193 3586 3252 pro-

1987 3264 2183 3323 cedere
2218 3263 2525 3321 efficienter
2554 3265 2621 3321 ab
2650 3265 2896 3339 imperio,
2928 3283 3029 3326 seu
3056 3267 3126 3324 ab
3150 3268 3362 3326 influxu
3390 3269 3585 3328 volun-

1987 3354 2112 3411 tatis
2144 3353 2501 3429 legislatoris;
2534 3354 2885 3414 nihilominus
2914 3364 3099 3415 autem
3121 3373 3219 3432 per
3238 3357 3382 3417 illam
3401 3376 3586 3420 mora-

1986 3443 2110 3502 liter
2137 3445 2403 3502 coustitui
2435 3446 2493 3502 in
2518 3460 2639 3504 esse
2674 3443 2830 3520 legis,
2860 3450 2990 3522 quia
3017 3449 3084 3504 ab
3112 3448 3203 3508 illa
3228 3451 3587 3510 constituitur

1986 3533 2040 3591 in
2079 3535 2291 3593 ratione
2336 3533 2457 3594 talis
2482 3536 2684 3594 vinculi
2710 3537 3015 3613 obligantis.
3047 3539 3200 3597 Unde
3228 3543 3587 3615 quemadmo-

1986 3625 2119 3683 dum
2148 3625 2469 3683 Aristoteles
2506 3624 2672 3700 dixit,
2712 3627 2811 3684 ubi
2844 3633 2932 3684 est
2958 3645 3135 3687 unum
3162 3638 3389 3705 propter
3402 3632 3582 3708 aliud,

1988 3715 2060 3773 ibi
2085 3731 2209 3772 esse
2236 3730 2413 3773 unum
2441 3720 2691 3792 tantum3
2736 3717 2810 3774 ita
2848 3716 2955 3776 dici
2989 3725 3174 3792 potest
3208 3721 3264 3778 in
3287 3723 3584 3796 praesenti,

1989 3805 2439 3878 significationem
2476 3805 2771 3865 verborum
2797 3806 2934 3882 legis
2968 3815 3026 3866 et
3066 3812 3403 3871 voluntatem
3428 3813 3589 3890 legis-

1986 3896 2180 3954 latoris
2210 3903 2473 3969 tanquam
2502 3912 2675 3954 unum
2700 3899 2975 3972 reputari:
3012 3902 3269 3974 quoniam
3301 3909 3359 3960 ει
3386 3905 3587 3961 volun-

1988 3991 2074 4043 tas
2101 3985 2429 4061 legislatoris
2455 3988 2619 4044 estin
2647 3986 2765 4061 lege
2793 3991 3054 4065 tauquam
3083 3991 3139 4048 in
3175 3994 3363 4068 signo,
3400 4001 3459 4052 et
3498 3994 3589 4054 lex

1987 4079 2044 4134 in
2075 4083 2293 4136 tantum
2320 4085 2407 4135 est
2436 4093 2568 4136 vera.
2595 4078 2713 4151 lex,
2738 4080 2795 4136 in
2828 4086 3099 4156 quantum
3124 4089 3363 4142 mentem
3402 4092 3459 4143 et
3490 4101 3590 4143 vo-

1988 4169 2257 4227 luntatem
2296 4167 2613 4242 legislatoris
2654 4172 2903 4246 attingit,
2942 4180 2999 4231 et
3031 4167 3245 4232 ideo'in
3279 4176 3429 4234 dicta
3467 4175 3589 4250 lege

1989 4276 2112 4318 non
2149 4257 2429 4328 dubium,
2478 4259 2737 4318 voluntas
2778 4261 3115 4336 legislatoris
3162 4264 3293 4340 legis
3332 4266 3591 4324 voluntas

1989 4349 2329 4424 appellatur,
2366 4357 2427 4407 et
2462 4351 2645 4410 statim
2672 4350 2863 4409 eadem
2892 4352 3154 4413 voluntas
3182 4355 3488 4429 appellatur
3515 4356 3591 4414 le-

1989 4441 2072 4515 gis
2107 4439 2408 4511 sententia,
2439 4455 2581 4514 quae
2608 4441 2801 4500 eadem
2826 4448 2915 4502 est
2943 4459 3075 4502 cum
3104 4453 3286 4504 mente
3312 4445 3591 4520 legislato-

1991 4532 2089 4589 ris.
2114 4530 2380 4600 Quoniam
2407 4546 2538 4588 νει-ο
2567 4531 2663 4589 ubi
2690 4540 2775 4589 est
2802 4549 2977 4592 unum
3001 4541 3230 4609 propter
3259 4537 3431 4610 aliud,
3454 4536 3595 4595 illud

1991 4627 2078 4680 est
2111 4621 2479 4696 praecipuum
2519 4629 2577 4681 et
2612 4623 2945 4697 principale,
2985 4635 3212 4700 propter
3252 4629 3403 4704 quod
3442 4628 3595 4688 aliud

1957 4721 2107 4808 ¹est,
2157 4712 2468 4770 secundum
2515 4728 2809 4772 commune
2856 4718 3099 4774 axioma:
3150 4720 3403 4795 Propter
3441 4717 3597 4795 quod

1993 4801 2455 4878 unumquodque
2493 4801 2640 4874 tale,
2689 4809 2745 4864 et
2776 4804 2929 4864 illud
2954 4812 3185 4883 παρις,-
3212 4807 3333 4870 ideo
3366 4811 3421 4868 in
3448 4813 3599 4870 omni

1995 4893 2116 4968 lege
2153 4895 2453 4967 praecipua
2489 4900 2574 4952 est
2609 4909 2763 4953 mens
2798 4897 3160 4976 legislatoris,
3199 4906 3366 4976 atque
3402 4904 3480 4960 ita
3506 4901 3600 4960 illa

1997 4991 2085 5044 est
2117 4985 2419 5043 intrinseca
2453 4984 2661 5059 forma,
2702 4985 2979 5062 reliquum
3007 5006 3139 5050 vero
3176 4999 3265 5050 est
3290 4993 3449 5068 quasi
3474 5007 3600 5052 cor·

1998 5092 2104 5150 pus
2131 5082 2192 5133 et
2216 5075 2471 5134 materia.

2081 5171 2136 5225 6.
2168 5166 2303 5223 Dico
2333 5166 2609 5224 secundo:
2644 5137 2803 5227 Ratio
2833 5168 2967 5245 legis
2986 5188 3098 5231 non
3114 5181 3201 5230 est
3219 5174 3394 5232 torma
3412 5174 3601 5232 intrin-

2002 5273 2134 5318 seca
2168 5257 2309 5334 legis
2349 5258 2651 5335 humanae,
2680 5259 2775 5320 sed
2802 5270 2890 5322 est
2916 5266 3075 5337 quasi
3104 5265 3301 5335 forma,
3331 5274 3430 5327 aut
3452 5283 3607 5327 men-

3068 5373 3123 5419 30
