4325 6267
1758 350 1967 402 CAPUT
1994 352 2138 403 xlv.

323 479 465 535 enim
492 478 869 536 necessarium
897 484 1005 549 ost,
1022 482 1085 537 ut
1110 476 1330 555 obliget,
1350 476 1479 537 licet
1498 493 1605 538 non
1626 478 1696 536 sit
1721 493 1909 536 neces-

322 569 531 626 sarium
550 609 565 639 ,
597 575 661 626 ut
688 568 757 626 sit
783 568 835 625 in
860 582 1091 641 corpore
1118 567 1250 625 iuris
1275 568 1495 639 inserta3
1525 570 1653 644 quia
1675 570 1752 626 ita
1777 584 1912 625 cau-

321 666 441 717 tum
478 665 567 716 est
607 660 659 714 in
700 661 819 732 ipso
860 658 1010 731 iure,
1054 665 1117 716 ut
1153 659 1298 730 dixi,
1325 675 1390 716 ac
1416 659 1642 733 merito,
1672 658 1799 733 quia
1823 664 1913 717 est

316 748 475 808 valde
520 750 945 809 accidentarium
964 790 979 818 ,
1022 756 1078 807 et
1101 764 1209 807 non
1236 755 1419 823 potest
1446 750 1529 807 ius
1556 748 1787 807 limitare
1813 765 1911 807 au-

317 840 631 899 ctoritatem
682 842 879 914 Papae.
924 839 1081 909 Quod
1132 842 1361 898 maxime
1398 854 1593 897 verum
1648 839 1811 897 habet
1858 839 1913 896 in

316 930 403 987 his
421 972 438 1003 ,
468 946 609 1005 quae
637 936 887 1003 spectant
920 931 985 990 ad
1013 929 1435 991 declarationem
1464 930 1593 989 iuris
1620 932 1909 1009 naturalis,

318 1020 407 1078 vel
433 1020 617 1079 divini.
648 1024 782 1079 Nam
826 1019 880 1077 in
918 1019 1001 1076 his
1037 1037 1143 1079 non
1172 1027 1352 1094 potest
1378 1036 1497 1079 esse
1524 1023 1775 1095 mutatio,
1805 1034 1911 1079 nec

316 1110 730 1185 error,quando
768 1111 1049 1169 Pontifices
1080 1117 1142 1168 ut
1164 1111 1446 1170 Pontifices
1469 1109 1914 1186 definiunt,quod

318 1206 552 1274 possunt
576 1200 757 1257 facere
790 1216 885 1272 per
911 1199 1011 1258 has
1038 1199 1313 1274 epistolas,
1343 1207 1401 1258 et
1426 1200 1907 1275 faciunt,-quando

319 1289 639 1362 ostendunt,
654 1305 713 1346 se
747 1289 895 1362 loqui
920 1290 987 1347 ad
1016 1289 1317 1349 docendam
1343 1296 1400 1347 et
1422 1290 1801 1348 instruendam
1829 1296 1913 1347 to-

321 1387 433 1437 tam
461 1380 791 1439 Ecclesiam.
822 1380 893 1436 Et
930 1379 1051 1436 ideo
1090 1380 1143 1437 in
1185 1379 1267 1437 his
1308 1381 1473 1438 rebus
1511 1388 1639 1437 sunt
1666 1379 1793 1437 talia
1818 1379 1913 1439 de-

313 1476 469 1530 creta
496 1470 765 1544 generalia
802 1477 860 1527 et
885 1476 1195 1543 perpetua,
1222 1470 1354 1528 licet
1378 1472 1508 1528 fiant
1532 1469 1910 1544 respondendo

312 1560 381 1619 ad
410 1559 767 1635 particulares
812 1560 1281 1632 interrogationes,
1303 1562 1431 1635 quia
1456 1560 1547 1619 illa
1568 1559 1911 1633 particularis

315 1652 541 1710 materia
587 1656 671 1708 est
710 1650 1104 1722 accidentaria,
1147 1658 1204 1708 et
1238 1651 1419 1709 solum
1444 1659 1790 1709 concurrunt
1818 1668 1915 1724 per

314 1743 540 1800 modum
585 1741 886 1799 occasionis
904 1780 921 1813 ,
968 1737 1214 1799 doctrina
1263 1748 1448 1798 autem
1494 1744 1613 1813 ipsa
1647 1742 1911 1816 generalis

312 1838 417 1889 est.
442 1835 512 1889 At
538 1829 922 1905 vero,quando
969 1846 1295 1904 responsum
1323 1832 1605 1889 concernit
1632 1832 1911 1889 materiam

310 1924 449 1981 iuris
479 1921 690 1995 positivi
722 1920 1101 1991 ecclesiastici,
1138 1921 1269 1979 licet
1295 1928 1359 1978 ut
1382 1922 1649 1995 processit
1673 1938 1706 1978 a
1727 1923 1913 1980 Ponti-

315 2014 557 2086 fice,non
597 2011 835 2085 potuerit
860 2012 1138 2069 continere
1163 2027 1409 2069 errorem
1434 2011 1485 2069 in
1514 2013 1781 2083 moribus,
1813 2028 1912 2086 per

313 2102 575 2176 temporis
613 2102 1020 2159 successionem
1048 2108 1229 2173 potest
1254 2103 1505 2174 accipere
1530 2103 1909 2177 mutationem,

313 2200 371 2251 et
408 2192 593 2267 quoad
634 2192 737 2248 hoc
776 2197 959 2263 potest
1004 2192 1237 2249 multum
1277 2189 1588 2264 deservire,
1627 2191 1775 2266 quod
1805 2192 1912 2251 tale

314 2284 601 2341 decretum
631 2282 721 2353 sit,
752 2283 836 2339 vel
863 2299 971 2341 non
1007 2282 1077 2339 sit
1102 2283 1345 2340 moribus
1374 2288 1678 2355 receptum,
1710 2282 1797 2340 vel
1826 2289 1910 2341 et·

314 2376 419 2431 iam
446 2372 597 2447 quod
625 2372 697 2430 sit
722 2372 775 2429 in
803 2388 1033 2445 corpore
1060 2373 1199 2430 iuris
1234 2373 1523 2445 insertum,
1540 2372 1628 2430 vel
1648 2379 1801 2430 extra
1821 2389 1914 2430 va·

313 2472 515 2541 geturj
548 2471 606 2521 et
625 2470 760 2541 tunc
782 2462 945 2521 etiam
967 2469 1187 2536 oportet
1206 2462 1577 2533 considerare,
1598 2479 1664 2520 an
1688 2462 1760 2521 sit
1777 2479 1910 2522 con-

316 2562 637 2613 sentaneum
667 2556 776 2612 iuri
805 2554 1115 2625 communi,
1154 2553 1238 2612 vel
1277 2553 1353 2610 illi
1380 2554 1753 2613 contrarium:
1785 2572 1911 2613 nam

315 2646 371 2703 in
398 2646 571 2719 priori
599 2660 733 2702 casu
761 2644 1027 2701 servanda
1047 2651 1151 2708 est,
1178 2645 1233 2701 in
1258 2644 1540 2717 posteriori
1564 2653 1747 2703 autem
1770 2648 1912 2703 Pou-

318 2740 445 2799 tilex
472 2745 562 2797 est
584 2737 982 2809 consulendus,
1012 2738 1164 2795 iuxta
1190 2753 1315 2810 cap.
1344 2735 1696 2806 pastoralis,
1728 2736 1795 2795 de
1812 2736 1913 2794 fide

316 2832 575 2888 instrum.
606 2830 755 2897 Quae
798 2829 979 2886 omnia
1022 2828 1145 2887 usui
1184 2842 1307 2884 esse
1345 2834 1583 2899 possunt
1616 2826 1684 2883 ad
1719 2827 1913 2884 intelli-

313 2922 520 2995 gendas
554 2918 855 2978 decretales
882 2920 1043 2991 epist.
1086 2923 1145 2974 et
1190 2917 1391 2992 aliquid
1428 2917 1609 2975 statim
1647 2915 1911 2975 addemus

316 3010 576 3069 solvendo
600 3010 951 3068 obiectionem
972 3050 987 3080 ,
1018 3024 1159 3083 quae
1186 3008 1241 3066 in
1267 3010 1538 3081 praesenti
1566 3008 1679 3065 fieri
1699 3013 1907 3081 posset.

394 3104 678 3159 Praeterea
718 3106 899 3173 potest
925 3097 1097 3157 simile
1124 3098 1352 3156 dubium
1380 3098 1448 3156 de
1474 3098 1751 3155 sententiis
1771 3099 1909 3155 Pon-

316 3193 527 3250 tificum
563 3191 656 3249 hic
684 3189 894 3248 definiri
912 3232 927 3262 ,
968 3188 1119 3263 quod
1145 3204 1315 3262 supra
1342 3187 1409 3246 de
1438 3187 1717 3246 sententiis
1744 3186 1911 3260 impe-

312 3291 565 3342 ratorum
600 3288 659 3339 et
690 3296 882 3355 regum
913 3281 1305 3353 tractavimus,
1344 3295 1471 3337 nam
1496 3294 1565 3335 ex
1592 3278 1662 3336 ibi
1688 3277 1849 3336 dictis
1874 3294 1906 3336 a

313 3373 526 3432 fortiori
556 3373 812 3447 sequitur
831 3414 845 3439 ,
886 3374 1212 3430 sententiam
1240 3370 1405 3429 latam
1432 3386 1464 3428 a
1489 3372 1634 3443 Papa
1658 3371 1715 3427 in
1741 3372 1909 3443 parti-

313 3464 495 3521 culari
517 3478 687 3520 causa
706 3461 1061 3520 introducere
1084 3461 1257 3535 legem
1276 3459 1587 3535 generalem
1610 3476 1711 3534 pro
1734 3460 1907 3518 omni-

312 3556 417 3613 bus
446 3552 713 3611 similibus
750 3552 959 3624 causis;
985 3568 1113 3610 nam
1141 3552 1315 3610 maior
1340 3557 1426 3609 est
1456 3553 1755 3609 auctoritas
1774 3566 1908 3625 pon-

311 3646 505 3716 tificia,
547 3659 713 3717 quam
748 3643 916 3715 regia.
943 3643 1014 3700 Et
1045 3640 1155 3700 boc
1190 3639 1352 3699 modo
1379 3640 1592 3699 videtur
1618 3655 1814 3713 magna
1839 3656 1905 3699 ex

320 3742 475 3809 parte
510 3751 635 3792 esse
672 3734 1039 3791 constitutum
1081 3733 1166 3789 ius
1204 3733 1555 3802 canonicum3
1594 3748 1717 3789 nam
1752 3730 1909 3804 plura

314 3827 457 3885 illius
481 3823 706 3883 decreta
736 3830 868 3880 sunt
886 3822 1157 3897 quaedam
1184 3822 1480 3880 sententiae
1500 3822 1823 3879 Pontificum
1848 3822 1902 3878 in

314 3914 683 3992 singularibus
726 3914 911 3971 causis
948 3912 1109 3969 latae.
1140 3912 1211 3969 Et
1246 3912 1299 3967 in
1344 3912 1665 3985 particulari
1693 3911 1905 3970 videtur

314 4007 422 4065 hoc
458 4004 799 4063 declaratum
834 4002 888 4058 in
928 4016 1051 4073 cap.
1082 4003 1159 4059 Iu
1199 4004 1420 4064 causis,
1453 4002 1521 4059 de
1560 4017 1621 4060 re
1658 4002 1774 4060 iud.
1803 4003 1897 4060 ibi:

322 4102 475 4157 Cum
510 4099 575 4153 in
602 4092 892 4167 similibus
919 4091 1154 4150 casibus
1184 4094 1360 4149 ceteri
1392 4097 1705 4151 teneantur
1740 4096 1904 4151 simi-

314 4190 452 4247 liter
479 4186 767 4245 iudicare.
802 4185 871 4241 Et
910 4184 983 4239 ita
1022 4182 1226 4240 docent
1252 4183 1321 4240 ibi
1347 4182 1707 4255 expositores.
1736 4184 1903 4241 Dubi-

316 4287 431 4339 tant
455 4284 660 4346 autem,
686 4292 754 4332 an
784 4275 887 4332 hoc
915 4272 1324 4346 intelligendum
1355 4274 1427 4329 sit
1452 4279 1663 4332 tantum
1683 4273 1751 4330 de
1778 4290 1900 4332 sen-

318 4372 487 4431 tentia
527 4367 831 4435 definitiva,
872 4364 955 4421 vel
993 4364 1159 4420 etiam
1187 4361 1255 4420 de
1282 4362 1711 4436 interlocutoria,
1740 4363 1901 4422 dum-

316 4461 481 4520 modo
510 4460 577 4517 de
604 4456 695 4514 illa
724 4455 855 4513 satis
882 4459 1119 4524 constet,
1150 4453 1218 4510 de
1244 4468 1353 4527 qua
1381 4452 1549 4510 videri
1574 4461 1807 4525 possunt
1833 4454 1901 4513 ibi

314 4554 593 4621 doctores,
624 4545 938 4621 praesertim
960 4547 1210 4602 Panorm.
1235 4558 1385 4599 num.
1415 4546 1469 4615 3,
1494 4548 1549 4600 et
1568 4547 1626 4613 4,
1646 4549 1704 4600 et
1728 4543 1897 4602 Felin.

314 4663 370 4702 n.
398 4648 455 4714 3,
478 4647 536 4699 et
560 4654 675 4712 seq.
702 4636 832 4711 quia
849 4634 919 4693 de
947 4634 1053 4691 hac
1073 4631 1413 4690 distinctione
1435 4632 1587 4690 nobis
1618 4632 1901 4693 sufficiant

314 4736 461 4793 dicta
488 4732 637 4788 circa
654 4725 831 4801 legem
850 4724 1083 4783 civilem.
1097 4722 1215 4781 Alia
1232 4737 1362 4779 vero
1384 4720 1663 4780 distinctio
1684 4722 1754 4781 de
1777 4739 1903 4781 sen-

314 4822 482 4883 tentia
513 4820 748 4883 inserta,
777 4814 859 4872 vel
896 4829 1005 4871 non
1031 4816 1237 4871 inserta
1262 4814 1318 4871 in
1345 4827 1578 4885 corpore
1604 4813 1761 4887 iuris,
1791 4830 1902 4887 qua

314 4919 549 4971 utuntur
586 4909 753 4965 etiam
788 4904 957 4979 aliqui
992 4920 1060 4961 ex
1093 4903 1253 4961 dictis
1281 4902 1629 4977 doctoribus,
1659 4905 1718 4960 in
1744 4920 1901 4977 prae-

316 5003 457 5063 senti
483 5016 593 5058 non
628 5004 715 5057 est
745 4994 1108 5065 admittenda,
1136 4996 1265 5068 quia
1293 5000 1566 5066 repugnat
1592 4994 1701 5051 iuri
1730 5009 1898 5052 cano-

315 5097 466 5167 nico,
495 5088 645 5166 quod
668 5100 923 5159 expresse
950 5083 1091 5141 illam
1118 5082 1363 5142 excludit
1385 5085 1438 5140 in
1465 5083 1701 5156 epistolis
1721 5086 1901 5143 Ponti-

315 5186 504 5250 ficum,
527 5186 592 5239 ut
617 5177 881 5247 vidimus3
909 5179 994 5232 est
1018 5179 1201 5233 autem
1221 5174 1409 5232 eadem
1431 5176 1569 5232 ratio
1589 5173 1659 5232 de
1682 5181 1899 5234 senten-

320 5276 431 5361 tiis³
461 5274 595 5333 loem
621 5270 753 5346 quia
786 5281 855 5328 ex
896 5264 1043 5325 dicto
1070 5280 1193 5339 cap.
1220 5263 1557 5324 Pastoralts
1578 5272 1765 5341 aperte
1783 5267 1899 5327 col·

3355 332 3482 396 355

1980 478 2184 553 ligitur,
2215 475 2502 551 epistolam
2531 476 2861 535 decretalem
2891 476 3244 550 pontificiam,
3264 477 3476 535 etiamsi
3497 476 3570 533 sit

1979 576 2180 627 contra
2216 569 2304 625 ius
2341 566 2666 639 commune,
2698 567 2898 625 babere
2925 566 3328 640 auctoritatem,
3360 568 3570 626 solum-

1979 674 2089 735 que
2126 658 2385 716 limitatur
2413 658 2576 715 modo
2605 674 2772 731 supra
2786 657 2977 731 dicto,
3015 657 3234 732 quando
3263 664 3350 717 est
3376 665 3572 718 contra

1982 749 2069 806 ius
2098 763 2425 806 commune:
2472 750 2688 805 nomine
2716 756 2900 805 autem
2926 747 3224 806 Decretalis
3252 748 3415 809 etiam
3443 766 3568 809 sen·

1980 841 2152 897 tentia
2200 840 2312 897 lata
2359 844 2418 897 et
2460 839 2662 911 scripta
2709 854 2742 897 a
2783 840 2926 910 Papa
2963 838 3438 911 comprehenditur
3455 883 3471 914 ,
3505 847 3570 900 ut

1976 945 2170 1013 omnes
2197 928 2460 1001 fatentur,
2485 935 2542 986 et
2569 935 2789 987 constat
2814 943 2880 987 ex
2914 946 3022 988 usu
3046 928 3426 1004 decretalium,
3458 947 3570 989 non

1978 1026 2066 1077 est
2090 1034 2221 1093 ergo
2256 1017 2497 1075 conditio
2527 1016 2847 1090 simpliciter
2876 1022 3184 1078 necessaria
3209 1018 3278 1078 ad
3309 1020 3570 1079 rationem

1976 1110 2113 1184 legis
2130 1154 2145 1183 ‚
2176 1109 2328 1184 quod
2356 1109 2625 1166 sententia
2651 1109 2722 1166 sit
2749 1109 2949 1167 inserta
2975 1111 3030 1167 in
3058 1126 3293 1184 corpore
3319 1112 3478 1184 iuris,
3507 1111 3572 1170 li·

1977 1208 2068 1257 cet
2094 1199 2161 1258 ad
2190 1200 2680 1275 promulgationem
2710 1199 2866 1273 legis,
2890 1206 2948 1258 et
2967 1200 3035 1257 ad
3061 1202 3424 1275 cognitionem
3447 1202 3567 1261 eius

1976 1293 2151 1364 magis
2179 1290 2456 1364 publicam
2483 1295 2540 1347 et
2567 1291 2862 1347 certiorem
2893 1289 3129 1347 multum
3158 1291 3423 1349 conferat.

2055 1385 2109 1440 6.
2138 1382 2342 1438 Contra
2377 1380 2521 1437 hanc
2551 1395 2679 1437 vero
2721 1380 3109 1438 resolutionem
3136 1381 3294 1439 obiici
3334 1389 3567 1454 possunt

1977 1472 2143 1531 verba
2162 1470 2450 1529 Alexandri
2473 1471 2563 1529 111.
2579 1472 2632 1527 in
2656 1487 2780 1545 cap.
2795 1474 2973 1553 Licet,
3000 1471 3069 1529 de
3091 1488 3288 1545 sponsa
3309 1472 3570 1547 duorum,

1980 1562 2072 1620 ubi
2112 1561 2333 1633 delinit,
2376 1561 2778 1620 matrimonium
2834 1570 3016 1621 ratum
3057 1578 3165 1619 non
3202 1562 3422 1621 dissolvi
3476 1578 3574 1636 per

1979 1654 2327 1727 subsequens
2361 1659 2837 1724 consummatum,
2878 1659 2935 1710 et
2973 1652 3244 1727 adiungit:
3285 1656 3572 1730 Quamvis

1979 1744 2159 1803 aliter
2185 1761 2230 1802 α
2267 1742 2630 1817 quibusdam
2655 1741 3205 1819 praedecessoribus
3240 1747 3456 1801 nostris
3496 1748 3574 1802 sit

1978 1832 2304 1907 aliquando
2343 1831 2707 1896 iudicatum,
2754 1834 2944 1908 utique
2978 1849 3077 1907 per
3117 1834 3465 1903 sententiam,
3509 1840 3578 1893 ut

1978 1916 2344 1983 communiter
2372 1922 2585 1981 videtur
2613 1923 2856 1998 intelligi,
2899 1940 3032 1998 ergo
3079 1925 3340 1982 sententia
3359 1923 3575 1982 Pon'tifi·

1978 2016 2059 2072 cis
2085 2030 2196 2072 non
2221 2019 2403 2087 potest
2428 2014 2610 2071 facere
2633 2013 2839 2087 legem,
2870 2029 3002 2071 cum
3031 2020 3141 2071 tam
3166 2030 3388 2087 gravem
3415 2030 3572 2072 erro-

1978 2119 2097 2163 rem
2125 2105 2406 2162 continere
2434 2104 2627 2176 possit.
2657 2103 2856 2160 Similis
2885 2104 3122 2161 obiectio
3150 2104 3264 2161 fleri
3301 2111 3480 2176 potest
3503 2121 3573 2165 ex

1978 2210 2103 2267 cap.
2126 2198 2387 2270 Quanto,
2408 2192 2476 2250 de
2494 2191 2766 2265 divortiis,
2790 2193 2884 2250 ubi
2904 2192 3257 2250 Innocentius
3273 2194 3365 2251 111.
3380 2193 3568 2262 docet,

1982 2284 2382 2342 matrimonium
2423 2284 2567 2341 inter
2603 2282 2787 2341 fideles
2827 2283 3126 2356 baptizatos
3164 2290 3221 2341 et
3265 2283 3574 2343 catholicos

1980 2380 2332 2433 contractum
2360 2389 2468 2431 non
2505 2372 2730 2432 dissolvi
2755 2389 2853 2447 per
2887 2374 3152 2431 haeresim
3169 2415 3185 2447 ,
3217 2391 3316 2433 seu
3344 2383 3570 2449 aposta-

1983 2464 2119 2522 siam
2143 2480 2176 2522 a
2197 2463 2299 2521 fide
2321 2463 2546 2522 alterius
2568 2464 2840 2538 coniugis,
2860 2469 2914 2521 et
2940 2464 3239 2538 subiungit:
3253 2468 3416 2525 Licet
3439 2469 3568 2539 qui·

1979 2554 2126 2613 dam
2147 2552 2572 2630 praedecessor
2597 2560 2786 2612 noster
2807 2557 3060 2612 sensisse
3079 2553 3258 2613 aliter
3273 2554 3570 2615 videatur.

1980 2644 2137 2715 Quod
2158 2644 2294 2704 dixit
2323 2652 2547 2720 propter
2567 2646 2796 2705 caelest.
2813 2662 2870 2702 n.
2883 2647 2975 2719 111,
2998 2645 3092 2721 qui
3121 2647 3457 2706 contrarium
3485 2664 3574 2706 re·-

1979 2737 2218 2810 spondit,
2244 2737 2377 2795 utin
2404 2734 2957 2809 cap.Laudabilem‚
2989 2737 3122 2795 alias
3152 2736 3282 2797 l.de
3310 2755 3562 2797 convers.

1978 2825 2182 2884 infidel.
2211 2824 2340 2883 olim
2370 2825 2688 2898 habebatur,
2720 2831 2784 2883 ut
2809 2826 2880 2883 ibi
2905 2833 3062 2886 notat
3085 2826 3274 2885 Glossa
3293 2870 3310 2901 ,
3339 2837 3395 2886 et
3419 2814 3570 2889 nunc

1976 2915 2211 2975 habetur
2237 2917 2290 2973 in
2328 2916 2741 2975 collectionibus
2767 2910 2990 2975 Antonii
3007 2919 3295 2991 Augustini
3331 2920 3555 2981 collect.

1978 3012 2036 3083 2,
2068 3008 2152 3064 tit.
2185 3012 2280 3078 23,
2312 3022 2437 3080 cap.
2471 3012 2527 3065 2.

2052 3100 2211 3156 Circa
2251 3097 2522 3171 primum,
2567 3095 2870 3155 Alexander
2895 3096 2986 3154 111.
3017 3112 3127 3155 non
3164 3096 3443 3175 designat,
3474 3102 3570 3176 qui

1977 3188 2185 3246 luerint
2210 3187 2286 3246 illi
2312 3187 2618 3260 Pontifices,
2643 3187 2739 3261 qui
2762 3186 2920 3245 aliter
2944 3187 3278 3265 iudicarunt3
3301 3198 3358 3249 et
3380 3191 3572 3253 Glossa

1978 3278 2054 3336 ibi
2076 3278 2256 3336 solum
2284 3278 2486 3351 allegat
2506 3276 2959 3336 consuetudinem
2981 3278 3274 3352 quamdam
3295 3283 3570 3341 mutinen·

1978 3385 2119 3441 sem,
2145 3370 2310 3426 cuius
2331 3368 2394 3426 fit
2413 3370 2619 3426 mentio
2641 3368 2699 3425 in
2720 3383 2846 3441 cap.
2863 3366 2965 3425 ult.
2981 3366 3221 3427 eiusdem
3241 3369 3406 3443 tituli,
3423 3388 3570 3447 quae

1976 3466 2063 3518 est
2087 3460 2476 3533 impertinens,
2506 3474 2634 3516 nam
2660 3457 2732 3515 ibi
2759 3474 2870 3516 non
2895 3456 3098 3516 dicitur
3113 3501 3129 3532 ,
3158 3458 3305 3517 illam
3330 3476 3563 3521 consue-

1976 3550 2220 3608 tudinem
2249 3550 2418 3609 l'uisse
2444 3564 2541 3623 per
2569 3548 2807 3623 aliquem
2836 3564 3113 3607 summum
3131 3550 3443 3609 Pontificem
3471 3568 3566 3626 ap-

1973 3640 2277 3713 probatam.
2299 3643 2413 3698 lmo
2441 3642 2629 3698 Innoc.
2650 3639 2740 3696 ΠΙ.
2761 3638 2814 3695 in
2840 3639 2932 3696 illo
2959 3654 3086 3713 cap.
3105 3640 3206 3698 ult.
3227 3640 3356 3699 dicit
3363 3640 3564 3713 fuisse

1972 3736 2183 3789 contra
2207 3729 2300 3798 id,
2333 3729 2492 3804 quod
2516 3733 2689 3788 sentit
2715 3732 2914 3788 saneti.
2938 3732 3104 3789 Petri
3128 3728 3335 3793 Sedes:
3359 3739 3416 3790 et
3441 3731 3564 3793 ideo

1970 3838 2082 3879 non
2103 3837 2397 3894 possumus
2413 3826 2566 3879 certo
2585 3820 2769 3878 dicere
2787 3820 2948 3893 quale
2971 3820 2996 3876 s
2995 3820 3135 3878 uerit
3149 3820 3278 3878 illud
3301 3822 3562 3882 iudicium

1972 3912 2194 3969 illorum
2219 3912 2566 3969 Pontificum.
2595 3910 2930 3985 Responderi
2959 3925 3092 3984 ergo
3119 3914 3328 3983 potest,
3359 3929 3563 3988 suppo-

1970 4001 2149 4060 nendo
2176 4044 2191 4074 ,
2235 4000 2508 4076 probabile
2546 4015 2667 4058 esse
2691 4042 2708 4073 ,
2751 4016 2912 4073 posse
2950 4000 3264 4059 Pontificem
3306 4016 3372 4060 ex
3403 4004 3562 4083 ‘iusta

1974 4108 2143 4151 causa
2168 4092 2481 4165 dispensare
2513 4092 2567 4148 in
2607 4091 2958 4149 matrimonio
2998 4096 3118 4148 rato
3157 4108 3265 4149 non
3305 4108 3565 4153 consum-

1972 4190 2142 4258 mato;
2175 4184 2313 4241 sorte
2340 4182 2501 4256 igitur
2531 4180 2604 4238 illi
2629 4182 2938 4253 Pontifices,
2967 4195 3109 4254 quos
3137 4176 3437 4241 Alexander
3464 4185 3560 4243 111.

1970 4278 2393 4343 commemorat,
2420 4288 2529 4329 non
2557 4277 2769 4329 tantum
2798 4269 3194 4345 sententiando,
3219 4279 3315 4330 aut
3337 4288 3560 4348 respon-

1968 4364 2172 4435 dendo,
2196 4364 2292 4422 sed
2316 4365 2482 4421 etiam
2504 4361 2751 4420 faciendo
2777 4360 3146 4420 dissolverunt
3164 4362 3253 4421 illa
3278 4366 3559 4423 matrimo-

1972 4456 2081 4529 nia,
2109 4470 2216 4512 non
2239 4452 2456 4527 quidem
2480 4450 2770 4510 iudicando
2797 4452 2915 4525 ipso
2935 4452 3083 4509 facto
3103 4450 3324 4511 dissolvi
3346 4454 3559 4529 (stando

1972 4546 2027 4602 in
2053 4547 2172 4603 solo
2207 4544 2324 4602 iure
2351 4540 2550 4607 divino)
2581 4558 2679 4614 per
2715 4541 3056 4617 subsequens
3092 4553 3560 4619 consummatum,

1972 4635 2068 4693 sed
2096 4631 2386 4692 iudicando
2410 4672 2426 4705 ,
2459 4630 2603 4690 illam
2642 4632 2810 4689 fuisse
2835 4647 3059 4689 causam
3089 4632 3452 4693 sufficientem
3491 4634 3559 4698 ad

1971 4726 2113 4783 illam
2140 4722 2592 4798 dispensationem
2619 4719 3022 4779 concedendam
3039 4760 3054 4791 ,
3083 4726 3142 4778 et
3175 4721 3303 4781 lioet
3329 4723 3466 4783 sorte
3499 4728 3586 4797 in,

1974 4815 2081 4873 boc
2101 4814 2428 4884 erraverint,
2452 4812 2556 4870 erit
2581 4827 2736 4869 error
2764 4811 2917 4885 sacti,
2942 4817 2998 4868 et
3020 4826 3130 4869 non
3157 4814 3312 4871 iuris.
3329 4816 3448 4872 Non
3473 4823 3564 4875 est

1971 4912 2154 4963 autem
2176 4902 2494 4975 verisimile,
2520 4900 2685 4959 fuisse
2708 4899 2972 4958 iudicium
2993 4900 3126 4959 illud
3151 4901 3372 4961 serendo
3390 4921 3557 4979 gene-

1970 4996 2141 5055 ralem
2169 4995 2345 5070 legem
2371 4992 2667 5051 formaliter
2693 4997 2750 5049 et
2775 5006 3064 5065 expresse,
3095 4990 3192 5050 sed
3214 4993 3447 5053 sortasse
3473 4996 3556 5055 di-

1971 5083 2274 5160 spensando
2301 5100 2432 5143 cum
2467 5083 2652 5158 aliquo
2689 5082 2930 5157 populo,
2960 5088 3058 5140 aut
3096 5083 3284 5142 saltem
3323 5086 3552 5147 similem

1970 5173 2424 5236 consuetudinem
2465 5173 2668 5231 alicubi
2708 5170 3020 5246 tolerando,
3058 5172 3142 5231 vel
3179 5176 3551 5249 approbandos

1972 5282 2101 5327 nam
2120 5266 2230 5327 hoc
2250 5273 2432 5325 totum
2459 5265 2750 5340 pertineret
2766 5262 2835 5323 ad
2859 5278 3103 5324 errorem
3131 5264 3281 5340 lacti,
3303 5273 3362 5327 et
3386 5270 3552 5344 parti-
