<?xml version="1.0" encoding="UTF-8"?>
<!DOCTYPE html PUBLIC "-//W3C//DTD XHTML 1.0 Transitional//EN"
    "http://www.w3.org/TR/xhtml1/DTD/xhtml1-transitional.dtd">
<html xmlns="http://www.w3.org/1999/xhtml" xml:lang="en" lang="en">
 <head>
  <title>
</title>
<meta http-equiv="Content-Type" content="text/html;charset=utf-8" />
  <meta name='ocr-system' content='tesseract 3.04.00' />
  <meta name='ocr-capabilities' content='ocr_page ocr_carea ocr_par ocr_line ocrx_word'/>
</head>
<body>
  <div class='ocr_page' id='page_1' title='image "./tractatusdelegi01sugoog_0236.png"; bbox 0 0 4325 6267; ppageno 0'>
   <div class='ocr_carea' id='block_1_1' title="bbox 751 341 875 408">
    <p class='ocr_par' dir='ltr' id='par_1_1' title="bbox 751 341 875 408">
     <span class='ocr_line' id='line_1_1' title="bbox 751 341 875 408; baseline 0 0"><span class='ocrx_word' id='word_1_1' title='bbox 751 341 875 408; x_wconf 79' lang='lat'><strong>224</strong></span> 
     </span>
    </p>
   </div>
   <div class='ocr_carea' id='block_1_2' title="bbox 586 484 2256 5357">
    <p class='ocr_par' dir='ltr' id='par_1_2' title="bbox 659 484 2256 1192">
     <span class='ocr_line' id='line_1_2' title="bbox 663 484 2253 558; baseline 0.001 -17"><span class='ocrx_word' id='word_1_2' title='bbox 663 484 930 542; x_wconf 86' lang='lat' dir='ltr'><strong>servanda</strong></span> <span class='ocrx_word' id='word_1_3' title='bbox 957 491 1040 541; x_wconf 88' lang='lat' dir='ltr'><strong>est</strong></span> <span class='ocrx_word' id='word_1_4' title='bbox 1067 486 1257 558; x_wconf 87' lang='lat' dir='ltr'><strong>regula</strong></span> <span class='ocrx_word' id='word_1_5' title='bbox 1283 484 1441 553; x_wconf 89' lang='lat' dir='ltr'><strong>data,</strong></span> <span class='ocrx_word' id='word_1_6' title='bbox 1472 493 1526 544; x_wconf 91' lang='lat' dir='ltr'><strong>et</strong></span> <span class='ocrx_word' id='word_1_7' title='bbox 1551 485 1951 544; x_wconf 83' lang='lat' dir='ltr'><strong>extendendum</strong></span> <span class='ocrx_word' id='word_1_8' title='bbox 1991 495 2076 544; x_wconf 85' lang='lat' dir='ltr'><strong>est</strong></span> <span class='ocrx_word' id='word_1_9' title='bbox 2118 495 2253 544; x_wconf 88' lang='lat' dir='ltr'><strong>tem-</strong></span> 
     </span>
     <span class='ocr_line' id='line_1_3' title="bbox 661 573 2256 650; baseline 0.001 -18"><span class='ocrx_word' id='word_1_10' title='bbox 661 592 764 648; x_wconf 86' lang='lat' dir='ltr'><strong>pus</strong></span> <span class='ocrx_word' id='word_1_11' title='bbox 803 573 1057 648; x_wconf 75' lang='lat' dir='ltr'>prudenti</span> <span class='ocrx_word' id='word_1_12' title='bbox 1095 576 1358 648; x_wconf 89' lang='lat' dir='ltr'><strong>arbitrio,</strong></span> <span class='ocrx_word' id='word_1_13' title='bbox 1389 585 1656 650; x_wconf 90' lang='lat' dir='ltr'><strong>quantum</strong></span> <span class='ocrx_word' id='word_1_14' title='bbox 1695 593 1920 634; x_wconf 89' lang='lat' dir='ltr'><strong>necesse</strong></span> <span class='ocrx_word' id='word_1_15' title='bbox 1960 577 2151 648; x_wconf 79' lang='lat' dir='ltr'><strong>suerit,</strong></span> <span class='ocrx_word' id='word_1_16' title='bbox 2195 584 2256 633; x_wconf 92' lang='lat' dir='ltr'><strong>ut</strong></span> 
     </span>
     <span class='ocr_line' id='line_1_4' title="bbox 660 665 2253 739; baseline -0.001 -17"><span class='ocrx_word' id='word_1_17' title='bbox 660 665 1114 738; x_wconf 71' lang='lat' dir='ltr'><strong>promulgationis</strong></span> <span class='ocrx_word' id='word_1_18' title='bbox 1141 667 1327 722; x_wconf 88' lang='lat' dir='ltr'><strong>notitia</strong></span> <span class='ocrx_word' id='word_1_19' title='bbox 1348 669 1521 739; x_wconf 80' lang='lat' dir='ltr'><strong>possit</strong></span> <span class='ocrx_word' id='word_1_20' title='bbox 1551 666 1618 723; x_wconf 91' lang='lat' dir='ltr'><strong>ad</strong></span> <span class='ocrx_word' id='word_1_21' title='bbox 1651 666 1768 724; x_wconf 89' lang='lat' dir='ltr'><strong>illas</strong></span> <span class='ocrx_word' id='word_1_22' title='bbox 1807 673 2042 724; x_wconf 88' lang='lat' dir='ltr'><strong>remotas</strong></span> <span class='ocrx_word' id='word_1_23' title='bbox 2075 672 2253 738; x_wconf 90' lang='lat' dir='ltr'><strong>partes</strong></span> 
     </span>
     <span class='ocr_line' id='line_1_5' title="bbox 659 755 2253 829; baseline 0 -17"><span class='ocrx_word' id='word_1_24' title='bbox 659 755 957 827; x_wconf 88' lang='lat' dir='ltr'><strong>pervenire,</strong></span> <span class='ocrx_word' id='word_1_25' title='bbox 989 761 1202 812; x_wconf 83' lang='lat' dir='ltr'><strong>servata</strong></span> <span class='ocrx_word' id='word_1_26' title='bbox 1228 759 1584 828; x_wconf 68' lang='lat' dir='ltr'><strong>proportione</strong></span> <span class='ocrx_word' id='word_1_27' title='bbox 1623 756 1691 814; x_wconf 92' lang='lat' dir='ltr'><strong>ad</strong></span> <span class='ocrx_word' id='word_1_28' title='bbox 1725 757 1941 814; x_wconf 90' lang='lat' dir='ltr'><strong>initium</strong></span> <span class='ocrx_word' id='word_1_29' title='bbox 1971 757 2253 829; x_wconf 87' lang='lat' dir='ltr'><strong>obligatio-</strong></span> 
     </span>
     <span class='ocr_line' id='line_1_6' title="bbox 659 846 2255 919; baseline 0.002 -19"><span class='ocrx_word' id='word_1_30' title='bbox 659 847 764 901; x_wconf 88' lang='lat' dir='ltr'><strong>nis.</strong></span> <span class='ocrx_word' id='word_1_31' title='bbox 795 846 948 902; x_wconf 89' lang='lat' dir='ltr'><strong>Tunc</strong></span> <span class='ocrx_word' id='word_1_32' title='bbox 977 851 1160 902; x_wconf 87' lang='lat' dir='ltr'><strong>autem</strong></span> <span class='ocrx_word' id='word_1_33' title='bbox 1195 852 1409 917; x_wconf 91' lang='lat' dir='ltr'><strong>tempus</strong></span> <span class='ocrx_word' id='word_1_34' title='bbox 1446 846 1577 904; x_wconf 92' lang='lat' dir='ltr'><strong>illud</strong></span> <span class='ocrx_word' id='word_1_35' title='bbox 1619 847 2052 919; x_wconf 86' lang='lat' dir='ltr'><strong>computandum</strong></span> <span class='ocrx_word' id='word_1_36' title='bbox 2091 849 2195 903; x_wconf 90' lang='lat' dir='ltr'><strong>erit</strong></span> <span class='ocrx_word' id='word_1_37' title='bbox 2222 863 2255 903; x_wconf 86' lang='lat' dir='ltr'><strong>a</strong></span> 
     </span>
     <span class='ocr_line' id='line_1_7' title="bbox 660 935 2255 1010; baseline 0.003 -19"><span class='ocrx_word' id='word_1_38' title='bbox 660 936 836 1007; x_wconf 89' lang='lat' dir='ltr'><strong>prima</strong></span> <span class='ocrx_word' id='word_1_39' title='bbox 861 935 1228 1008; x_wconf 79' lang='lat' dir='ltr'><strong>publicatione</strong></span> <span class='ocrx_word' id='word_1_40' title='bbox 1259 935 1416 1009; x_wconf 87' lang='lat' dir='ltr'><strong>legis,</strong></span> <span class='ocrx_word' id='word_1_41' title='bbox 1442 939 1568 1010; x_wconf 91' lang='lat' dir='ltr'><strong>quia</strong></span> <span class='ocrx_word' id='word_1_42' title='bbox 1597 936 1652 993; x_wconf 90' lang='lat' dir='ltr'><strong>id</strong></span> <span class='ocrx_word' id='word_1_43' title='bbox 1681 937 1885 996; x_wconf 75' lang='lat' dir='ltr'><strong>suflicit</strong></span> <span class='ocrx_word' id='word_1_44' title='bbox 1905 938 1972 997; x_wconf 90' lang='lat' dir='ltr'><strong>ad</strong></span> <span class='ocrx_word' id='word_1_45' title='bbox 1995 954 2255 996; x_wconf 88' lang='lat' dir='ltr'><strong>consum·</strong></span> 
     </span>
     <span class='ocr_line' id='line_1_8' title="bbox 659 1026 2253 1103; baseline 0.003 -21"><span class='ocrx_word' id='word_1_46' title='bbox 659 1028 952 1083; x_wconf 87' lang='lat' dir='ltr'><strong>mationem</strong></span> <span class='ocrx_word' id='word_1_47' title='bbox 981 1026 1456 1100; x_wconf 76' lang='lat' dir='ltr'><strong>promulgationis.</strong></span> <span class='ocrx_word' id='word_1_48' title='bbox 1495 1028 1644 1095; x_wconf 84' lang='lat' dir='ltr'><strong>Quae</strong></span> <span class='ocrx_word' id='word_1_49' title='bbox 1671 1031 1852 1084; x_wconf 90' lang='lat' dir='ltr'><strong>omnia</strong></span> <span class='ocrx_word' id='word_1_50' title='bbox 1878 1042 1944 1086; x_wconf 80' lang='lat' dir='ltr'><strong>ex</strong></span> <span class='ocrx_word' id='word_1_51' title='bbox 1976 1028 2083 1100; x_wconf 88' lang='lat' dir='ltr'><strong>his,</strong></span> <span class='ocrx_word' id='word_1_52' title='bbox 2112 1044 2253 1103; x_wconf 86' lang='lat' dir='ltr'><strong>quae</strong></span> 
     </span>
     <span class='ocr_line' id='line_1_9' title="bbox 659 1114 1878 1192; baseline 0.001 -19"><span class='ocrx_word' id='word_1_53' title='bbox 659 1114 726 1173; x_wconf 90' lang='lat' dir='ltr'><strong>de</strong></span> <span class='ocrx_word' id='word_1_54' title='bbox 755 1118 876 1174; x_wconf 90' lang='lat' dir='ltr'><strong>iure</strong></span> <span class='ocrx_word' id='word_1_55' title='bbox 906 1117 1136 1189; x_wconf 80' lang='lat' dir='ltr'><strong>positivo</strong></span> <span class='ocrx_word' id='word_1_56' title='bbox 1164 1115 1435 1192; x_wconf 85' lang='lat' dir='ltr'><strong>dicemus,</strong></span> <span class='ocrx_word' id='word_1_57' title='bbox 1466 1118 1702 1176; x_wconf 89' lang='lat' dir='ltr'><strong>clariora</strong></span> <span class='ocrx_word' id='word_1_58' title='bbox 1731 1121 1878 1176; x_wconf 83' lang='lat' dir='ltr'><strong>fient.</strong></span> 
     </span>
    </p>

    <p class='ocr_par' dir='ltr' id='par_1_3' title="bbox 657 1205 2255 2638">
     <span class='ocr_line' id='line_1_10' title="bbox 736 1205 2255 1284; baseline 0 -18"><span class='ocrx_word' id='word_1_59' title='bbox 736 1211 793 1266; x_wconf 84' lang='grc'><strong>9.</strong></span> <span class='ocrx_word' id='word_1_60' title='bbox 822 1207 1002 1264; x_wconf 88' lang='lat' dir='ltr'><strong>Tertio</strong></span> <span class='ocrx_word' id='word_1_61' title='bbox 1025 1205 1216 1280; x_wconf 87' lang='lat' dir='ltr'><strong>insero,</strong></span> <span class='ocrx_word' id='word_1_62' title='bbox 1243 1207 1415 1280; x_wconf 88' lang='lat' dir='ltr'><strong>legem</strong></span> <span class='ocrx_word' id='word_1_63' title='bbox 1435 1207 1706 1266; x_wconf 80' lang='lat' dir='ltr'><strong>indefinite</strong></span> <span class='ocrx_word' id='word_1_64' title='bbox 1729 1210 1892 1268; x_wconf 90' lang='lat' dir='ltr'><strong>latam</strong></span> <span class='ocrx_word' id='word_1_65' title='bbox 1920 1217 1977 1266; x_wconf 91' lang='lat' dir='ltr'><strong>et</strong></span> <span class='ocrx_word' id='word_1_66' title='bbox 2007 1209 2255 1284; x_wconf 85' lang='lat' dir='ltr'><strong>promul-</strong></span> 
     </span>
     <span class='ocr_line' id='line_1_11' title="bbox 659 1295 2251 1372; baseline 0.001 -18"><span class='ocrx_word' id='word_1_67' title='bbox 659 1303 840 1372; x_wconf 88' lang='lat' dir='ltr'><strong>gatam</strong></span> <span class='ocrx_word' id='word_1_68' title='bbox 871 1313 981 1353; x_wconf 87' lang='lat' dir='ltr'><strong>non</strong></span> <span class='ocrx_word' id='word_1_69' title='bbox 1011 1295 1252 1370; x_wconf 89' lang='lat' dir='ltr'><strong>obligare</strong></span> <span class='ocrx_word' id='word_1_70' title='bbox 1281 1297 1442 1355; x_wconf 90' lang='lat' dir='ltr'><strong>simul</strong></span> <span class='ocrx_word' id='word_1_71' title='bbox 1473 1314 1662 1357; x_wconf 89' lang='lat' dir='ltr'><strong>omnes</strong></span> <span class='ocrx_word' id='word_1_72' title='bbox 1690 1299 1968 1371; x_wconf 86' lang='lat' dir='ltr'><strong>subditos,</strong></span> <span class='ocrx_word' id='word_1_73' title='bbox 2001 1315 2098 1371; x_wconf 93' lang='lat' dir='ltr'><strong>pro</strong></span> <span class='ocrx_word' id='word_1_74' title='bbox 2127 1301 2251 1372; x_wconf 87' lang='lat' dir='ltr'><strong>qui-</strong></span> 
     </span>
     <span class='ocr_line' id='line_1_12' title="bbox 663 1387 2251 1460; baseline 0.001 -16"><span class='ocrx_word' id='word_1_75' title='bbox 663 1388 766 1444; x_wconf 90' lang='lat' dir='ltr'><strong>bus</strong></span> <span class='ocrx_word' id='word_1_76' title='bbox 795 1387 990 1444; x_wconf 79' lang='lat' dir='ltr'><strong>fertur.</strong></span> <span class='ocrx_word' id='word_1_77' title='bbox 1023 1388 1104 1444; x_wconf 89' lang='lat' dir='ltr'><strong>lta</strong></span> <span class='ocrx_word' id='word_1_78' title='bbox 1141 1388 1306 1443; x_wconf 90' lang='lat' dir='ltr'><strong>sentit</strong></span> <span class='ocrx_word' id='word_1_79' title='bbox 1330 1389 1557 1444; x_wconf 88' lang='lat' dir='ltr'><strong>Navarr.</strong></span> <span class='ocrx_word' id='word_1_80' title='bbox 1600 1405 1656 1445; x_wconf 89' lang='lat' dir='ltr'><strong>n.</strong></span> <span class='ocrx_word' id='word_1_81' title='bbox 1696 1390 1793 1459; x_wconf 88' lang='grc'><strong>17,</strong></span> <span class='ocrx_word' id='word_1_82' title='bbox 1820 1387 1952 1447; x_wconf 91' lang='lat' dir='ltr'><strong>dum</strong></span> <span class='ocrx_word' id='word_1_83' title='bbox 1991 1391 2095 1460; x_wconf 88' lang='lat' dir='ltr'><strong>ait,</strong></span> <span class='ocrx_word' id='word_1_84' title='bbox 2125 1388 2251 1445; x_wconf 87' lang='lat' dir='ltr'><strong>ideo</strong></span> 
     </span>
     <span class='ocr_line' id='line_1_13' title="bbox 659 1475 2253 1551; baseline 0.001 -18"><span class='ocrx_word' id='word_1_85' title='bbox 659 1478 813 1534; x_wconf 84' lang='lat' dir='ltr'><strong>iuxta</strong></span> <span class='ocrx_word' id='word_1_86' title='bbox 837 1478 924 1533; x_wconf 90' lang='lat' dir='ltr'><strong>ius</strong></span> <span class='ocrx_word' id='word_1_87' title='bbox 965 1475 1122 1533; x_wconf 83' lang='lat' dir='ltr'><strong>civile</strong></span> <span class='ocrx_word' id='word_1_88' title='bbox 1151 1475 1325 1550; x_wconf 88' lang='lat' dir='ltr'><strong>legem</strong></span> <span class='ocrx_word' id='word_1_89' title='bbox 1367 1492 1472 1534; x_wconf 90' lang='lat' dir='ltr'><strong>non</strong></span> <span class='ocrx_word' id='word_1_90' title='bbox 1502 1478 1738 1551; x_wconf 87' lang='lat' dir='ltr'><strong>obligare</strong></span> <span class='ocrx_word' id='word_1_91' title='bbox 1765 1481 1907 1535; x_wconf 87' lang='lat' dir='ltr'><strong>iutra</strong></span> <span class='ocrx_word' id='word_1_92' title='bbox 1932 1477 2072 1535; x_wconf 91' lang='lat' dir='ltr'><strong>duos</strong></span> <span class='ocrx_word' id='word_1_93' title='bbox 2103 1495 2253 1536; x_wconf 90' lang='lat' dir='ltr'><strong>men-</strong></span> 
     </span>
     <span class='ocr_line' id='line_1_14' title="bbox 660 1565 2251 1642; baseline 0.002 -19"><span class='ocrx_word' id='word_1_94' title='bbox 660 1584 746 1624; x_wconf 89' lang='lat' dir='ltr'><strong>ses</strong></span> <span class='ocrx_word' id='word_1_95' title='bbox 775 1582 806 1624; x_wconf 87' lang='lat' dir='ltr'><strong>a</strong></span> <span class='ocrx_word' id='word_1_96' title='bbox 833 1565 1286 1639; x_wconf 84' lang='lat' dir='ltr'><strong>promulgatione,</strong></span> <span class='ocrx_word' id='word_1_97' title='bbox 1312 1574 1375 1625; x_wconf 92' lang='lat' dir='ltr'><strong>ut</strong></span> <span class='ocrx_word' id='word_1_98' title='bbox 1405 1567 1490 1624; x_wconf 74' lang='lat' dir='ltr'><strong>lex</strong></span> <span class='ocrx_word' id='word_1_99' title='bbox 1521 1583 1626 1623; x_wconf 92' lang='lat' dir='ltr'><strong>non</strong></span> <span class='ocrx_word' id='word_1_100' title='bbox 1654 1569 1807 1641; x_wconf 89' lang='lat' dir='ltr'><strong>prius</strong></span> <span class='ocrx_word' id='word_1_101' title='bbox 1831 1570 1963 1642; x_wconf 88' lang='lat' dir='ltr'><strong>liget</strong></span> <span class='ocrx_word' id='word_1_102' title='bbox 1983 1568 2251 1642; x_wconf 89' lang='lat' dir='ltr'><strong>quosdam</strong></span> 
     </span>
     <span class='ocr_line' id='line_1_15' title="bbox 660 1655 2253 1730; baseline 0.001 -16"><span class='ocrx_word' id='word_1_103' title='bbox 660 1655 904 1715; x_wconf 88' lang='lat' dir='ltr'><strong>subditos</strong></span> <span class='ocrx_word' id='word_1_104' title='bbox 931 1671 1098 1730; x_wconf 89' lang='lat' dir='ltr'><strong>quam</strong></span> <span class='ocrx_word' id='word_1_105' title='bbox 1131 1659 1290 1730; x_wconf 72' lang='lat' dir='ltr'><strong>alios,</strong></span> <span class='ocrx_word' id='word_1_106' title='bbox 1326 1656 1419 1714; x_wconf 89' lang='lat' dir='ltr'><strong>sed</strong></span> <span class='ocrx_word' id='word_1_107' title='bbox 1449 1674 1638 1715; x_wconf 88' lang='lat' dir='ltr'><strong>omnes</strong></span> <span class='ocrx_word' id='word_1_108' title='bbox 1665 1659 1886 1730; x_wconf 80' lang='lat' dir='ltr'><strong>incipiat</strong></span> <span class='ocrx_word' id='word_1_109' title='bbox 1920 1657 2080 1715; x_wconf 89' lang='lat' dir='ltr'><strong>simul</strong></span> <span class='ocrx_word' id='word_1_110' title='bbox 2121 1658 2253 1716; x_wconf 89' lang='lat' dir='ltr'><strong>obli-</strong></span> 
     </span>
     <span class='ocr_line' id='line_1_16' title="bbox 661 1747 2250 1823; baseline 0.003 -20"><span class='ocrx_word' id='word_1_111' title='bbox 661 1762 814 1821; x_wconf 88' lang='lat' dir='ltr'><strong>gare,</strong></span> <span class='ocrx_word' id='word_1_112' title='bbox 844 1747 995 1804; x_wconf 87' lang='lat' dir='ltr'><strong>etlta</strong></span> <span class='ocrx_word' id='word_1_113' title='bbox 1019 1749 1070 1802; x_wconf 91' lang='lat' dir='ltr'><strong>in</strong></span> <span class='ocrx_word' id='word_1_114' title='bbox 1100 1747 1202 1804; x_wconf 88' lang='lat' dir='ltr'><strong>hoc</strong></span> <span class='ocrx_word' id='word_1_115' title='bbox 1243 1755 1496 1806; x_wconf 88' lang='lat' dir='ltr'><strong>servetur</strong></span> <span class='ocrx_word' id='word_1_116' title='bbox 1539 1751 1706 1805; x_wconf 89' lang='lat' dir='ltr'><strong>maior</strong></span> <span class='ocrx_word' id='word_1_117' title='bbox 1745 1749 2074 1823; x_wconf 78' lang='lat' dir='ltr'><strong>aequalitas3</strong></span> <span class='ocrx_word' id='word_1_118' title='bbox 2117 1765 2250 1822; x_wconf 88' lang='lat' dir='ltr'><strong>ergo</strong></span> 
     </span>
     <span class='ocr_line' id='line_1_17' title="bbox 658 1839 2251 1910; baseline 0.001 -16"><span class='ocrx_word' id='word_1_119' title='bbox 658 1853 756 1910; x_wconf 89' lang='lat' dir='ltr'><strong>per</strong></span> <span class='ocrx_word' id='word_1_120' title='bbox 796 1844 1178 1910; x_wconf 79' lang='lat' dir='ltr'><strong>argumentum</strong></span> <span class='ocrx_word' id='word_1_121' title='bbox 1217 1854 1250 1894; x_wconf 86' lang='lat' dir='ltr'><strong>a</strong></span> <span class='ocrx_word' id='word_1_122' title='bbox 1289 1839 1596 1908; x_wconf 88' lang='lat' dir='ltr'><strong>contrario,</strong></span> <span class='ocrx_word' id='word_1_123' title='bbox 1627 1839 1671 1895; x_wconf 90' lang='lat' dir='ltr'><strong>si</strong></span> <span class='ocrx_word' id='word_1_124' title='bbox 1699 1853 1764 1895; x_wconf 88' lang='lat' dir='ltr'><strong>ex</strong></span> <span class='ocrx_word' id='word_1_125' title='bbox 1805 1839 1926 1896; x_wconf 88' lang='lat' dir='ltr'><strong>iure</strong></span> <span class='ocrx_word' id='word_1_126' title='bbox 1967 1841 2251 1896; x_wconf 90' lang='lat' dir='ltr'><strong>communi</strong></span> 
     </span>
     <span class='ocr_line' id='line_1_18' title="bbox 659 1927 2249 2002; baseline 0 -16"><span class='ocrx_word' id='word_1_127' title='bbox 659 1927 744 1986; x_wconf 80' lang='lat' dir='ltr'><strong>vel</strong></span> <span class='ocrx_word' id='word_1_128' title='bbox 765 1929 1044 1987; x_wconf 83' lang='lat' dir='ltr'><strong>voluntate</strong></span> <span class='ocrx_word' id='word_1_129' title='bbox 1066 1929 1324 2001; x_wconf 89' lang='lat' dir='ltr'><strong>principis</strong></span> <span class='ocrx_word' id='word_1_130' title='bbox 1346 1929 1494 1987; x_wconf 88' lang='lat' dir='ltr'><strong>nulla</strong></span> <span class='ocrx_word' id='word_1_131' title='bbox 1516 1929 1608 1986; x_wconf 84' lang='lat' dir='ltr'><strong>liat</strong></span> <span class='ocrx_word' id='word_1_132' title='bbox 1628 1930 1934 2002; x_wconf 79' lang='lat' dir='ltr'><strong>suspensio,</strong></span> <span class='ocrx_word' id='word_1_133' title='bbox 1958 1930 2043 1986; x_wconf 83' lang='lat' dir='ltr'><strong>vel</strong></span> <span class='ocrx_word' id='word_1_134' title='bbox 2067 1929 2249 2001; x_wconf 84' lang='lat' dir='ltr'><strong>deter-</strong></span> 
     </span>
     <span class='ocr_line' id='line_1_19' title="bbox 657 2019 2250 2095; baseline 0 -17"><span class='ocrx_word' id='word_1_135' title='bbox 657 2019 878 2078; x_wconf 85' lang='lat' dir='ltr'><strong>minatio</strong></span> <span class='ocrx_word' id='word_1_136' title='bbox 905 2021 1190 2091; x_wconf 86' lang='lat' dir='ltr'><strong>temporis,</strong></span> <span class='ocrx_word' id='word_1_137' title='bbox 1215 2020 1300 2077; x_wconf 77' lang='lat' dir='ltr'><strong>lex</strong></span> <span class='ocrx_word' id='word_1_138' title='bbox 1323 2021 1473 2091; x_wconf 89' lang='lat' dir='ltr'><strong>prius</strong></span> <span class='ocrx_word' id='word_1_139' title='bbox 1496 2020 1751 2095; x_wconf 83' lang='lat' dir='ltr'><strong>obligabit</strong></span> <span class='ocrx_word' id='word_1_140' title='bbox 1769 2019 2056 2094; x_wconf 88' lang='lat' dir='ltr'><strong>quosdam,</strong></span> <span class='ocrx_word' id='word_1_141' title='bbox 2082 2036 2250 2094; x_wconf 88' lang='lat' dir='ltr'><strong>quam</strong></span> 
     </span>
     <span class='ocr_line' id='line_1_20' title="bbox 660 2109 2250 2184; baseline 0.002 -18"><span class='ocrx_word' id='word_1_142' title='bbox 660 2110 816 2180; x_wconf 85' lang='lat' dir='ltr'><strong>alios,</strong></span> <span class='ocrx_word' id='word_1_143' title='bbox 865 2109 1074 2168; x_wconf 88' lang='lat' dir='ltr'><strong>scilicet</strong></span> <span class='ocrx_word' id='word_1_144' title='bbox 1113 2111 1549 2184; x_wconf 91' lang='lat' dir='ltr'><strong>propinquiores,</strong></span> <span class='ocrx_word' id='word_1_145' title='bbox 1594 2127 1758 2184; x_wconf 91' lang='lat' dir='ltr'><strong>quam</strong></span> <span class='ocrx_word' id='word_1_146' title='bbox 1800 2119 2061 2170; x_wconf 87' lang='lat' dir='ltr'><strong>remotos.</strong></span> <span class='ocrx_word' id='word_1_147' title='bbox 2090 2113 2250 2170; x_wconf 88' lang='lat' dir='ltr'><strong>Ratio</strong></span> 
     </span>
     <span class='ocr_line' id='line_1_21' title="bbox 661 2201 2248 2276; baseline 0.002 -19"><span class='ocrx_word' id='word_1_148' title='bbox 661 2206 846 2258; x_wconf 87' lang='lat' dir='ltr'><strong>autem</strong></span> <span class='ocrx_word' id='word_1_149' title='bbox 871 2209 976 2273; x_wconf 88' lang='lat' dir='ltr'><strong>est,</strong></span> <span class='ocrx_word' id='word_1_150' title='bbox 1009 2201 1132 2273; x_wconf 86' lang='lat' dir='ltr'><strong>quia</strong></span> <span class='ocrx_word' id='word_1_151' title='bbox 1157 2203 1309 2273; x_wconf 89' lang='lat' dir='ltr'><strong>prius</strong></span> <span class='ocrx_word' id='word_1_152' title='bbox 1329 2207 1414 2258; x_wconf 91' lang='lat' dir='ltr'><strong>est</strong></span> <span class='ocrx_word' id='word_1_153' title='bbox 1434 2202 1764 2260; x_wconf 81' lang='lat' dir='ltr'><strong>sufficienter</strong></span> <span class='ocrx_word' id='word_1_154' title='bbox 1783 2204 2128 2276; x_wconf 88' lang='lat' dir='ltr'><strong>promulgata</strong></span> <span class='ocrx_word' id='word_1_155' title='bbox 2148 2219 2248 2276; x_wconf 92' lang='lat' dir='ltr'><strong>pro</strong></span> 
     </span>
     <span class='ocr_line' id='line_1_22' title="bbox 660 2292 2252 2366; baseline 0.001 -18"><span class='ocrx_word' id='word_1_156' title='bbox 660 2292 886 2363; x_wconf 82' lang='lat' dir='ltr'><strong>vicinis,</strong></span> <span class='ocrx_word' id='word_1_157' title='bbox 914 2308 1012 2349; x_wconf 88' lang='lat' dir='ltr'><strong>seu</strong></span> <span class='ocrx_word' id='word_1_158' title='bbox 1045 2292 1450 2366; x_wconf 88' lang='lat' dir='ltr'><strong>praesentibus,</strong></span> <span class='ocrx_word' id='word_1_159' title='bbox 1479 2309 1646 2366; x_wconf 86' lang='lat' dir='ltr'><strong>quam</strong></span> <span class='ocrx_word' id='word_1_160' title='bbox 1675 2309 1774 2366; x_wconf 90' lang='lat' dir='ltr'><strong>pro</strong></span> <span class='ocrx_word' id='word_1_161' title='bbox 1800 2293 2147 2351; x_wconf 88' lang='lat' dir='ltr'><strong>distantibus.</strong></span> <span class='ocrx_word' id='word_1_162' title='bbox 2181 2294 2252 2351; x_wconf 87' lang='lat' dir='ltr'><strong>Et</strong></span> 
     </span>
     <span class='ocr_line' id='line_1_23' title="bbox 661 2381 2251 2459; baseline 0.001 -19"><span class='ocrx_word' id='word_1_163' title='bbox 661 2383 714 2440; x_wconf 90' lang='lat' dir='ltr'><strong>in</strong></span> <span class='ocrx_word' id='word_1_164' title='bbox 741 2381 933 2440; x_wconf 88' lang='lat' dir='ltr'><strong>eodem</strong></span> <span class='ocrx_word' id='word_1_165' title='bbox 961 2399 1126 2440; x_wconf 88' lang='lat' dir='ltr'><strong>sensu</strong></span> <span class='ocrx_word' id='word_1_166' title='bbox 1153 2383 1286 2440; x_wconf 80' lang='lat' dir='ltr'><strong>dixit</strong></span> <span class='ocrx_word' id='word_1_167' title='bbox 1303 2381 1508 2440; x_wconf 77' lang='lat' dir='ltr'><strong>Medina</strong></span> <span class='ocrx_word' id='word_1_168' title='bbox 1532 2400 1721 2459; x_wconf 88' lang='lat' dir='ltr'><strong>supra,</strong></span> <span class='ocrx_word' id='word_1_169' title='bbox 1747 2400 1906 2456; x_wconf 89' lang='lat' dir='ltr'><strong>posse</strong></span> <span class='ocrx_word' id='word_1_170' title='bbox 1935 2385 2106 2458; x_wconf 91' lang='lat' dir='ltr'><strong>legem</strong></span> <span class='ocrx_word' id='word_1_171' title='bbox 2127 2400 2251 2442; x_wconf 90' lang='lat' dir='ltr'><strong>esse</strong></span> 
     </span>
     <span class='ocr_line' id='line_1_24' title="bbox 660 2473 2253 2550; baseline 0.001 -20"><span class='ocrx_word' id='word_1_172' title='bbox 660 2475 995 2533; x_wconf 83' lang='lat' dir='ltr'><strong>sufficienter</strong></span> <span class='ocrx_word' id='word_1_173' title='bbox 1035 2474 1430 2548; x_wconf 82' lang='lat' dir='ltr'><strong>promulgatam</strong></span> <span class='ocrx_word' id='word_1_174' title='bbox 1468 2481 1723 2548; x_wconf 89' lang='lat' dir='ltr'><strong>respectu</strong></span> <span class='ocrx_word' id='word_1_175' title='bbox 1763 2473 2167 2550; x_wconf 88' lang='lat' dir='ltr'><strong>quorumdam,</strong></span> <span class='ocrx_word' id='word_1_176' title='bbox 2197 2482 2253 2532; x_wconf 94' lang='lat' dir='ltr'><strong>et</strong></span> 
     </span>
     <span class='ocr_line' id='line_1_25' title="bbox 658 2565 1997 2638; baseline 0 -16"><span class='ocrx_word' id='word_1_177' title='bbox 658 2572 912 2638; x_wconf 86' lang='lat' dir='ltr'><strong>respectu</strong></span> <span class='ocrx_word' id='word_1_178' title='bbox 941 2565 1174 2622; x_wconf 89' lang='lat' dir='ltr'><strong>aliorum</strong></span> <span class='ocrx_word' id='word_1_179' title='bbox 1205 2581 1310 2620; x_wconf 91' lang='lat' dir='ltr'><strong>non</strong></span> <span class='ocrx_word' id='word_1_180' title='bbox 1336 2579 1457 2622; x_wconf 92' lang='lat' dir='ltr'><strong>esse</strong></span> <span class='ocrx_word' id='word_1_181' title='bbox 1485 2565 1613 2622; x_wconf 91' lang='lat' dir='ltr'><strong>satis</strong></span> <span class='ocrx_word' id='word_1_182' title='bbox 1642 2565 1997 2636; x_wconf 89' lang='lat' dir='ltr'><strong>propositam.</strong></span> 
     </span>
    </p>

    <p class='ocr_par' dir='ltr' id='par_1_4' title="bbox 586 2653 2251 4083">
     <span class='ocr_line' id='line_1_26' title="bbox 752 2653 2248 2732; baseline 0.003 -22"><span class='ocrx_word' id='word_1_183' title='bbox 752 2658 839 2711; x_wconf 89' lang='lat'><strong>10.</strong></span> <span class='ocrx_word' id='word_1_184' title='bbox 869 2654 1072 2722; x_wconf 88' lang='lat' dir='ltr'><strong>Quarto</strong></span> <span class='ocrx_word' id='word_1_185' title='bbox 1099 2653 1291 2726; x_wconf 78' lang='lat' dir='ltr'><strong>infero,</strong></span> <span class='ocrx_word' id='word_1_186' title='bbox 1325 2661 1447 2728; x_wconf 89' lang='lat' dir='ltr'><strong>post</strong></span> <span class='ocrx_word' id='word_1_187' title='bbox 1472 2654 1720 2726; x_wconf 89' lang='lat' dir='ltr'><strong>elapsum</strong></span> <span class='ocrx_word' id='word_1_188' title='bbox 1741 2655 2012 2732; x_wconf 81' lang='lat' dir='ltr'><strong>sufficiens</strong></span> <span class='ocrx_word' id='word_1_189' title='bbox 2031 2662 2248 2728; x_wconf 87' lang='lat' dir='ltr'><strong>tempus</strong></span> 
     </span>
     <span class='ocr_line' id='line_1_27' title="bbox 659 2744 2251 2818; baseline 0.001 -16"><span class='ocrx_word' id='word_1_190' title='bbox 659 2761 692 2802; x_wconf 90' lang='lat' dir='ltr'><strong>a</strong></span> <span class='ocrx_word' id='word_1_191' title='bbox 717 2744 948 2802; x_wconf 86' lang='lat' dir='ltr'><strong>solemni</strong></span> <span class='ocrx_word' id='word_1_192' title='bbox 995 2745 1358 2817; x_wconf 86' lang='lat' dir='ltr'><strong>publicatione</strong></span> <span class='ocrx_word' id='word_1_193' title='bbox 1387 2744 1550 2817; x_wconf 88' lang='lat' dir='ltr'><strong>legis,</strong></span> <span class='ocrx_word' id='word_1_194' title='bbox 1583 2753 1646 2802; x_wconf 89' lang='lat' dir='ltr'><strong>ut</strong></span> <span class='ocrx_word' id='word_1_195' title='bbox 1672 2747 1791 2802; x_wconf 89' lang='lat' dir='ltr'><strong>eius</strong></span> <span class='ocrx_word' id='word_1_196' title='bbox 1817 2747 2006 2803; x_wconf 90' lang='lat' dir='ltr'><strong>notitia</strong></span> <span class='ocrx_word' id='word_1_197' title='bbox 2042 2762 2137 2818; x_wconf 90' lang='lat' dir='ltr'><strong>per</strong></span> <span class='ocrx_word' id='word_1_198' title='bbox 2168 2753 2251 2803; x_wconf 90' lang='lat' dir='ltr'><strong>to-</strong></span> 
     </span>
     <span class='ocr_line' id='line_1_28' title="bbox 662 2834 2251 2912; baseline 0.001 -19"><span class='ocrx_word' id='word_1_199' title='bbox 662 2842 780 2894; x_wconf 87' lang='lat' dir='ltr'><strong>tum</strong></span> <span class='ocrx_word' id='word_1_200' title='bbox 817 2837 1156 2894; x_wconf 85' lang='lat' dir='ltr'><strong>territorium</strong></span> <span class='ocrx_word' id='word_1_201' title='bbox 1189 2834 1460 2894; x_wconf 88' lang='lat' dir='ltr'><strong>moraliter</strong></span> <span class='ocrx_word' id='word_1_202' title='bbox 1486 2835 1852 2906; x_wconf 80' lang='lat' dir='ltr'><strong>diffundatur,</strong></span> <span class='ocrx_word' id='word_1_203' title='bbox 1883 2837 2133 2912; x_wconf 73' lang='lat' dir='ltr'><strong>absolute</strong></span> <span class='ocrx_word' id='word_1_204' title='bbox 2174 2837 2251 2894; x_wconf 93' lang='lat' dir='ltr'><strong>lo-</strong></span> 
     </span>
     <span class='ocr_line' id='line_1_29' title="bbox 659 2924 2249 3002; baseline 0.001 -20"><span class='ocrx_word' id='word_1_205' title='bbox 659 2924 876 2998; x_wconf 86' lang='lat' dir='ltr'><strong>quendo</strong></span> <span class='ocrx_word' id='word_1_206' title='bbox 903 2925 1108 2998; x_wconf 87' lang='lat' dir='ltr'><strong>obligat</strong></span> <span class='ocrx_word' id='word_1_207' title='bbox 1135 2925 1184 2981; x_wconf 89' lang='lat' dir='ltr'><strong>in</strong></span> <span class='ocrx_word' id='word_1_208' title='bbox 1217 2933 1330 2982; x_wconf 91' lang='lat' dir='ltr'><strong>toto</strong></span> <span class='ocrx_word' id='word_1_209' title='bbox 1361 2924 1473 2995; x_wconf 89' lang='lat' dir='ltr'><strong>illo,</strong></span> <span class='ocrx_word' id='word_1_210' title='bbox 1505 2932 1561 2983; x_wconf 88' lang='lat' dir='ltr'><strong>et</strong></span> <span class='ocrx_word' id='word_1_211' title='bbox 1587 2941 1775 2983; x_wconf 88' lang='lat' dir='ltr'><strong>omnes</strong></span> <span class='ocrx_word' id='word_1_212' title='bbox 1802 2924 1869 2983; x_wconf 93' lang='lat' dir='ltr'><strong>de</strong></span> <span class='ocrx_word' id='word_1_213' title='bbox 1898 2925 2008 3002; x_wconf 87' lang='lat' dir='ltr'><strong>illo,</strong></span> <span class='ocrx_word' id='word_1_214' title='bbox 2037 2928 2249 2984; x_wconf 89' lang='lat' dir='ltr'><strong>etiamsi</strong></span> 
     </span>
     <span class='ocr_line' id='line_1_30' title="bbox 658 3015 2248 3090; baseline 0.001 -18"><span class='ocrx_word' id='word_1_215' title='bbox 658 3015 891 3074; x_wconf 84' lang='lat' dir='ltr'><strong>sortasse</strong></span> <span class='ocrx_word' id='word_1_216' title='bbox 916 3016 1036 3072; x_wconf 87' lang='lat' dir='ltr'><strong>talis</strong></span> <span class='ocrx_word' id='word_1_217' title='bbox 1065 3017 1254 3072; x_wconf 90' lang='lat' dir='ltr'><strong>notitia</strong></span> <span class='ocrx_word' id='word_1_218' title='bbox 1279 3017 1348 3072; x_wconf 90' lang='lat' dir='ltr'><strong>ob</strong></span> <span class='ocrx_word' id='word_1_219' title='bbox 1378 3017 1640 3074; x_wconf 88' lang='lat' dir='ltr'><strong>incuriam</strong></span> <span class='ocrx_word' id='word_1_220' title='bbox 1669 3015 1974 3090; x_wconf 87' lang='lat' dir='ltr'><strong>hominum,</strong></span> <span class='ocrx_word' id='word_1_221' title='bbox 2001 3017 2084 3074; x_wconf 84' lang='lat' dir='ltr'><strong>vel</strong></span> <span class='ocrx_word' id='word_1_222' title='bbox 2111 3033 2248 3074; x_wconf 88' lang='lat' dir='ltr'><strong>casu</strong></span> 
     </span>
     <span class='ocr_line' id='line_1_31' title="bbox 586 3105 2249 3183; baseline 0.001 -20"><span class='ocrx_word' id='word_1_223' title='bbox 586 3123 593 3131; x_wconf 93' lang='lat'><em>·</em></span> <span class='ocrx_word' id='word_1_224' title='bbox 660 3107 843 3180; x_wconf 88' lang='lat' dir='ltr'><strong>aliquo</strong></span> <span class='ocrx_word' id='word_1_225' title='bbox 874 3105 938 3162; x_wconf 89' lang='lat' dir='ltr'><strong>ad</strong></span> <span class='ocrx_word' id='word_1_226' title='bbox 968 3105 1152 3178; x_wconf 90' lang='lat' dir='ltr'><strong>plures</strong></span> <span class='ocrx_word' id='word_1_227' title='bbox 1183 3105 1449 3181; x_wconf 88' lang='lat' dir='ltr'><strong>subditos,</strong></span> <span class='ocrx_word' id='word_1_228' title='bbox 1483 3107 1566 3164; x_wconf 81' lang='lat' dir='ltr'><strong>vel</strong></span> <span class='ocrx_word' id='word_1_229' title='bbox 1593 3107 1757 3166; x_wconf 86' lang='lat' dir='ltr'><strong>etiam</strong></span> <span class='ocrx_word' id='word_1_230' title='bbox 1777 3107 1844 3164; x_wconf 89' lang='lat' dir='ltr'><strong>ad</strong></span> <span class='ocrx_word' id='word_1_231' title='bbox 1867 3107 2104 3183; x_wconf 85' lang='lat' dir='ltr'><strong>aliquam</strong></span> <span class='ocrx_word' id='word_1_232' title='bbox 2123 3125 2249 3181; x_wconf 89' lang='lat' dir='ltr'><strong>par-</strong></span> 
     </span>
     <span class='ocr_line' id='line_1_32' title="bbox 659 3196 2249 3272; baseline 0.001 -19"><span class='ocrx_word' id='word_1_233' title='bbox 659 3205 768 3254; x_wconf 89' lang='lat' dir='ltr'><strong>tem</strong></span> <span class='ocrx_word' id='word_1_234' title='bbox 797 3196 1052 3254; x_wconf 88' lang='lat' dir='ltr'><strong>territorii</strong></span> <span class='ocrx_word' id='word_1_235' title='bbox 1081 3211 1186 3254; x_wconf 93' lang='lat' dir='ltr'><strong>non</strong></span> <span class='ocrx_word' id='word_1_236' title='bbox 1216 3197 1539 3269; x_wconf 85' lang='lat' dir='ltr'><strong>pervenerit.</strong></span> <span class='ocrx_word' id='word_1_237' title='bbox 1565 3197 1682 3255; x_wconf 86' lang='lat' dir='ltr'><strong>Hoc</strong></span> <span class='ocrx_word' id='word_1_238' title='bbox 1705 3198 1862 3270; x_wconf 89' lang='lat' dir='ltr'><strong>plane</strong></span> <span class='ocrx_word' id='word_1_239' title='bbox 1884 3197 2160 3272; x_wconf 81' lang='lat' dir='ltr'><strong>colligitur</strong></span> <span class='ocrx_word' id='word_1_240' title='bbox 2180 3213 2249 3254; x_wconf 87' lang='lat' dir='ltr'><strong>ex</strong></span> 
     </span>
     <span class='ocr_line' id='line_1_33' title="bbox 658 3285 2248 3362; baseline 0.001 -20"><span class='ocrx_word' id='word_1_241' title='bbox 658 3286 904 3344; x_wconf 87' lang='lat' dir='ltr'><strong>doctrina</strong></span> <span class='ocrx_word' id='word_1_242' title='bbox 931 3285 984 3343; x_wconf 89' lang='lat' dir='ltr'><strong>d.</strong></span> <span class='ocrx_word' id='word_1_243' title='bbox 1019 3285 1256 3343; x_wconf 88' lang='lat' dir='ltr'><strong>Thomae</strong></span> <span class='ocrx_word' id='word_1_244' title='bbox 1284 3302 1451 3359; x_wconf 88' lang='lat' dir='ltr'><strong>supra</strong></span> <span class='ocrx_word' id='word_1_245' title='bbox 1475 3288 1674 3362; x_wconf 87' lang='lat' dir='ltr'><strong>citata,</strong></span> <span class='ocrx_word' id='word_1_246' title='bbox 1705 3289 1835 3360; x_wconf 89' lang='lat' dir='ltr'><strong>quia</strong></span> <span class='ocrx_word' id='word_1_247' title='bbox 1875 3287 1942 3344; x_wconf 89' lang='lat' dir='ltr'><strong>ad</strong></span> <span class='ocrx_word' id='word_1_248' title='bbox 1970 3288 2248 3360; x_wconf 85' lang='lat' dir='ltr'><strong>obligatio·</strong></span> 
     </span>
     <span class='ocr_line' id='line_1_34' title="bbox 659 3376 2249 3450; baseline -0.001 -17"><span class='ocrx_word' id='word_1_249' title='bbox 659 3392 784 3434; x_wconf 88' lang='lat' dir='ltr'><strong>nem</strong></span> <span class='ocrx_word' id='word_1_250' title='bbox 815 3377 944 3450; x_wconf 88' lang='lat' dir='ltr'><strong>legis</strong></span> <span class='ocrx_word' id='word_1_251' title='bbox 976 3376 1150 3434; x_wconf 89' lang='lat' dir='ltr'><strong>solum</strong></span> <span class='ocrx_word' id='word_1_252' title='bbox 1193 3379 1451 3449; x_wconf 87' lang='lat' dir='ltr'><strong>requirit,</strong></span> <span class='ocrx_word' id='word_1_253' title='bbox 1486 3382 1546 3434; x_wconf 90' lang='lat' dir='ltr'><strong>ut</strong></span> <span class='ocrx_word' id='word_1_254' title='bbox 1581 3378 1769 3434; x_wconf 87' lang='lat' dir='ltr'><strong>notitia</strong></span> <span class='ocrx_word' id='word_1_255' title='bbox 1803 3378 1920 3433; x_wconf 88' lang='lat' dir='ltr'><strong>eius</strong></span> <span class='ocrx_word' id='word_1_256' title='bbox 1958 3377 2249 3450; x_wconf 87' lang='lat' dir='ltr'><strong>habeatur,</strong></span> 
     </span>
     <span class='ocr_line' id='line_1_35' title="bbox 661 3464 2250 3540; baseline 0.001 -18"><span class='ocrx_word' id='word_1_257' title='bbox 661 3466 746 3523; x_wconf 81' lang='lat' dir='ltr'><strong>vel</strong></span> <span class='ocrx_word' id='word_1_258' title='bbox 776 3465 950 3538; x_wconf 83' lang='lat' dir='ltr'><strong>possit</strong></span> <span class='ocrx_word' id='word_1_259' title='bbox 979 3465 1184 3540; x_wconf 89' lang='lat' dir='ltr'><strong>haberi,</strong></span> <span class='ocrx_word' id='word_1_260' title='bbox 1215 3465 1307 3523; x_wconf 91' lang='lat' dir='ltr'><strong>sed</strong></span> <span class='ocrx_word' id='word_1_261' title='bbox 1335 3465 1553 3540; x_wconf 91' lang='lat' dir='ltr'><strong>quando</strong></span> <span class='ocrx_word' id='word_1_262' title='bbox 1581 3467 1725 3524; x_wconf 81' lang='lat' dir='ltr'><strong>tacta</strong></span> <span class='ocrx_word' id='word_1_263' title='bbox 1751 3473 1836 3522; x_wconf 89' lang='lat' dir='ltr'><strong>est</strong></span> <span class='ocrx_word' id='word_1_264' title='bbox 1864 3464 2120 3523; x_wconf 88' lang='lat' dir='ltr'><strong>solemnis</strong></span> <span class='ocrx_word' id='word_1_265' title='bbox 2149 3483 2250 3539; x_wconf 88' lang='lat' dir='ltr'><strong>pu—</strong></span> 
     </span>
     <span class='ocr_line' id='line_1_36' title="bbox 658 3555 2249 3629; baseline 0 -15"><span class='ocrx_word' id='word_1_266' title='bbox 658 3556 908 3629; x_wconf 90' lang='lat' dir='ltr'><strong>blicatio,</strong></span> <span class='ocrx_word' id='word_1_267' title='bbox 938 3562 994 3614; x_wconf 88' lang='lat' dir='ltr'><strong>et</strong></span> <span class='ocrx_word' id='word_1_268' title='bbox 1022 3562 1234 3629; x_wconf 90' lang='lat' dir='ltr'><strong>tempus</strong></span> <span class='ocrx_word' id='word_1_269' title='bbox 1279 3555 1562 3613; x_wconf 87' lang='lat' dir='ltr'><strong>sufficiens</strong></span> <span class='ocrx_word' id='word_1_270' title='bbox 1599 3556 1844 3629; x_wconf 87' lang='lat' dir='ltr'><strong>elapsum</strong></span> <span class='ocrx_word' id='word_1_271' title='bbox 1881 3563 1998 3628; x_wconf 90' lang='lat' dir='ltr'><strong>est,</strong></span> <span class='ocrx_word' id='word_1_272' title='bbox 2029 3563 2249 3628; x_wconf 89' lang='lat' dir='ltr'><strong>poterat</strong></span> 
     </span>
     <span class='ocr_line' id='line_1_37' title="bbox 657 3645 2245 3723; baseline -0.001 -17"><span class='ocrx_word' id='word_1_273' title='bbox 657 3648 851 3706; x_wconf 88' lang='lat' dir='ltr'><strong>notitia</strong></span> <span class='ocrx_word' id='word_1_274' title='bbox 877 3648 1013 3723; x_wconf 89' lang='lat' dir='ltr'><strong>legis</strong></span> <span class='ocrx_word' id='word_1_275' title='bbox 1039 3647 1104 3704; x_wconf 89' lang='lat' dir='ltr'><strong>ad</strong></span> <span class='ocrx_word' id='word_1_276' title='bbox 1136 3663 1322 3704; x_wconf 87' lang='lat' dir='ltr'><strong>omnes</strong></span> <span class='ocrx_word' id='word_1_277' title='bbox 1345 3647 1659 3720; x_wconf 66' lang='lat' dir='ltr'><strong>pervenire,</strong></span> <span class='ocrx_word' id='word_1_278' title='bbox 1693 3661 1826 3721; x_wconf 90' lang='lat' dir='ltr'><strong>ergo</strong></span> <span class='ocrx_word' id='word_1_279' title='bbox 1854 3645 1959 3704; x_wconf 93' lang='lat' dir='ltr'><strong>hoc</strong></span> <span class='ocrx_word' id='word_1_280' title='bbox 1987 3649 2118 3703; x_wconf 87' lang='lat' dir='ltr'><strong>satis</strong></span> <span class='ocrx_word' id='word_1_281' title='bbox 2137 3654 2245 3720; x_wconf 85' lang='lat' dir='ltr'><strong>est,</strong></span> 
     </span>
     <span class='ocr_line' id='line_1_38' title="bbox 661 3737 2247 3812; baseline -0.001 -17"><span class='ocrx_word' id='word_1_282' title='bbox 661 3745 726 3796; x_wconf 88' lang='lat' dir='ltr'><strong>ut</strong></span> <span class='ocrx_word' id='word_1_283' title='bbox 752 3738 972 3812; x_wconf 86' lang='lat' dir='ltr'><strong>obliget,</strong></span> <span class='ocrx_word' id='word_1_284' title='bbox 998 3737 1123 3794; x_wconf 91' lang='lat' dir='ltr'><strong>licet</strong></span> <span class='ocrx_word' id='word_1_285' title='bbox 1142 3753 1276 3794; x_wconf 89' lang='lat' dir='ltr'><strong>casu</strong></span> <span class='ocrx_word' id='word_1_286' title='bbox 1297 3753 1402 3792; x_wconf 91' lang='lat' dir='ltr'><strong>non</strong></span> <span class='ocrx_word' id='word_1_287' title='bbox 1430 3738 1756 3809; x_wconf 83' lang='lat' dir='ltr'><strong>pervenerit.</strong></span> <span class='ocrx_word' id='word_1_288' title='bbox 1774 3737 2062 3794; x_wconf 89' lang='lat' dir='ltr'><strong>Praeterea</strong></span> <span class='ocrx_word' id='word_1_289' title='bbox 2081 3739 2135 3794; x_wconf 90' lang='lat' dir='ltr'><strong>in</strong></span> <span class='ocrx_word' id='word_1_290' title='bbox 2157 3737 2247 3794; x_wconf 88' lang='lat' dir='ltr'><strong>illo</strong></span> 
     </span>
     <span class='ocr_line' id='line_1_39' title="bbox 663 3827 2247 3900; baseline -0.003 -13"><span class='ocrx_word' id='word_1_291' title='bbox 663 3845 800 3888; x_wconf 89' lang='lat' dir='ltr'><strong>casu</strong></span> <span class='ocrx_word' id='word_1_292' title='bbox 830 3835 1012 3887; x_wconf 88' lang='lat' dir='ltr'><strong>cessat</strong></span> <span class='ocrx_word' id='word_1_293' title='bbox 1037 3829 1170 3886; x_wconf 89' lang='lat' dir='ltr'><strong>ratio</strong></span> <span class='ocrx_word' id='word_1_294' title='bbox 1199 3845 1232 3885; x_wconf 86' lang='lat' dir='ltr'><strong>a</strong></span> <span class='ocrx_word' id='word_1_295' title='bbox 1258 3827 1412 3884; x_wconf 88' lang='lat' dir='ltr'><strong>nobis</strong></span> <span class='ocrx_word' id='word_1_296' title='bbox 1431 3827 1599 3899; x_wconf 84' lang='lat' dir='ltr'><strong>sacta,</strong></span> <span class='ocrx_word' id='word_1_297' title='bbox 1622 3829 1754 3900; x_wconf 90' lang='lat' dir='ltr'><strong>quia</strong></span> <span class='ocrx_word' id='word_1_298' title='bbox 1773 3827 1964 3884; x_wconf 90' lang='lat' dir='ltr'><strong>notitia</strong></span> <span class='ocrx_word' id='word_1_299' title='bbox 1985 3827 2120 3900; x_wconf 87' lang='lat' dir='ltr'><strong>legis</strong></span> <span class='ocrx_word' id='word_1_300' title='bbox 2141 3843 2247 3883; x_wconf 89' lang='lat' dir='ltr'><strong>non</strong></span> 
     </span>
     <span class='ocr_line' id='line_1_40' title="bbox 662 3917 2249 3993; baseline -0.002 -15"><span class='ocrx_word' id='word_1_301' title='bbox 662 3929 750 3978; x_wconf 88' lang='lat' dir='ltr'><strong>est</strong></span> <span class='ocrx_word' id='word_1_302' title='bbox 770 3927 904 3978; x_wconf 88' lang='lat' dir='ltr'><strong>tunc</strong></span> <span class='ocrx_word' id='word_1_303' title='bbox 933 3935 1030 3991; x_wconf 91' lang='lat' dir='ltr'><strong>per</strong></span> <span class='ocrx_word' id='word_1_304' title='bbox 1058 3936 1116 3976; x_wconf 89' lang='lat' dir='ltr'><strong>se</strong></span> <span class='ocrx_word' id='word_1_305' title='bbox 1141 3928 1197 3977; x_wconf 92' lang='lat' dir='ltr'><strong>et</strong></span> <span class='ocrx_word' id='word_1_306' title='bbox 1223 3918 1463 3977; x_wconf 90' lang='lat' dir='ltr'><strong>humano</strong></span> <span class='ocrx_word' id='word_1_307' title='bbox 1493 3920 1656 3976; x_wconf 89' lang='lat' dir='ltr'><strong>modo</strong></span> <span class='ocrx_word' id='word_1_308' title='bbox 1692 3917 2068 3990; x_wconf 84' lang='lat' dir='ltr'><strong>impossibilis3</strong></span> <span class='ocrx_word' id='word_1_309' title='bbox 2103 3918 2249 3993; x_wconf 87' lang='lat' dir='ltr'><strong>leges</strong></span> 
     </span>
     <span class='ocr_line' id='line_1_41' title="bbox 665 4008 2244 4083; baseline -0.002 -14"><span class='ocrx_word' id='word_1_310' title='bbox 665 4019 850 4069; x_wconf 90' lang='lat' dir='ltr'><strong>autem</strong></span> <span class='ocrx_word' id='word_1_311' title='bbox 880 4027 990 4068; x_wconf 89' lang='lat' dir='ltr'><strong>non</strong></span> <span class='ocrx_word' id='word_1_312' title='bbox 1017 4009 1370 4067; x_wconf 86' lang='lat' dir='ltr'><strong>considerant</strong></span> <span class='ocrx_word' id='word_1_313' title='bbox 1395 4025 1488 4073; x_wconf 81' lang='lat' dir='ltr'><strong>ea,</strong></span> <span class='ocrx_word' id='word_1_314' title='bbox 1519 4025 1659 4083; x_wconf 90' lang='lat' dir='ltr'><strong>quae</strong></span> <span class='ocrx_word' id='word_1_315' title='bbox 1685 4026 1784 4082; x_wconf 88' lang='lat' dir='ltr'><strong>per</strong></span> <span class='ocrx_word' id='word_1_316' title='bbox 1812 4008 2067 4067; x_wconf 89' lang='lat' dir='ltr'><strong>accidens</strong></span> <span class='ocrx_word' id='word_1_317' title='bbox 2095 4017 2244 4067; x_wconf 91' lang='lat' dir='ltr'><strong>sunt.</strong></span> 
     </span>
    </p>

    <p class='ocr_par' dir='ltr' id='par_1_5' title="bbox 663 4098 2255 5357">
     <span class='ocr_line' id='line_1_42' title="bbox 748 4098 2251 4174; baseline -0.001 -14"><span class='ocrx_word' id='word_1_318' title='bbox 748 4106 832 4160; x_wconf 89' lang='lat'><strong>11.</strong></span> <span class='ocrx_word' id='word_1_319' title='bbox 859 4101 1050 4158; x_wconf 73' lang='lat' dir='ltr'><strong>Dicest</strong></span> <span class='ocrx_word' id='word_1_320' title='bbox 1074 4101 1330 4169; x_wconf 84' lang='lat' dir='ltr'><strong>Quamvis</strong></span> <span class='ocrx_word' id='word_1_321' title='bbox 1354 4100 1538 4157; x_wconf 89' lang='lat' dir='ltr'><strong>notitia</strong></span> <span class='ocrx_word' id='word_1_322' title='bbox 1562 4098 1693 4174; x_wconf 86' lang='lat' dir='ltr'><strong>legis</strong></span> <span class='ocrx_word' id='word_1_323' title='bbox 1713 4101 1952 4172; x_wconf 88' lang='lat' dir='ltr'><strong>potuerit</strong></span> <span class='ocrx_word' id='word_1_324' title='bbox 1972 4101 2251 4172; x_wconf 86' lang='lat' dir='ltr'><strong>pervenire</strong></span> 
     </span>
     <span class='ocr_line' id='line_1_43' title="bbox 663 4189 2253 4264; baseline -0.003 -14"><span class='ocrx_word' id='word_1_325' title='bbox 663 4191 731 4250; x_wconf 88' lang='lat' dir='ltr'><strong>ad</strong></span> <span class='ocrx_word' id='word_1_326' title='bbox 754 4200 934 4264; x_wconf 87' lang='lat' dir='ltr'><strong>partes</strong></span> <span class='ocrx_word' id='word_1_327' title='bbox 955 4197 1214 4262; x_wconf 84' lang='lat' dir='ltr'><strong>remotas,</strong></span> <span class='ocrx_word' id='word_1_328' title='bbox 1241 4190 1283 4246; x_wconf 91' lang='lat' dir='ltr'><strong>si</strong></span> <span class='ocrx_word' id='word_1_329' title='bbox 1305 4189 1371 4247; x_wconf 90' lang='lat' dir='ltr'><strong>de</strong></span> <span class='ocrx_word' id='word_1_330' title='bbox 1394 4189 1538 4246; x_wconf 84' lang='lat' dir='ltr'><strong>l&#39;acto</strong></span> <span class='ocrx_word' id='word_1_331' title='bbox 1559 4205 1665 4246; x_wconf 88' lang='lat' dir='ltr'><strong>non</strong></span> <span class='ocrx_word' id='word_1_332' title='bbox 1691 4191 1958 4262; x_wconf 77' lang='lat' dir='ltr'><strong>pervenit,</strong></span> <span class='ocrx_word' id='word_1_333' title='bbox 1983 4205 2089 4246; x_wconf 90' lang='lat' dir='ltr'><strong>non</strong></span> <span class='ocrx_word' id='word_1_334' title='bbox 2114 4189 2253 4247; x_wconf 91' lang='lat' dir='ltr'><strong>obli-</strong></span> 
     </span>
     <span class='ocr_line' id='line_1_44' title="bbox 663 4279 2252 4356; baseline -0.001 -17"><span class='ocrx_word' id='word_1_335' title='bbox 663 4289 764 4356; x_wconf 54' lang='lat' dir='ltr'><strong>gat⁴</strong></span> <span class='ocrx_word' id='word_1_336' title='bbox 783 4281 1032 4339; x_wconf 88' lang='lat' dir='ltr'><strong>subditos</strong></span> <span class='ocrx_word' id='word_1_337' title='bbox 1068 4280 1135 4337; x_wconf 91' lang='lat' dir='ltr'><strong>ibi</strong></span> <span class='ocrx_word' id='word_1_338' title='bbox 1162 4279 1495 4337; x_wconf 87' lang='lat' dir='ltr'><strong>habitantes:</strong></span> <span class='ocrx_word' id='word_1_339' title='bbox 1527 4281 1635 4336; x_wconf 89' lang='lat' dir='ltr'><strong>imo</strong></span> <span class='ocrx_word' id='word_1_340' title='bbox 1674 4281 1803 4337; x_wconf 87' lang='lat' dir='ltr'><strong>licet</strong></span> <span class='ocrx_word' id='word_1_341' title='bbox 1836 4280 1964 4338; x_wconf 88' lang='lat' dir='ltr'><strong>illuc</strong></span> <span class='ocrx_word' id='word_1_342' title='bbox 1993 4296 2252 4354; x_wconf 87' lang='lat' dir='ltr'><strong>pervene-</strong></span> 
     </span>
     <span class='ocr_line' id='line_1_45' title="bbox 663 4371 2246 4444; baseline -0.003 -14"><span class='ocrx_word' id='word_1_343' title='bbox 663 4375 756 4444; x_wconf 84' lang='lat' dir='ltr'><strong>rit,</strong></span> <span class='ocrx_word' id='word_1_344' title='bbox 789 4387 893 4429; x_wconf 90' lang='lat' dir='ltr'><strong>noa</strong></span> <span class='ocrx_word' id='word_1_345' title='bbox 927 4379 1105 4428; x_wconf 88' lang='lat' dir='ltr'><strong>tamen</strong></span> <span class='ocrx_word' id='word_1_346' title='bbox 1134 4371 1202 4427; x_wconf 88' lang='lat' dir='ltr'><strong>ad</strong></span> <span class='ocrx_word' id='word_1_347' title='bbox 1229 4384 1416 4426; x_wconf 90' lang='lat' dir='ltr'><strong>omnes</strong></span> <span class='ocrx_word' id='word_1_348' title='bbox 1445 4385 1730 4442; x_wconf 85' lang='lat' dir='ltr'><strong>personas,</strong></span> <span class='ocrx_word' id='word_1_349' title='bbox 1762 4385 1870 4426; x_wconf 91' lang='lat' dir='ltr'><strong>non</strong></span> <span class='ocrx_word' id='word_1_350' title='bbox 1897 4371 2101 4444; x_wconf 89' lang='lat' dir='ltr'><strong>obligat</strong></span> <span class='ocrx_word' id='word_1_351' title='bbox 2127 4386 2246 4442; x_wconf 87' lang='lat' dir='ltr'><strong>eos,</strong></span> 
     </span>
     <span class='ocr_line' id='line_1_46' title="bbox 665 4459 2248 4536; baseline -0.001 -16"><span class='ocrx_word' id='word_1_352' title='bbox 665 4464 759 4536; x_wconf 89' lang='lat' dir='ltr'><strong>qui</strong></span> <span class='ocrx_word' id='word_1_353' title='bbox 789 4461 918 4519; x_wconf 89' lang='lat' dir='ltr'><strong>nihil</strong></span> <span class='ocrx_word' id='word_1_354' title='bbox 946 4459 1014 4518; x_wconf 91' lang='lat' dir='ltr'><strong>de</strong></span> <span class='ocrx_word' id='word_1_355' title='bbox 1039 4476 1105 4518; x_wconf 90' lang='lat' dir='ltr'><strong>ea</strong></span> <span class='ocrx_word' id='word_1_356' title='bbox 1130 4459 1420 4518; x_wconf 89' lang='lat' dir='ltr'><strong>audierunt</strong></span> <span class='ocrx_word' id='word_1_357' title='bbox 1445 4461 1559 4518; x_wconf 89' lang='lat' dir='ltr'><strong>sine</strong></span> <span class='ocrx_word' id='word_1_358' title='bbox 1598 4463 1847 4534; x_wconf 87' lang='lat' dir='ltr'><strong>ipsorum</strong></span> <span class='ocrx_word' id='word_1_359' title='bbox 1889 4460 2084 4532; x_wconf 72' lang='lat' dir='ltr'><strong>culpa,</strong></span> <span class='ocrx_word' id='word_1_360' title='bbox 2117 4475 2248 4536; x_wconf 91' lang='lat' dir='ltr'><strong>ergo</strong></span> 
     </span>
     <span class='ocr_line' id='line_1_47' title="bbox 665 4551 2251 4626; baseline -0.003 -14"><span class='ocrx_word' id='word_1_361' title='bbox 665 4570 774 4612; x_wconf 90' lang='lat' dir='ltr'><strong>non</strong></span> <span class='ocrx_word' id='word_1_362' title='bbox 800 4555 932 4611; x_wconf 88' lang='lat' dir='ltr'><strong>satis</strong></span> <span class='ocrx_word' id='word_1_363' title='bbox 953 4558 1039 4609; x_wconf 87' lang='lat' dir='ltr'><strong>est</strong></span> <span class='ocrx_word' id='word_1_364' title='bbox 1059 4555 1302 4626; x_wconf 88' lang='lat' dir='ltr'><strong>potuisse</strong></span> <span class='ocrx_word' id='word_1_365' title='bbox 1325 4553 1603 4626; x_wconf 86' lang='lat' dir='ltr'><strong>pervenire</strong></span> <span class='ocrx_word' id='word_1_366' title='bbox 1625 4552 1869 4609; x_wconf 85' lang='lat' dir='ltr'><strong>notitiam</strong></span> <span class='ocrx_word' id='word_1_367' title='bbox 1894 4551 2028 4626; x_wconf 90' lang='lat' dir='ltr'><strong>legis</strong></span> <span class='ocrx_word' id='word_1_368' title='bbox 2045 4551 2112 4609; x_wconf 92' lang='lat' dir='ltr'><strong>ad</strong></span> <span class='ocrx_word' id='word_1_369' title='bbox 2128 4568 2251 4624; x_wconf 87' lang='lat' dir='ltr'><strong>par-</strong></span> 
     </span>
     <span class='ocr_line' id='line_1_48' title="bbox 667 4641 2247 4718; baseline -0.002 -16"><span class='ocrx_word' id='word_1_370' title='bbox 667 4653 748 4703; x_wconf 89' lang='lat' dir='ltr'><strong>tes</strong></span> <span class='ocrx_word' id='word_1_371' title='bbox 769 4645 910 4718; x_wconf 88' lang='lat' dir='ltr'><strong>illas,</strong></span> <span class='ocrx_word' id='word_1_372' title='bbox 937 4643 1022 4702; x_wconf 84' lang='lat' dir='ltr'><strong>vel</strong></span> <span class='ocrx_word' id='word_1_373' title='bbox 1051 4643 1116 4702; x_wconf 91' lang='lat' dir='ltr'><strong>ad</strong></span> <span class='ocrx_word' id='word_1_374' title='bbox 1140 4658 1422 4718; x_wconf 87' lang='lat' dir='ltr'><strong>personas,</strong></span> <span class='ocrx_word' id='word_1_375' title='bbox 1447 4644 1545 4700; x_wconf 89' lang='lat' dir='ltr'><strong>nisi</strong></span> <span class='ocrx_word' id='word_1_376' title='bbox 1568 4643 1891 4716; x_wconf 86' lang='lat' dir='ltr'><strong>pervenerit.</strong></span> <span class='ocrx_word' id='word_1_377' title='bbox 1909 4641 2247 4700; x_wconf 79' lang='lat' dir='ltr'><strong>Antecedens</strong></span> 
     </span>
     <span class='ocr_line' id='line_1_49' title="bbox 669 4731 2253 4810; baseline -0.004 -15"><span class='ocrx_word' id='word_1_378' title='bbox 669 4745 837 4810; x_wconf 86' lang='lat' dir='ltr'><strong>patet,</strong></span> <span class='ocrx_word' id='word_1_379' title='bbox 867 4736 996 4810; x_wconf 88' lang='lat' dir='ltr'><strong>quia</strong></span> <span class='ocrx_word' id='word_1_380' title='bbox 1023 4736 1096 4793; x_wconf 93' lang='lat' dir='ltr'><strong>illi</strong></span> <span class='ocrx_word' id='word_1_381' title='bbox 1124 4751 1230 4792; x_wconf 90' lang='lat' dir='ltr'><strong>non</strong></span> <span class='ocrx_word' id='word_1_382' title='bbox 1261 4742 1492 4808; x_wconf 91' lang='lat' dir='ltr'><strong>peccant</strong></span> <span class='ocrx_word' id='word_1_383' title='bbox 1533 4751 1641 4791; x_wconf 90' lang='lat' dir='ltr'><strong>non</strong></span> <span class='ocrx_word' id='word_1_384' title='bbox 1679 4732 1946 4791; x_wconf 85' lang='lat' dir='ltr'><strong>servando</strong></span> <span class='ocrx_word' id='word_1_385' title='bbox 1984 4731 2146 4791; x_wconf 91' lang='lat' dir='ltr'><strong>talem</strong></span> <span class='ocrx_word' id='word_1_386' title='bbox 2178 4732 2253 4790; x_wconf 90' lang='lat' dir='ltr'><strong>le·</strong></span> 
     </span>
     <span class='ocr_line' id='line_1_50' title="bbox 668 4827 2245 4901; baseline -0.001 -17"><span class='ocrx_word' id='word_1_387' title='bbox 668 4843 825 4901; x_wconf 85' lang='lat' dir='ltr'><strong>gem,</strong></span> <span class='ocrx_word' id='word_1_388' title='bbox 859 4834 916 4883; x_wconf 92' lang='lat' dir='ltr'><strong>et</strong></span> <span class='ocrx_word' id='word_1_389' title='bbox 940 4833 1336 4899; x_wconf 86' lang='lat' dir='ltr'><strong>consequenter</strong></span> <span class='ocrx_word' id='word_1_390' title='bbox 1371 4841 1478 4882; x_wconf 90' lang='lat' dir='ltr'><strong>non</strong></span> <span class='ocrx_word' id='word_1_391' title='bbox 1515 4827 1813 4883; x_wconf 90' lang='lat' dir='ltr'><strong>incurrunt</strong></span> <span class='ocrx_word' id='word_1_392' title='bbox 1849 4841 2076 4898; x_wconf 88' lang='lat' dir='ltr'><strong>poenam</strong></span> <span class='ocrx_word' id='word_1_393' title='bbox 2103 4827 2245 4899; x_wconf 85' lang='lat' dir='ltr'><strong>eius;</strong></span> 
     </span>
     <span class='ocr_line' id='line_1_51' title="bbox 669 4915 2253 4992; baseline -0.003 -16"><span class='ocrx_word' id='word_1_394' title='bbox 669 4934 801 4992; x_wconf 87' lang='lat' dir='ltr'><strong>ergo</strong></span> <span class='ocrx_word' id='word_1_395' title='bbox 827 4933 932 4976; x_wconf 88' lang='lat' dir='ltr'><strong>non</strong></span> <span class='ocrx_word' id='word_1_396' title='bbox 959 4916 1268 4991; x_wconf 87' lang='lat' dir='ltr'><strong>obligantur</strong></span> <span class='ocrx_word' id='word_1_397' title='bbox 1300 4916 1434 4990; x_wconf 90' lang='lat' dir='ltr'><strong>lege.</strong></span> <span class='ocrx_word' id='word_1_398' title='bbox 1453 4916 1496 4973; x_wconf 91' lang='lat' dir='ltr'>E</span> <span class='ocrx_word' id='word_1_399' title='bbox 1523 4932 1788 4973; x_wconf 87' lang='lat' dir='ltr'><strong>converso</strong></span> <span class='ocrx_word' id='word_1_400' title='bbox 1818 4921 2000 4973; x_wconf 86' lang='lat' dir='ltr'><strong>autem</strong></span> <span class='ocrx_word' id='word_1_401' title='bbox 2025 4917 2069 4972; x_wconf 91' lang='lat' dir='ltr'><strong>si</strong></span> <span class='ocrx_word' id='word_1_402' title='bbox 2089 4915 2253 4972; x_wconf 89' lang='lat' dir='ltr'><strong>modo</strong></span> 
     </span>
     <span class='ocr_line' id='line_1_52' title="bbox 671 5005 2254 5082; baseline -0.003 -14"><span class='ocrx_word' id='word_1_403' title='bbox 671 5009 854 5082; x_wconf 86' lang='lat' dir='ltr'><strong>aliquo</strong></span> <span class='ocrx_word' id='word_1_404' title='bbox 881 5006 1349 5081; x_wconf 82' lang='lat' dir='ltr'><strong>extraordinario,</strong></span> <span class='ocrx_word' id='word_1_405' title='bbox 1381 5014 1443 5064; x_wconf 91' lang='lat' dir='ltr'><strong>ut</strong></span> <span class='ocrx_word' id='word_1_406' title='bbox 1472 5021 1569 5080; x_wconf 88' lang='lat' dir='ltr'><strong>per</strong></span> <span class='ocrx_word' id='word_1_407' title='bbox 1591 5005 1814 5081; x_wconf 86' lang='lat' dir='ltr'><strong>angelos</strong></span> <span class='ocrx_word' id='word_1_408' title='bbox 1843 5007 2016 5064; x_wconf 88' lang='lat' dir='ltr'><strong>malos</strong></span> <span class='ocrx_word' id='word_1_409' title='bbox 2046 5006 2129 5062; x_wconf 83' lang='lat' dir='ltr'><strong>vel</strong></span> <span class='ocrx_word' id='word_1_410' title='bbox 2158 5006 2254 5064; x_wconf 89' lang='lat' dir='ltr'><strong>bo-</strong></span> 
     </span>
     <span class='ocr_line' id='line_1_53' title="bbox 671 5096 2253 5172; baseline -0.001 -16"><span class='ocrx_word' id='word_1_411' title='bbox 671 5115 796 5170; x_wconf 89' lang='lat' dir='ltr'><strong>nos,</strong></span> <span class='ocrx_word' id='word_1_412' title='bbox 826 5099 1016 5172; x_wconf 89' lang='lat' dir='ltr'><strong>aliquis</strong></span> <span class='ocrx_word' id='word_1_413' title='bbox 1051 5098 1290 5156; x_wconf 85' lang='lat' dir='ltr'><strong>existens</strong></span> <span class='ocrx_word' id='word_1_414' title='bbox 1315 5099 1368 5154; x_wconf 90' lang='lat' dir='ltr'><strong>in</strong></span> <span class='ocrx_word' id='word_1_415' title='bbox 1401 5096 1548 5155; x_wconf 86' lang='lat' dir='ltr'><strong>india</strong></span> <span class='ocrx_word' id='word_1_416' title='bbox 1584 5099 1780 5167; x_wconf 88' lang='lat' dir='ltr'><strong>sciret,</strong></span> <span class='ocrx_word' id='word_1_417' title='bbox 1810 5097 2002 5156; x_wconf 85' lang='lat' dir='ltr'><strong>eodem</strong></span> <span class='ocrx_word' id='word_1_418' title='bbox 2045 5096 2130 5155; x_wconf 89' lang='lat' dir='ltr'><strong>die</strong></span> <span class='ocrx_word' id='word_1_419' title='bbox 2169 5097 2253 5154; x_wconf 84' lang='lat' dir='ltr'><strong>vel</strong></span> 
     </span>
     <span class='ocr_line' id='line_1_54' title="bbox 671 5187 2255 5263; baseline -0.001 -17"><span class='ocrx_word' id='word_1_420' title='bbox 671 5203 855 5247; x_wconf 89' lang='lat' dir='ltr'><strong>mense</strong></span> <span class='ocrx_word' id='word_1_421' title='bbox 882 5189 1056 5261; x_wconf 88' lang='lat' dir='ltr'><strong>legem</strong></span> <span class='ocrx_word' id='word_1_422' title='bbox 1085 5187 1712 5263; x_wconf 71' lang='lat' dir='ltr'><strong>promulgatamuatriti,</strong></span> <span class='ocrx_word' id='word_1_423' title='bbox 1743 5187 1960 5245; x_wconf 88' lang='lat' dir='ltr'><strong>seclusa</strong></span> <span class='ocrx_word' id='word_1_424' title='bbox 1988 5189 2134 5246; x_wconf 90' lang='lat' dir='ltr'><strong>omni</strong></span> <span class='ocrx_word' id='word_1_425' title='bbox 2159 5187 2255 5245; x_wconf 90' lang='lat' dir='ltr'><strong>de-</strong></span> 
     </span>
     <span class='ocr_line' id='line_1_55' title="bbox 673 5276 2255 5357; baseline -0.001 -17"><span class='ocrx_word' id='word_1_426' title='bbox 673 5281 1050 5340; x_wconf 85' lang='lat' dir='ltr'><strong>terminatione</strong></span> <span class='ocrx_word' id='word_1_427' title='bbox 1085 5280 1347 5357; x_wconf 86' lang='lat' dir='ltr'><strong>positiva,</strong></span> <span class='ocrx_word' id='word_1_428' title='bbox 1377 5277 1710 5354; x_wconf 83' lang='lat' dir='ltr'><strong>obligaretur</strong></span> <span class='ocrx_word' id='word_1_429' title='bbox 1744 5276 1837 5336; x_wconf 89' lang='lat' dir='ltr'><strong>illa</strong></span> <span class='ocrx_word' id='word_1_430' title='bbox 1863 5277 2013 5353; x_wconf 87' lang='lat' dir='ltr'><strong>lege,</strong></span> <span class='ocrx_word' id='word_1_431' title='bbox 2041 5286 2099 5338; x_wconf 91' lang='lat' dir='ltr'><strong>et</strong></span> <span class='ocrx_word' id='word_1_432' title='bbox 2125 5295 2255 5354; x_wconf 88' lang='lat' dir='ltr'><strong>pec-</strong></span> 
     </span>
    </p>
   </div>
   <div class='ocr_carea' id='block_1_3' title="bbox 2121 362 2459 412">
    <p class='ocr_par' dir='ltr' id='par_1_6' title="bbox 2121 362 2459 412">
     <span class='ocr_line' id='line_1_56' title="bbox 2121 362 2459 412; baseline -0.003 -2"><span class='ocrx_word' id='word_1_433' title='bbox 2121 362 2325 412; x_wconf 73' lang='lat' dir='ltr'>LIBER</span> <span class='ocrx_word' id='word_1_434' title='bbox 2352 363 2459 411; x_wconf 86' lang='lat'><strong>111.</strong></span> 
     </span>
    </p>
   </div>
   <div class='ocr_carea' id='block_1_4' title="bbox 2316 485 3929 5258">
    <p class='ocr_par' dir='ltr' id='par_1_7' title="bbox 2321 485 3927 1448">
     <span class='ocr_line' id='line_1_57' title="bbox 2324 485 3927 560; baseline 0 -16"><span class='ocrx_word' id='word_1_435' title='bbox 2324 491 2479 544; x_wconf 90' lang='lat' dir='ltr'><strong>caret</strong></span> <span class='ocrx_word' id='word_1_436' title='bbox 2504 485 2754 544; x_wconf 81' lang='lat' dir='ltr'><strong>violando</strong></span> <span class='ocrx_word' id='word_1_437' title='bbox 2781 485 2943 554; x_wconf 85' lang='lat' dir='ltr'><strong>illam3</strong></span> <span class='ocrx_word' id='word_1_438' title='bbox 2968 501 3102 558; x_wconf 90' lang='lat' dir='ltr'><strong>ergo</strong></span> <span class='ocrx_word' id='word_1_439' title='bbox 3132 486 3310 542; x_wconf 88' lang='lat' dir='ltr'><strong>statim</strong></span> <span class='ocrx_word' id='word_1_440' title='bbox 3334 501 3367 542; x_wconf 88' lang='lat' dir='ltr'><strong>a</strong></span> <span class='ocrx_word' id='word_1_441' title='bbox 3396 485 3661 560; x_wconf 85' lang='lat' dir='ltr'><strong>principio</strong></span> <span class='ocrx_word' id='word_1_442' title='bbox 3690 493 3778 544; x_wconf 88' lang='lat' dir='ltr'><strong>est</strong></span> <span class='ocrx_word' id='word_1_443' title='bbox 3806 487 3927 544; x_wconf 79' lang='lat' dir='ltr'><strong>sus-</strong></span> 
     </span>
     <span class='ocr_line' id='line_1_58' title="bbox 2326 575 3927 650; baseline 0.001 -17"><span class='ocrx_word' id='word_1_444' title='bbox 2326 576 2516 633; x_wconf 82' lang='lat' dir='ltr'><strong>ficiens</strong></span> <span class='ocrx_word' id='word_1_445' title='bbox 2546 579 2717 633; x_wconf 84' lang='lat' dir='ltr'><strong>virtus</strong></span> <span class='ocrx_word' id='word_1_446' title='bbox 2756 591 2819 634; x_wconf 75' lang='lat' dir='ltr'><strong>ex</strong></span> <span class='ocrx_word' id='word_1_447' title='bbox 2851 581 2999 647; x_wconf 86' lang='lat' dir='ltr'><strong>parte</strong></span> <span class='ocrx_word' id='word_1_448' title='bbox 3032 575 3165 648; x_wconf 89' lang='lat' dir='ltr'><strong>legis</strong></span> <span class='ocrx_word' id='word_1_449' title='bbox 3193 575 3261 632; x_wconf 89' lang='lat' dir='ltr'><strong>ad</strong></span> <span class='ocrx_word' id='word_1_450' title='bbox 3290 575 3640 648; x_wconf 88' lang='lat' dir='ltr'><strong>obligandum</strong></span> <span class='ocrx_word' id='word_1_451' title='bbox 3678 577 3927 650; x_wconf 88' lang='lat' dir='ltr'><strong>aequali·</strong></span> 
     </span>
     <span class='ocr_line' id='line_1_59' title="bbox 2325 665 3926 739; baseline 0.001 -16"><span class='ocrx_word' id='word_1_452' title='bbox 2325 675 2409 724; x_wconf 89' lang='lat' dir='ltr'><strong>ter</strong></span> <span class='ocrx_word' id='word_1_453' title='bbox 2440 667 2493 723; x_wconf 87' lang='lat' dir='ltr'><strong>in</strong></span> <span class='ocrx_word' id='word_1_454' title='bbox 2525 673 2760 739; x_wconf 86' lang='lat' dir='ltr'><strong>utroque</strong></span> <span class='ocrx_word' id='word_1_455' title='bbox 2788 681 2943 737; x_wconf 89' lang='lat' dir='ltr'><strong>casu,</strong></span> <span class='ocrx_word' id='word_1_456' title='bbox 2976 667 3021 722; x_wconf 89' lang='lat' dir='ltr'><strong>si</strong></span> <span class='ocrx_word' id='word_1_457' title='bbox 3049 674 3174 737; x_wconf 87' lang='lat' dir='ltr'><strong>post</strong></span> <span class='ocrx_word' id='word_1_458' title='bbox 3202 665 3625 738; x_wconf 84' lang='lat' dir='ltr'><strong>publicationem</strong></span> <span class='ocrx_word' id='word_1_459' title='bbox 3654 666 3926 724; x_wconf 86' lang='lat' dir='ltr'><strong>habeatur</strong></span> 
     </span>
     <span class='ocr_line' id='line_1_60' title="bbox 2328 757 3927 831; baseline 0 -17"><span class='ocrx_word' id='word_1_460' title='bbox 2328 759 2551 830; x_wconf 88' lang='lat' dir='ltr'><strong>notitia,</strong></span> <span class='ocrx_word' id='word_1_461' title='bbox 2582 757 2875 831; x_wconf 87' lang='lat' dir='ltr'><strong>solumque</strong></span> <span class='ocrx_word' id='word_1_462' title='bbox 2905 758 3009 814; x_wconf 91' lang='lat' dir='ltr'><strong>erit</strong></span> <span class='ocrx_word' id='word_1_463' title='bbox 3036 757 3367 831; x_wconf 78' lang='lat' dir='ltr'><strong>differentia,</strong></span> <span class='ocrx_word' id='word_1_464' title='bbox 3399 759 3527 831; x_wconf 89' lang='lat' dir='ltr'><strong>quia</strong></span> <span class='ocrx_word' id='word_1_465' title='bbox 3564 759 3617 814; x_wconf 90' lang='lat' dir='ltr'><strong>in</strong></span> <span class='ocrx_word' id='word_1_466' title='bbox 3648 757 3756 814; x_wconf 86' lang='lat' dir='ltr'><strong>hoc</strong></span> <span class='ocrx_word' id='word_1_467' title='bbox 3786 766 3927 815; x_wconf 89' lang='lat' dir='ltr'><strong>tem-</strong></span> 
     </span>
     <span class='ocr_line' id='line_1_61' title="bbox 2324 846 3923 920; baseline 0.001 -18"><span class='ocrx_word' id='word_1_468' title='bbox 2324 862 2456 920; x_wconf 89' lang='lat' dir='ltr'><strong>pore</strong></span> <span class='ocrx_word' id='word_1_469' title='bbox 2484 847 2721 903; x_wconf 84' lang='lat' dir='ltr'><strong>breviori</strong></span> <span class='ocrx_word' id='word_1_470' title='bbox 2747 855 2832 904; x_wconf 86' lang='lat' dir='ltr'><strong>est</strong></span> <span class='ocrx_word' id='word_1_471' title='bbox 2858 846 3215 920; x_wconf 79' lang='lat' dir='ltr'><strong>frequentior,</strong></span> <span class='ocrx_word' id='word_1_472' title='bbox 3247 862 3311 904; x_wconf 91' lang='lat' dir='ltr'><strong>ac</strong></span> <span class='ocrx_word' id='word_1_473' title='bbox 3340 847 3494 920; x_wconf 88' lang='lat' dir='ltr'><strong>quasi</strong></span> <span class='ocrx_word' id='word_1_474' title='bbox 3523 863 3619 918; x_wconf 86' lang='lat' dir='ltr'><strong>per</strong></span> <span class='ocrx_word' id='word_1_475' title='bbox 3651 847 3708 904; x_wconf 85' lang='lat' dir='ltr'><strong>s‘e</strong></span> <span class='ocrx_word' id='word_1_476' title='bbox 3728 863 3923 905; x_wconf 88' lang='lat' dir='ltr'><strong>neces·</strong></span> 
     </span>
     <span class='ocr_line' id='line_1_62' title="bbox 2323 937 3921 1010; baseline 0.003 -20"><span class='ocrx_word' id='word_1_477' title='bbox 2323 937 2470 992; x_wconf 84' lang='lat' dir='ltr'><strong>saria</strong></span> <span class='ocrx_word' id='word_1_478' title='bbox 2490 939 2801 1008; x_wconf 68' lang='lat' dir='ltr'><strong>excusatio,</strong></span> <span class='ocrx_word' id='word_1_479' title='bbox 2834 939 2885 992; x_wconf 91' lang='lat' dir='ltr'><strong>in</strong></span> <span class='ocrx_word' id='word_1_480' title='bbox 2910 937 3013 993; x_wconf 88' lang='lat' dir='ltr'><strong>alio</strong></span> <span class='ocrx_word' id='word_1_481' title='bbox 3045 952 3171 994; x_wconf 81' lang='lat' dir='ltr'><strong>vero</strong></span> <span class='ocrx_word' id='word_1_482' title='bbox 3194 943 3280 993; x_wconf 90' lang='lat' dir='ltr'><strong>est</strong></span> <span class='ocrx_word' id='word_1_483' title='bbox 3300 952 3397 1009; x_wconf 91' lang='lat' dir='ltr'><strong>per</strong></span> <span class='ocrx_word' id='word_1_484' title='bbox 3418 937 3671 994; x_wconf 89' lang='lat' dir='ltr'><strong>accidens</strong></span> <span class='ocrx_word' id='word_1_485' title='bbox 3690 945 3748 994; x_wconf 91' lang='lat' dir='ltr'><strong>et</strong></span> <span class='ocrx_word' id='word_1_486' title='bbox 3773 954 3921 1010; x_wconf 87' lang='lat' dir='ltr'><strong>rara,</strong></span> 
     </span>
     <span class='ocr_line' id='line_1_63' title="bbox 2322 1025 3926 1102; baseline 0.002 -20"><span class='ocrx_word' id='word_1_487' title='bbox 2322 1033 2377 1082; x_wconf 92' lang='lat' dir='ltr'><strong>et</strong></span> <span class='ocrx_word' id='word_1_488' title='bbox 2416 1025 2533 1082; x_wconf 90' lang='lat' dir='ltr'><strong>ideo</strong></span> <span class='ocrx_word' id='word_1_489' title='bbox 2574 1029 2677 1084; x_wconf 89' lang='lat' dir='ltr'><strong>erit</strong></span> <span class='ocrx_word' id='word_1_490' title='bbox 2706 1025 3004 1084; x_wconf 77' lang='lat' dir='ltr'><strong>differentia</strong></span> <span class='ocrx_word' id='word_1_491' title='bbox 3033 1026 3216 1100; x_wconf 90' lang='lat' dir='ltr'><strong>quoad</strong></span> <span class='ocrx_word' id='word_1_492' title='bbox 3244 1028 3423 1085; x_wconf 76' lang='lat' dir='ltr'><strong>sorum</strong></span> <span class='ocrx_word' id='word_1_493' title='bbox 3450 1031 3763 1100; x_wconf 78' lang='lat' dir='ltr'><strong>externum,</strong></span> <span class='ocrx_word' id='word_1_494' title='bbox 3793 1031 3926 1102; x_wconf 87' lang='lat' dir='ltr'><strong>quia</strong></span> 
     </span>
     <span class='ocr_line' id='line_1_64' title="bbox 2323 1116 3926 1192; baseline 0.001 -19"><span class='ocrx_word' id='word_1_495' title='bbox 2323 1116 2543 1190; x_wconf 86' lang='lat' dir='ltr'><strong>quando</strong></span> <span class='ocrx_word' id='word_1_496' title='bbox 2572 1124 2789 1190; x_wconf 90' lang='lat' dir='ltr'><strong>tempus</strong></span> <span class='ocrx_word' id='word_1_497' title='bbox 2818 1124 2901 1176; x_wconf 86' lang='lat' dir='ltr'><strong>est</strong></span> <span class='ocrx_word' id='word_1_498' title='bbox 2926 1117 3095 1175; x_wconf 87' lang='lat' dir='ltr'><strong>breve</strong></span> <span class='ocrx_word' id='word_1_499' title='bbox 3123 1124 3182 1175; x_wconf 90' lang='lat' dir='ltr'><strong>et</strong></span> <span class='ocrx_word' id='word_1_500' title='bbox 3208 1117 3549 1176; x_wconf 85' lang='lat' dir='ltr'><strong>insufficiens</strong></span> <span class='ocrx_word' id='word_1_501' title='bbox 3578 1162 3592 1192; x_wconf 89' lang='lat'><strong>,</strong></span> <span class='ocrx_word' id='word_1_502' title='bbox 3623 1120 3926 1190; x_wconf 86' lang='lat' dir='ltr'><strong>praesumi·</strong></span> 
     </span>
     <span class='ocr_line' id='line_1_65' title="bbox 2322 1208 3921 1283; baseline 0.003 -21"><span class='ocrx_word' id='word_1_503' title='bbox 2322 1213 2415 1263; x_wconf 89' lang='lat' dir='ltr'><strong>tur</strong></span> <span class='ocrx_word' id='word_1_504' title='bbox 2442 1210 2749 1280; x_wconf 87' lang='lat' dir='ltr'><strong>ignorantia</strong></span> <span class='ocrx_word' id='word_1_505' title='bbox 2779 1209 3122 1281; x_wconf 82' lang='lat' dir='ltr'><strong>invincibilis3</strong></span> <span class='ocrx_word' id='word_1_506' title='bbox 3154 1225 3263 1266; x_wconf 89' lang='lat' dir='ltr'><strong>non</strong></span> <span class='ocrx_word' id='word_1_507' title='bbox 3291 1224 3419 1266; x_wconf 85' lang='lat' dir='ltr'><strong>vero</strong></span> <span class='ocrx_word' id='word_1_508' title='bbox 3448 1208 3669 1282; x_wconf 86' lang='lat' dir='ltr'><strong>quando</strong></span> <span class='ocrx_word' id='word_1_509' title='bbox 3698 1218 3921 1283; x_wconf 87' lang='lat' dir='ltr'><strong>tempus</strong></span> 
     </span>
     <span class='ocr_line' id='line_1_66' title="bbox 2321 1297 3923 1373; baseline 0.002 -19"><span class='ocrx_word' id='word_1_510' title='bbox 2321 1303 2407 1354; x_wconf 90' lang='lat' dir='ltr'><strong>est</strong></span> <span class='ocrx_word' id='word_1_511' title='bbox 2436 1297 2738 1355; x_wconf 81' lang='lat' dir='ltr'><strong>sufficiens:</strong></span> <span class='ocrx_word' id='word_1_512' title='bbox 2773 1299 2822 1355; x_wconf 89' lang='lat' dir='ltr'><strong>in</strong></span> <span class='ocrx_word' id='word_1_513' title='bbox 2850 1315 2910 1357; x_wconf 92' lang='lat' dir='ltr'><strong>re</strong></span> <span class='ocrx_word' id='word_1_514' title='bbox 2939 1305 3121 1358; x_wconf 88' lang='lat' dir='ltr'><strong>autem</strong></span> <span class='ocrx_word' id='word_1_515' title='bbox 3148 1301 3265 1373; x_wconf 88' lang='lat' dir='ltr'><strong>ipsa</strong></span> <span class='ocrx_word' id='word_1_516' title='bbox 3311 1306 3366 1357; x_wconf 89' lang='lat' dir='ltr'><strong>et</strong></span> <span class='ocrx_word' id='word_1_517' title='bbox 3404 1301 3459 1357; x_wconf 89' lang='lat' dir='ltr'><strong>in</strong></span> <span class='ocrx_word' id='word_1_518' title='bbox 3494 1300 3725 1358; x_wconf 81' lang='lat' dir='ltr'><strong>veritate</strong></span> <span class='ocrx_word' id='word_1_519' title='bbox 3766 1301 3923 1358; x_wconf 85' lang='lat' dir='ltr'><strong>nulla</strong></span> 
     </span>
     <span class='ocr_line' id='line_1_67' title="bbox 2321 1387 3031 1448; baseline -0.001 -4"><span class='ocrx_word' id='word_1_520' title='bbox 2321 1387 2537 1445; x_wconf 76' lang='lat' dir='ltr'><strong>videtur</strong></span> <span class='ocrx_word' id='word_1_521' title='bbox 2563 1403 2687 1446; x_wconf 88' lang='lat' dir='ltr'><strong>esse</strong></span> <span class='ocrx_word' id='word_1_522' title='bbox 2713 1389 3031 1448; x_wconf 75' lang='lat' dir='ltr'><strong>differentia.</strong></span> 
     </span>
    </p>

    <p class='ocr_par' dir='ltr' id='par_1_8' title="bbox 2316 1479 3925 4261">
     <span class='ocr_line' id='line_1_68' title="bbox 2398 1479 3920 1554; baseline 0.003 -18"><span class='ocrx_word' id='word_1_523' title='bbox 2398 1479 2721 1552; x_wconf 87' lang='lat' dir='ltr'><strong>Respondeo</strong></span> <span class='ocrx_word' id='word_1_524' title='bbox 2742 1521 2757 1552; x_wconf 93' lang='lat'><strong>,</strong></span> <span class='ocrx_word' id='word_1_525' title='bbox 2788 1480 3001 1554; x_wconf 87' lang='lat' dir='ltr'><strong>aliquos</strong></span> <span class='ocrx_word' id='word_1_526' title='bbox 3028 1481 3359 1553; x_wconf 80' lang='lat' dir='ltr'><strong>existimare,</strong></span> <span class='ocrx_word' id='word_1_527' title='bbox 3392 1480 3751 1539; x_wconf 80' lang='lat' dir='ltr'><strong>differentiam</strong></span> <span class='ocrx_word' id='word_1_528' title='bbox 3778 1481 3920 1540; x_wconf 85' lang='lat' dir='ltr'><strong>hanc</strong></span> 
     </span>
     <span class='ocr_line' id='line_1_69' title="bbox 2319 1568 3921 1650; baseline 0.001 -23"><span class='ocrx_word' id='word_1_529' title='bbox 2319 1568 2509 1627; x_wconf 90' lang='lat' dir='ltr'><strong>reduci</strong></span> <span class='ocrx_word' id='word_1_530' title='bbox 2539 1570 2605 1627; x_wconf 90' lang='lat' dir='ltr'><strong>ad</strong></span> <span class='ocrx_word' id='word_1_531' title='bbox 2635 1573 3011 1644; x_wconf 89' lang='lat' dir='ltr'><strong>quaestionem</strong></span> <span class='ocrx_word' id='word_1_532' title='bbox 3040 1570 3109 1629; x_wconf 90' lang='lat' dir='ltr'><strong>de</strong></span> <span class='ocrx_word' id='word_1_533' title='bbox 3138 1571 3412 1630; x_wconf 85' lang='lat' dir='ltr'><strong>vocabulo</strong></span> <span class='ocrx_word' id='word_1_534' title='bbox 3437 1611 3453 1644; x_wconf 91' lang='lat'><strong>,</strong></span> <span class='ocrx_word' id='word_1_535' title='bbox 3484 1588 3552 1650; x_wconf 83' lang='lat' dir='ltr'><strong>an</strong></span> <span class='ocrx_word' id='word_1_536' title='bbox 3582 1572 3633 1628; x_wconf 90' lang='lat' dir='ltr'><strong>in</strong></span> <span class='ocrx_word' id='word_1_537' title='bbox 3662 1573 3751 1629; x_wconf 88' lang='lat' dir='ltr'><strong>illo</strong></span> <span class='ocrx_word' id='word_1_538' title='bbox 3780 1581 3921 1630; x_wconf 84' lang='lat' dir='ltr'><strong>casu</strong></span> 
     </span>
     <span class='ocr_line' id='line_1_70' title="bbox 2318 1658 3919 1734; baseline 0.002 -18"><span class='ocrx_word' id='word_1_539' title='bbox 2318 1658 2613 1718; x_wconf 89' lang='lat' dir='ltr'><strong>dicendum</strong></span> <span class='ocrx_word' id='word_1_540' title='bbox 2643 1661 2731 1732; x_wconf 87' lang='lat' dir='ltr'><strong>sit,</strong></span> <span class='ocrx_word' id='word_1_541' title='bbox 2759 1661 2930 1734; x_wconf 88' lang='lat' dir='ltr'><strong>legem</strong></span> <span class='ocrx_word' id='word_1_542' title='bbox 2956 1677 3061 1717; x_wconf 92' lang='lat' dir='ltr'><strong>non</strong></span> <span class='ocrx_word' id='word_1_543' title='bbox 3086 1659 3346 1733; x_wconf 90' lang='lat' dir='ltr'><strong>obligare,</strong></span> <span class='ocrx_word' id='word_1_544' title='bbox 3373 1660 3459 1718; x_wconf 85' lang='lat' dir='ltr'><strong>vel</strong></span> <span class='ocrx_word' id='word_1_545' title='bbox 3484 1660 3733 1718; x_wconf 88' lang='lat' dir='ltr'><strong>subditos</strong></span> <span class='ocrx_word' id='word_1_546' title='bbox 3754 1663 3919 1734; x_wconf 89' lang='lat' dir='ltr'><strong>igno-</strong></span> 
     </span>
     <span class='ocr_line' id='line_1_71' title="bbox 2320 1751 3925 1810; baseline 0 -2"><span class='ocrx_word' id='word_1_547' title='bbox 2320 1758 2505 1809; x_wconf 88' lang='lat' dir='ltr'><strong>rantes</strong></span> <span class='ocrx_word' id='word_1_548' title='bbox 2532 1752 2809 1809; x_wconf 82' lang='lat' dir='ltr'><strong>excusari.</strong></span> <span class='ocrx_word' id='word_1_549' title='bbox 2843 1751 2972 1809; x_wconf 89' lang='lat' dir='ltr'><strong>Dico</strong></span> <span class='ocrx_word' id='word_1_550' title='bbox 3002 1759 3182 1810; x_wconf 89' lang='lat' dir='ltr'><strong>tamen</strong></span> <span class='ocrx_word' id='word_1_551' title='bbox 3210 1752 3313 1810; x_wconf 85' lang='lat' dir='ltr'><strong>hoc</strong></span> <span class='ocrx_word' id='word_1_552' title='bbox 3344 1752 3579 1809; x_wconf 85' lang='lat' dir='ltr'><strong>sortasse</strong></span> <span class='ocrx_word' id='word_1_553' title='bbox 3610 1751 3815 1809; x_wconf 86' lang='lat' dir='ltr'><strong>habere</strong></span> <span class='ocrx_word' id='word_1_554' title='bbox 3841 1751 3925 1808; x_wconf 92' lang='lat' dir='ltr'><strong>lo-</strong></span> 
     </span>
     <span class='ocr_line' id='line_1_72' title="bbox 2319 1842 3924 1916; baseline 0.001 -18"><span class='ocrx_word' id='word_1_555' title='bbox 2319 1856 2482 1915; x_wconf 88' lang='lat' dir='ltr'><strong>cum,</strong></span> <span class='ocrx_word' id='word_1_556' title='bbox 2516 1843 2733 1916; x_wconf 90' lang='lat' dir='ltr'><strong>quando</strong></span> <span class='ocrx_word' id='word_1_557' title='bbox 2774 1843 3045 1915; x_wconf 87' lang='lat' dir='ltr'><strong>ignoratio</strong></span> <span class='ocrx_word' id='word_1_558' title='bbox 3086 1848 3174 1899; x_wconf 90' lang='lat' dir='ltr'><strong>est</strong></span> <span class='ocrx_word' id='word_1_559' title='bbox 3210 1848 3335 1916; x_wconf 91' lang='lat' dir='ltr'><strong>post</strong></span> <span class='ocrx_word' id='word_1_560' title='bbox 3362 1850 3581 1916; x_wconf 89' lang='lat' dir='ltr'><strong>tempus</strong></span> <span class='ocrx_word' id='word_1_561' title='bbox 3616 1842 3684 1900; x_wconf 93' lang='lat' dir='ltr'><strong>de</strong></span> <span class='ocrx_word' id='word_1_562' title='bbox 3712 1857 3772 1899; x_wconf 88' lang='lat' dir='ltr'><strong>se</strong></span> <span class='ocrx_word' id='word_1_563' title='bbox 3800 1842 3924 1899; x_wconf 78' lang='lat' dir='ltr'><strong>sus-</strong></span> 
     </span>
     <span class='ocr_line' id='line_1_73' title="bbox 2318 1932 3914 2008; baseline 0 -19"><span class='ocrx_word' id='word_1_564' title='bbox 2318 1935 2504 1991; x_wconf 82' lang='lat' dir='ltr'><strong>ticiens</strong></span> <span class='ocrx_word' id='word_1_565' title='bbox 2532 1932 2601 1990; x_wconf 92' lang='lat' dir='ltr'><strong>ad</strong></span> <span class='ocrx_word' id='word_1_566' title='bbox 2633 1932 2933 1991; x_wconf 88' lang='lat' dir='ltr'><strong>habendam</strong></span> <span class='ocrx_word' id='word_1_567' title='bbox 2962 1934 3205 1992; x_wconf 88' lang='lat' dir='ltr'><strong>notitiam</strong></span> <span class='ocrx_word' id='word_1_568' title='bbox 3233 1934 3387 2008; x_wconf 84' lang='lat' dir='ltr'><strong>legis,</strong></span> <span class='ocrx_word' id='word_1_569' title='bbox 3412 1933 3480 1992; x_wconf 89' lang='lat' dir='ltr'><strong>de</strong></span> <span class='ocrx_word' id='word_1_570' title='bbox 3507 1949 3619 2007; x_wconf 87' lang='lat' dir='ltr'><strong>quo</strong></span> <span class='ocrx_word' id='word_1_571' title='bbox 3641 1932 3804 1990; x_wconf 89' lang='lat' dir='ltr'><strong>modo</strong></span> <span class='ocrx_word' id='word_1_572' title='bbox 3830 1933 3914 1989; x_wconf 91' lang='lat' dir='ltr'><strong>lo-</strong></span> 
     </span>
     <span class='ocr_line' id='line_1_74' title="bbox 2318 2021 3915 2096; baseline -0.001 -16"><span class='ocrx_word' id='word_1_573' title='bbox 2318 2022 2521 2096; x_wconf 88' lang='lat' dir='ltr'><strong>quendi</strong></span> <span class='ocrx_word' id='word_1_574' title='bbox 2555 2023 2718 2095; x_wconf 87' lang='lat' dir='ltr'><strong>paulo</strong></span> <span class='ocrx_word' id='word_1_575' title='bbox 2756 2029 2883 2095; x_wconf 90' lang='lat' dir='ltr'><strong>post</strong></span> <span class='ocrx_word' id='word_1_576' title='bbox 2916 2023 3115 2081; x_wconf 89' lang='lat' dir='ltr'><strong>dicam.</strong></span> <span class='ocrx_word' id='word_1_577' title='bbox 3156 2026 3226 2080; x_wconf 78' lang='lat' dir='ltr'><strong>At</strong></span> <span class='ocrx_word' id='word_1_578' title='bbox 3260 2039 3389 2080; x_wconf 87' lang='lat' dir='ltr'><strong>vero</strong></span> <span class='ocrx_word' id='word_1_579' title='bbox 3428 2021 3646 2096; x_wconf 86' lang='lat' dir='ltr'><strong>quando</strong></span> <span class='ocrx_word' id='word_1_580' title='bbox 3695 2031 3915 2094; x_wconf 87' lang='lat' dir='ltr'><strong>tempus</strong></span> 
     </span>
     <span class='ocr_line' id='line_1_75' title="bbox 2320 2108 3913 2186; baseline -0.001 -16"><span class='ocrx_word' id='word_1_581' title='bbox 2320 2114 2385 2170; x_wconf 92' lang='lat' dir='ltr'><strong>de</strong></span> <span class='ocrx_word' id='word_1_582' title='bbox 2414 2108 2472 2170; x_wconf 71' lang='lat' dir='ltr'><strong>se</strong></span> <span class='ocrx_word' id='word_1_583' title='bbox 2498 2119 2583 2170; x_wconf 85' lang='lat' dir='ltr'><strong>est</strong></span> <span class='ocrx_word' id='word_1_584' title='bbox 2602 2113 2968 2186; x_wconf 76' lang='lat' dir='ltr'><strong>insufficiens,</strong></span> <span class='ocrx_word' id='word_1_585' title='bbox 3002 2113 3147 2182; x_wconf 87' lang='lat' dir='ltr'><strong>dico,</strong></span> <span class='ocrx_word' id='word_1_586' title='bbox 3178 2130 3287 2171; x_wconf 88' lang='lat' dir='ltr'><strong>non</strong></span> <span class='ocrx_word' id='word_1_587' title='bbox 3317 2114 3368 2172; x_wconf 90' lang='lat' dir='ltr'><strong>in</strong></span> <span class='ocrx_word' id='word_1_588' title='bbox 3396 2113 3561 2171; x_wconf 90' lang='lat' dir='ltr'><strong>modo</strong></span> <span class='ocrx_word' id='word_1_589' title='bbox 3590 2120 3801 2171; x_wconf 87' lang='lat' dir='ltr'><strong>tantum</strong></span> <span class='ocrx_word' id='word_1_590' title='bbox 3832 2111 3913 2169; x_wconf 90' lang='lat' dir='ltr'><strong>lo-</strong></span> 
     </span>
     <span class='ocr_line' id='line_1_76' title="bbox 2318 2202 3912 2277; baseline -0.001 -17"><span class='ocrx_word' id='word_1_591' title='bbox 2318 2203 2541 2277; x_wconf 90' lang='lat' dir='ltr'><strong>quendi,</strong></span> <span class='ocrx_word' id='word_1_592' title='bbox 2568 2203 2663 2262; x_wconf 91' lang='lat' dir='ltr'><strong>sed</strong></span> <span class='ocrx_word' id='word_1_593' title='bbox 2694 2205 2745 2270; x_wconf 84' lang='lat' dir='ltr'><strong>in</strong></span> <span class='ocrx_word' id='word_1_594' title='bbox 2774 2220 2831 2260; x_wconf 87' lang='lat' dir='ltr'><strong>re</strong></span> <span class='ocrx_word' id='word_1_595' title='bbox 2860 2205 2974 2277; x_wconf 91' lang='lat' dir='ltr'><strong>ipsa</strong></span> <span class='ocrx_word' id='word_1_596' title='bbox 3000 2203 3170 2276; x_wconf 88' lang='lat' dir='ltr'><strong>legem</strong></span> <span class='ocrx_word' id='word_1_597' title='bbox 3199 2220 3308 2260; x_wconf 88' lang='lat' dir='ltr'><strong>non</strong></span> <span class='ocrx_word' id='word_1_598' title='bbox 3336 2205 3572 2277; x_wconf 88' lang='lat' dir='ltr'><strong>obligare</strong></span> <span class='ocrx_word' id='word_1_599' title='bbox 3611 2203 3751 2261; x_wconf 80' lang='lat' dir='ltr'><strong>infra</strong></span> <span class='ocrx_word' id='word_1_600' title='bbox 3776 2202 3912 2260; x_wconf 90' lang='lat' dir='ltr'><strong>illud</strong></span> 
     </span>
     <span class='ocr_line' id='line_1_77' title="bbox 2318 2293 3917 2369; baseline 0.001 -20"><span class='ocrx_word' id='word_1_601' title='bbox 2318 2299 2534 2365; x_wconf 89' lang='lat' dir='ltr'><strong>tempus</strong></span> <span class='ocrx_word' id='word_1_602' title='bbox 2561 2310 2661 2367; x_wconf 90' lang='lat' dir='ltr'><strong>pro</strong></span> <span class='ocrx_word' id='word_1_603' title='bbox 2689 2295 3069 2351; x_wconf 87' lang='lat' dir='ltr'><strong>remotissimis</strong></span> <span class='ocrx_word' id='word_1_604' title='bbox 3096 2293 3362 2369; x_wconf 86' lang='lat' dir='ltr'><strong>partibus,</strong></span> <span class='ocrx_word' id='word_1_605' title='bbox 3386 2294 3581 2352; x_wconf 88' lang='lat' dir='ltr'><strong>eodem</strong></span> <span class='ocrx_word' id='word_1_606' title='bbox 3610 2294 3767 2366; x_wconf 89' lang='lat' dir='ltr'><strong>plane</strong></span> <span class='ocrx_word' id='word_1_607' title='bbox 3796 2310 3917 2351; x_wconf 87' lang='lat' dir='ltr'><strong>mo-</strong></span> 
     </span>
     <span class='ocr_line' id='line_1_78' title="bbox 2318 2381 3921 2459; baseline 0.002 -20"><span class='ocrx_word' id='word_1_608' title='bbox 2318 2381 2409 2454; x_wconf 89' lang='lat' dir='ltr'><strong>do,</strong></span> <span class='ocrx_word' id='word_1_609' title='bbox 2439 2399 2549 2456; x_wconf 88' lang='lat' dir='ltr'><strong>quo</strong></span> <span class='ocrx_word' id='word_1_610' title='bbox 2574 2400 2683 2441; x_wconf 88' lang='lat' dir='ltr'><strong>non</strong></span> <span class='ocrx_word' id='word_1_611' title='bbox 2712 2385 2978 2458; x_wconf 79' lang='lat' dir='ltr'><strong>obligaret</strong></span> <span class='ocrx_word' id='word_1_612' title='bbox 3006 2387 3058 2442; x_wconf 89' lang='lat' dir='ltr'><strong>in</strong></span> <span class='ocrx_word' id='word_1_613' title='bbox 3086 2387 3241 2442; x_wconf 89' lang='lat' dir='ltr'><strong>curia</strong></span> <span class='ocrx_word' id='word_1_614' title='bbox 3270 2386 3553 2459; x_wconf 87' lang='lat' dir='ltr'><strong>principis,</strong></span> <span class='ocrx_word' id='word_1_615' title='bbox 3583 2386 3753 2442; x_wconf 89' lang='lat' dir='ltr'><strong>sinon</strong></span> <span class='ocrx_word' id='word_1_616' title='bbox 3780 2386 3921 2443; x_wconf 79' lang='lat' dir='ltr'><strong>fuis—</strong></span> 
     </span>
     <span class='ocr_line' id='line_1_79' title="bbox 2318 2473 3917 2548; baseline 0.003 -19"><span class='ocrx_word' id='word_1_617' title='bbox 2318 2481 2405 2530; x_wconf 89' lang='lat' dir='ltr'><strong>set</strong></span> <span class='ocrx_word' id='word_1_618' title='bbox 2433 2473 2485 2530; x_wconf 90' lang='lat' dir='ltr'><strong>in</strong></span> <span class='ocrx_word' id='word_1_619' title='bbox 2512 2474 2601 2531; x_wconf 92' lang='lat' dir='ltr'><strong>illa</strong></span> <span class='ocrx_word' id='word_1_620' title='bbox 2631 2475 2845 2546; x_wconf 89' lang='lat' dir='ltr'><strong>publice</strong></span> <span class='ocrx_word' id='word_1_621' title='bbox 2873 2475 3173 2548; x_wconf 87' lang='lat' dir='ltr'><strong>proposita,</strong></span> <span class='ocrx_word' id='word_1_622' title='bbox 3202 2475 3411 2533; x_wconf 90' lang='lat' dir='ltr'><strong>etiamsi</strong></span> <span class='ocrx_word' id='word_1_623' title='bbox 3439 2483 3588 2533; x_wconf 90' lang='lat' dir='ltr'><strong>esset</strong></span> <span class='ocrx_word' id='word_1_624' title='bbox 3612 2475 3756 2533; x_wconf 90' lang='lat' dir='ltr'><strong>edita</strong></span> <span class='ocrx_word' id='word_1_625' title='bbox 3784 2491 3917 2534; x_wconf 86' lang='lat' dir='ltr'><strong>cum</strong></span> 
     </span>
     <span class='ocr_line' id='line_1_80' title="bbox 2319 2562 3917 2638; baseline 0.002 -19"><span class='ocrx_word' id='word_1_626' title='bbox 2319 2562 2479 2636; x_wconf 89' lang='lat' dir='ltr'><strong>pleno</strong></span> <span class='ocrx_word' id='word_1_627' title='bbox 2508 2562 2735 2621; x_wconf 90' lang='lat' dir='ltr'><strong>consilio</strong></span> <span class='ocrx_word' id='word_1_628' title='bbox 2777 2580 2842 2622; x_wconf 93' lang='lat' dir='ltr'><strong>ac</strong></span> <span class='ocrx_word' id='word_1_629' title='bbox 2871 2564 3277 2638; x_wconf 88' lang='lat' dir='ltr'><strong>deliberatione,</strong></span> <span class='ocrx_word' id='word_1_630' title='bbox 3306 2567 3438 2638; x_wconf 92' lang='lat' dir='ltr'><strong>quia</strong></span> <span class='ocrx_word' id='word_1_631' title='bbox 3478 2580 3651 2638; x_wconf 89' lang='lat' dir='ltr'><strong>aeque</strong></span> <span class='ocrx_word' id='word_1_632' title='bbox 3688 2572 3776 2622; x_wconf 89' lang='lat' dir='ltr'><strong>est</strong></span> <span class='ocrx_word' id='word_1_633' title='bbox 3816 2566 3917 2622; x_wconf 89' lang='lat' dir='ltr'><strong>im-</strong></span> 
     </span>
     <span class='ocr_line' id='line_1_81' title="bbox 2320 2651 3915 2728; baseline -0.001 -17"><span class='ocrx_word' id='word_1_634' title='bbox 2320 2653 2591 2726; x_wconf 88' lang='lat' dir='ltr'><strong>possibilis</strong></span> <span class='ocrx_word' id='word_1_635' title='bbox 2618 2651 2806 2712; x_wconf 84' lang='lat' dir='ltr'><strong>notitia</strong></span> <span class='ocrx_word' id='word_1_636' title='bbox 2837 2654 2966 2728; x_wconf 89' lang='lat' dir='ltr'><strong>legis</strong></span> <span class='ocrx_word' id='word_1_637' title='bbox 2996 2671 3096 2727; x_wconf 92' lang='lat' dir='ltr'><strong>pro</strong></span> <span class='ocrx_word' id='word_1_638' title='bbox 3124 2654 3319 2713; x_wconf 88' lang='lat' dir='ltr'><strong>talibus</strong></span> <span class='ocrx_word' id='word_1_639' title='bbox 3347 2656 3508 2727; x_wconf 89' lang='lat' dir='ltr'><strong>locis,</strong></span> <span class='ocrx_word' id='word_1_640' title='bbox 3540 2660 3754 2712; x_wconf 85' lang='lat' dir='ltr'><strong>servata</strong></span> <span class='ocrx_word' id='word_1_641' title='bbox 3786 2669 3915 2726; x_wconf 89' lang='lat' dir='ltr'><strong>pro-</strong></span> 
     </span>
     <span class='ocr_line' id='line_1_82' title="bbox 2321 2743 3911 2818; baseline -0.001 -17"><span class='ocrx_word' id='word_1_642' title='bbox 2321 2745 2587 2815; x_wconf 89' lang='lat' dir='ltr'><strong>portione.</strong></span> <span class='ocrx_word' id='word_1_643' title='bbox 2618 2745 2730 2801; x_wconf 87' lang='lat' dir='ltr'><strong>lmo</strong></span> <span class='ocrx_word' id='word_1_644' title='bbox 2759 2743 3168 2818; x_wconf 89' lang='lat' dir='ltr'><strong>quodammodo</strong></span> <span class='ocrx_word' id='word_1_645' title='bbox 3202 2752 3287 2802; x_wconf 89' lang='lat' dir='ltr'><strong>est</strong></span> <span class='ocrx_word' id='word_1_646' title='bbox 3312 2745 3699 2818; x_wconf 88' lang='lat' dir='ltr'><strong>impossibilior</strong></span> <span class='ocrx_word' id='word_1_647' title='bbox 3724 2745 3911 2802; x_wconf 89' lang='lat' dir='ltr'><strong>notitia</strong></span> 
     </span>
     <span class='ocr_line' id='line_1_83' title="bbox 2319 2833 3921 2908; baseline 0.001 -19"><span class='ocrx_word' id='word_1_648' title='bbox 2319 2833 2373 2890; x_wconf 90' lang='lat' dir='ltr'><strong>in</strong></span> <span class='ocrx_word' id='word_1_649' title='bbox 2405 2834 2651 2906; x_wconf 89' lang='lat' dir='ltr'><strong>partibus</strong></span> <span class='ocrx_word' id='word_1_650' title='bbox 2678 2837 2899 2892; x_wconf 85' lang='lat' dir='ltr'><strong>remotis</strong></span> <span class='ocrx_word' id='word_1_651' title='bbox 2929 2834 3113 2892; x_wconf 87' lang='lat' dir='ltr'><strong>statim</strong></span> <span class='ocrx_word' id='word_1_652' title='bbox 3136 2842 3262 2906; x_wconf 91' lang='lat' dir='ltr'><strong>post</strong></span> <span class='ocrx_word' id='word_1_653' title='bbox 3282 2835 3725 2908; x_wconf 79' lang='lat' dir='ltr'><strong>publicationem,</strong></span> <span class='ocrx_word' id='word_1_654' title='bbox 3749 2850 3921 2908; x_wconf 88' lang='lat' dir='ltr'><strong>quam</strong></span> 
     </span>
     <span class='ocr_line' id='line_1_84' title="bbox 2322 2923 3915 2998; baseline 0 -18"><span class='ocrx_word' id='word_1_655' title='bbox 2322 2925 2390 2980; x_wconf 88' lang='lat' dir='ltr'><strong>sit</strong></span> <span class='ocrx_word' id='word_1_656' title='bbox 2416 2923 2469 2980; x_wconf 86' lang='lat' dir='ltr'><strong>in</strong></span> <span class='ocrx_word' id='word_1_657' title='bbox 2498 2924 2691 2982; x_wconf 88' lang='lat' dir='ltr'><strong>eodem</strong></span> <span class='ocrx_word' id='word_1_658' title='bbox 2722 2925 2840 2981; x_wconf 93' lang='lat' dir='ltr'><strong>loco</strong></span> <span class='ocrx_word' id='word_1_659' title='bbox 2870 2932 2994 2982; x_wconf 89' lang='lat' dir='ltr'><strong>ante</strong></span> <span class='ocrx_word' id='word_1_660' title='bbox 3022 2924 3266 2981; x_wconf 88' lang='lat' dir='ltr'><strong>eamdem</strong></span> <span class='ocrx_word' id='word_1_661' title='bbox 3297 2924 3714 2998; x_wconf 87' lang='lat' dir='ltr'><strong>publicationem</strong></span> <span class='ocrx_word' id='word_1_662' title='bbox 3736 2967 3752 2996; x_wconf 91' lang='lat'><strong>,</strong></span> <span class='ocrx_word' id='word_1_663' title='bbox 3782 2924 3915 2998; x_wconf 89' lang='lat' dir='ltr'><strong>quia</strong></span> 
     </span>
     <span class='ocr_line' id='line_1_85' title="bbox 2318 3013 3915 3088; baseline 0 -18"><span class='ocrx_word' id='word_1_664' title='bbox 2318 3013 2529 3070; x_wconf 81' lang='lat' dir='ltr'><strong>facilius</strong></span> <span class='ocrx_word' id='word_1_665' title='bbox 2557 3021 2643 3072; x_wconf 90' lang='lat' dir='ltr'><strong>est</strong></span> <span class='ocrx_word' id='word_1_666' title='bbox 2666 3031 2830 3070; x_wconf 86' lang='lat' dir='ltr'><strong>nosse</strong></span> <span class='ocrx_word' id='word_1_667' title='bbox 2851 3015 3047 3071; x_wconf 78' lang='lat' dir='ltr'><strong>Matriti</strong></span> <span class='ocrx_word' id='word_1_668' title='bbox 3074 3015 3265 3072; x_wconf 87' lang='lat' dir='ltr'><strong>eodem</strong></span> <span class='ocrx_word' id='word_1_669' title='bbox 3287 3015 3392 3087; x_wconf 89' lang='lat' dir='ltr'><strong>die,</strong></span> <span class='ocrx_word' id='word_1_670' title='bbox 3416 3029 3557 3088; x_wconf 90' lang='lat' dir='ltr'><strong>quae</strong></span> <span class='ocrx_word' id='word_1_671' title='bbox 3582 3031 3678 3072; x_wconf 78' lang='lat' dir='ltr'><strong>rex</strong></span> <span class='ocrx_word' id='word_1_672' title='bbox 3700 3021 3915 3072; x_wconf 87' lang='lat' dir='ltr'><strong>secrete</strong></span> 
     </span>
     <span class='ocr_line' id='line_1_86' title="bbox 2320 3103 3907 3179; baseline 0.001 -21"><span class='ocrx_word' id='word_1_673' title='bbox 2320 3103 2511 3160; x_wconf 86' lang='lat' dir='ltr'><strong>statuit</strong></span> <span class='ocrx_word' id='word_1_674' title='bbox 2536 3104 2647 3160; x_wconf 87' lang='lat' dir='ltr'><strong>sine</strong></span> <span class='ocrx_word' id='word_1_675' title='bbox 2675 3103 3072 3177; x_wconf 80' lang='lat' dir='ltr'><strong>publicatione,</strong></span> <span class='ocrx_word' id='word_1_676' title='bbox 3104 3120 3269 3179; x_wconf 86' lang='lat' dir='ltr'><strong>quam</strong></span> <span class='ocrx_word' id='word_1_677' title='bbox 3310 3105 3453 3162; x_wconf 88' lang='lat' dir='ltr'><strong>scire</strong></span> <span class='ocrx_word' id='word_1_678' title='bbox 3480 3106 3734 3178; x_wconf 84' lang='lat' dir='ltr'><strong>Neapoli,</strong></span> <span class='ocrx_word' id='word_1_679' title='bbox 3765 3119 3907 3178; x_wconf 91' lang='lat' dir='ltr'><strong>quae</strong></span> 
     </span>
     <span class='ocr_line' id='line_1_87' title="bbox 2318 3191 3916 3268; baseline 0.001 -19"><span class='ocrx_word' id='word_1_680' title='bbox 2318 3191 2508 3250; x_wconf 92' lang='lat' dir='ltr'><strong>eodem</strong></span> <span class='ocrx_word' id='word_1_681' title='bbox 2548 3193 2635 3250; x_wconf 87' lang='lat' dir='ltr'><strong>die</strong></span> <span class='ocrx_word' id='word_1_682' title='bbox 2676 3195 2867 3250; x_wconf 73' lang='lat' dir='ltr'><strong>Matriti</strong></span> <span class='ocrx_word' id='word_1_683' title='bbox 2918 3193 3135 3266; x_wconf 89' lang='lat' dir='ltr'><strong>publice</strong></span> <span class='ocrx_word' id='word_1_684' title='bbox 3175 3194 3469 3268; x_wconf 81' lang='lat' dir='ltr'><strong>evulgavit.</strong></span> <span class='ocrx_word' id='word_1_685' title='bbox 3512 3197 3703 3268; x_wconf 88' lang='lat' dir='ltr'><strong>ltaque</strong></span> <span class='ocrx_word' id='word_1_686' title='bbox 3750 3196 3807 3251; x_wconf 88' lang='lat' dir='ltr'><strong>in</strong></span> <span class='ocrx_word' id='word_1_687' title='bbox 3845 3211 3916 3251; x_wconf 91' lang='lat' dir='ltr'><strong>eo</strong></span> 
     </span>
     <span class='ocr_line' id='line_1_88' title="bbox 2317 3284 3915 3358; baseline 0.001 -18"><span class='ocrx_word' id='word_1_688' title='bbox 2317 3297 2452 3340; x_wconf 90' lang='lat' dir='ltr'><strong>casu</strong></span> <span class='ocrx_word' id='word_1_689' title='bbox 2484 3299 2589 3340; x_wconf 90' lang='lat' dir='ltr'><strong>non</strong></span> <span class='ocrx_word' id='word_1_690' title='bbox 2632 3284 2811 3341; x_wconf 88' lang='lat' dir='ltr'><strong>solum</strong></span> <span class='ocrx_word' id='word_1_691' title='bbox 2850 3291 2935 3340; x_wconf 89' lang='lat' dir='ltr'><strong>est</strong></span> <span class='ocrx_word' id='word_1_692' title='bbox 2972 3287 3255 3342; x_wconf 87' lang='lat' dir='ltr'><strong>excusatio</strong></span> <span class='ocrx_word' id='word_1_693' title='bbox 3282 3301 3349 3342; x_wconf 82' lang='lat' dir='ltr'><strong>ex</strong></span> <span class='ocrx_word' id='word_1_694' title='bbox 3378 3293 3529 3357; x_wconf 88' lang='lat' dir='ltr'><strong>parte</strong></span> <span class='ocrx_word' id='word_1_695' title='bbox 3558 3285 3783 3358; x_wconf 87' lang='lat' dir='ltr'><strong>subditi,</strong></span> <span class='ocrx_word' id='word_1_696' title='bbox 3816 3284 3915 3342; x_wconf 90' lang='lat' dir='ltr'><strong>sed</strong></span> 
     </span>
     <span class='ocr_line' id='line_1_89' title="bbox 2316 3373 3917 3450; baseline 0.002 -20"><span class='ocrx_word' id='word_1_697' title='bbox 2316 3373 2477 3430; x_wconf 89' lang='lat' dir='ltr'><strong>etiam</strong></span> <span class='ocrx_word' id='word_1_698' title='bbox 2508 3373 2886 3431; x_wconf 78' lang='lat' dir='ltr'><strong>insufficientia</strong></span> <span class='ocrx_word' id='word_1_699' title='bbox 2915 3390 2982 3432; x_wconf 85' lang='lat' dir='ltr'><strong>ex</strong></span> <span class='ocrx_word' id='word_1_700' title='bbox 3004 3382 3156 3448; x_wconf 89' lang='lat' dir='ltr'><strong>parte</strong></span> <span class='ocrx_word' id='word_1_701' title='bbox 3184 3375 3337 3449; x_wconf 90' lang='lat' dir='ltr'><strong>legis,</strong></span> <span class='ocrx_word' id='word_1_702' title='bbox 3361 3378 3419 3433; x_wconf 89' lang='lat' dir='ltr'><strong>et</strong></span> <span class='ocrx_word' id='word_1_703' title='bbox 3444 3375 3565 3434; x_wconf 86' lang='lat' dir='ltr'><strong>ideo</strong></span> <span class='ocrx_word' id='word_1_704' title='bbox 3594 3377 3917 3450; x_wconf 88' lang='lat' dir='ltr'><strong>simpliciter</strong></span> 
     </span>
     <span class='ocr_line' id='line_1_90' title="bbox 2319 3463 3915 3539; baseline 0.001 -19"><span class='ocrx_word' id='word_1_705' title='bbox 2319 3478 2428 3520; x_wconf 87' lang='lat' dir='ltr'><strong>non</strong></span> <span class='ocrx_word' id='word_1_706' title='bbox 2473 3464 2695 3538; x_wconf 89' lang='lat' dir='ltr'><strong>obligat,</strong></span> <span class='ocrx_word' id='word_1_707' title='bbox 2726 3465 2808 3520; x_wconf 88' lang='lat' dir='ltr'><strong>vel</strong></span> <span class='ocrx_word' id='word_1_708' title='bbox 2848 3463 3032 3537; x_wconf 89' lang='lat' dir='ltr'><strong>quoad</strong></span> <span class='ocrx_word' id='word_1_709' title='bbox 3072 3464 3387 3538; x_wconf 80' lang='lat' dir='ltr'><strong>efficaciam,</strong></span> <span class='ocrx_word' id='word_1_710' title='bbox 3422 3465 3505 3523; x_wconf 84' lang='lat' dir='ltr'><strong>vel</strong></span> <span class='ocrx_word' id='word_1_711' title='bbox 3546 3465 3731 3539; x_wconf 90' lang='lat' dir='ltr'><strong>quoad</strong></span> <span class='ocrx_word' id='word_1_712' title='bbox 3762 3465 3915 3522; x_wconf 81' lang='lat' dir='ltr'><strong>suffi-</strong></span> 
     </span>
     <span class='ocr_line' id='line_1_91' title="bbox 2320 3553 3913 3628; baseline 0.001 -18"><span class='ocrx_word' id='word_1_713' title='bbox 2320 3553 2595 3626; x_wconf 89' lang='lat' dir='ltr'><strong>cientiam,</strong></span> <span class='ocrx_word' id='word_1_714' title='bbox 2628 3561 2691 3612; x_wconf 89' lang='lat' dir='ltr'><strong>ut</strong></span> <span class='ocrx_word' id='word_1_715' title='bbox 2717 3556 2797 3611; x_wconf 86' lang='lat' dir='ltr'><strong>sic</strong></span> <span class='ocrx_word' id='word_1_716' title='bbox 2827 3553 3266 3624; x_wconf 88' lang='lat' dir='ltr'><strong>dicam.Quando</strong></span> <span class='ocrx_word' id='word_1_717' title='bbox 3297 3570 3426 3613; x_wconf 85' lang='lat' dir='ltr'><strong>vero</strong></span> <span class='ocrx_word' id='word_1_718' title='bbox 3452 3556 3640 3613; x_wconf 88' lang='lat' dir='ltr'><strong>notitia</strong></span> <span class='ocrx_word' id='word_1_719' title='bbox 3668 3555 3913 3628; x_wconf 90' lang='lat' dir='ltr'><strong>promul·</strong></span> 
     </span>
     <span class='ocr_line' id='line_1_92' title="bbox 2320 3643 3915 3719; baseline 0.003 -19"><span class='ocrx_word' id='word_1_720' title='bbox 2320 3643 2553 3717; x_wconf 88' lang='lat' dir='ltr'><strong>gationis</strong></span> <span class='ocrx_word' id='word_1_721' title='bbox 2583 3645 2714 3717; x_wconf 87' lang='lat' dir='ltr'><strong>legis</strong></span> <span class='ocrx_word' id='word_1_722' title='bbox 2759 3646 2935 3717; x_wconf 88' lang='lat' dir='ltr'><strong>potuit</strong></span> <span class='ocrx_word' id='word_1_723' title='bbox 2970 3647 3276 3719; x_wconf 87' lang='lat' dir='ltr'><strong>pervenire,</strong></span> <span class='ocrx_word' id='word_1_724' title='bbox 3305 3653 3363 3705; x_wconf 90' lang='lat' dir='ltr'><strong>et</strong></span> <span class='ocrx_word' id='word_1_725' title='bbox 3398 3662 3536 3703; x_wconf 89' lang='lat' dir='ltr'><strong>casu</strong></span> <span class='ocrx_word' id='word_1_726' title='bbox 3574 3661 3681 3703; x_wconf 89' lang='lat' dir='ltr'><strong>non</strong></span> <span class='ocrx_word' id='word_1_727' title='bbox 3718 3661 3915 3719; x_wconf 83' lang='lat' dir='ltr'><strong>perve-</strong></span> 
     </span>
     <span class='ocr_line' id='line_1_93' title="bbox 2318 3734 3915 3809; baseline 0.001 -19"><span class='ocrx_word' id='word_1_728' title='bbox 2318 3735 2426 3806; x_wconf 88' lang='lat' dir='ltr'><strong>nit,</strong></span> <span class='ocrx_word' id='word_1_729' title='bbox 2458 3735 2545 3791; x_wconf 84' lang='lat' dir='ltr'><strong>lex</strong></span> <span class='ocrx_word' id='word_1_730' title='bbox 2573 3735 2639 3791; x_wconf 91' lang='lat' dir='ltr'><strong>de</strong></span> <span class='ocrx_word' id='word_1_731' title='bbox 2668 3751 2725 3791; x_wconf 86' lang='lat' dir='ltr'><strong>se</strong></span> <span class='ocrx_word' id='word_1_732' title='bbox 2754 3734 3086 3793; x_wconf 83' lang='lat' dir='ltr'><strong>sufficienter</strong></span> <span class='ocrx_word' id='word_1_733' title='bbox 3113 3735 3345 3809; x_wconf 89' lang='lat' dir='ltr'><strong>obligat,</strong></span> <span class='ocrx_word' id='word_1_734' title='bbox 3376 3735 3504 3793; x_wconf 89' lang='lat' dir='ltr'><strong>licet</strong></span> <span class='ocrx_word' id='word_1_735' title='bbox 3531 3735 3598 3792; x_wconf 88' lang='lat' dir='ltr'><strong>de</strong></span> <span class='ocrx_word' id='word_1_736' title='bbox 3626 3736 3774 3794; x_wconf 76' lang='lat' dir='ltr'><strong>lacto</strong></span> <span class='ocrx_word' id='word_1_737' title='bbox 3802 3753 3915 3794; x_wconf 86' lang='lat' dir='ltr'><strong>non</strong></span> 
     </span>
     <span class='ocr_line' id='line_1_94' title="bbox 2321 3823 3918 3900; baseline 0.003 -20"><span class='ocrx_word' id='word_1_738' title='bbox 2321 3823 2453 3898; x_wconf 85' lang='lat' dir='ltr'><strong>liget</strong></span> <span class='ocrx_word' id='word_1_739' title='bbox 2492 3826 2822 3898; x_wconf 89' lang='lat' dir='ltr'><strong>ignorantes.</strong></span> <span class='ocrx_word' id='word_1_740' title='bbox 2855 3826 3003 3894; x_wconf 84' lang='lat' dir='ltr'><strong>Quae</strong></span> <span class='ocrx_word' id='word_1_741' title='bbox 3044 3825 3365 3898; x_wconf 82' lang='lat' dir='ltr'><strong>differentia,</strong></span> <span class='ocrx_word' id='word_1_742' title='bbox 3396 3828 3525 3884; x_wconf 88' lang='lat' dir='ltr'><strong>licet</strong></span> <span class='ocrx_word' id='word_1_743' title='bbox 3553 3826 3693 3884; x_wconf 82' lang='lat' dir='ltr'><strong>sorte</strong></span> <span class='ocrx_word' id='word_1_744' title='bbox 3728 3826 3918 3900; x_wconf 86' lang='lat' dir='ltr'><strong>quoad</strong></span> 
     </span>
     <span class='ocr_line' id='line_1_95' title="bbox 2318 3913 3919 3988; baseline 0.002 -16"><span class='ocrx_word' id='word_1_745' title='bbox 2318 3915 2576 3972; x_wconf 80' lang='lat' dir='ltr'><strong>effectum</strong></span> <span class='ocrx_word' id='word_1_746' title='bbox 2604 3913 2945 3988; x_wconf 87' lang='lat' dir='ltr'><strong>obligationis</strong></span> <span class='ocrx_word' id='word_1_747' title='bbox 2973 3932 3081 3973; x_wconf 88' lang='lat' dir='ltr'><strong>non</strong></span> <span class='ocrx_word' id='word_1_748' title='bbox 3112 3916 3308 3974; x_wconf 89' lang='lat' dir='ltr'><strong>habeat</strong></span> <span class='ocrx_word' id='word_1_749' title='bbox 3342 3919 3395 3974; x_wconf 89' lang='lat' dir='ltr'><strong>in</strong></span> <span class='ocrx_word' id='word_1_750' title='bbox 3425 3934 3486 3975; x_wconf 88' lang='lat' dir='ltr'><strong>re</strong></span> <span class='ocrx_word' id='word_1_751' title='bbox 3513 3918 3709 3975; x_wconf 89' lang='lat' dir='ltr'><strong>morali</strong></span> <span class='ocrx_word' id='word_1_752' title='bbox 3738 3918 3919 3975; x_wconf 83' lang='lat' dir='ltr'><strong>diver-</strong></span> 
     </span>
     <span class='ocr_line' id='line_1_96' title="bbox 2321 4004 3915 4081; baseline 0.002 -20"><span class='ocrx_word' id='word_1_753' title='bbox 2321 4005 2559 4077; x_wconf 88' lang='lat' dir='ltr'><strong>sitatem,</strong></span> <span class='ocrx_word' id='word_1_754' title='bbox 2586 4004 2850 4062; x_wconf 87' lang='lat' dir='ltr'><strong>ordinarie</strong></span> <span class='ocrx_word' id='word_1_755' title='bbox 2879 4005 3178 4079; x_wconf 88' lang='lat' dir='ltr'><strong>loquendo,</strong></span> <span class='ocrx_word' id='word_1_756' title='bbox 3204 4006 3546 4063; x_wconf 88' lang='lat' dir='ltr'><strong>nihilominus</strong></span> <span class='ocrx_word' id='word_1_757' title='bbox 3574 4006 3756 4081; x_wconf 91' lang='lat' dir='ltr'><strong>quoad</strong></span> <span class='ocrx_word' id='word_1_758' title='bbox 3780 4009 3915 4066; x_wconf 86' lang='lat' dir='ltr'><strong>alios</strong></span> 
     </span>
     <span class='ocr_line' id='line_1_97' title="bbox 2320 4095 3914 4172; baseline 0.003 -21"><span class='ocrx_word' id='word_1_759' title='bbox 2320 4095 2584 4169; x_wconf 78' lang='lat' dir='ltr'><strong>effectus,</strong></span> <span class='ocrx_word' id='word_1_760' title='bbox 2612 4095 2931 4168; x_wconf 85' lang='lat' dir='ltr'><strong>praesertim</strong></span> <span class='ocrx_word' id='word_1_761' title='bbox 2958 4096 3240 4170; x_wconf 87' lang='lat' dir='ltr'><strong>irritandi,</strong></span> <span class='ocrx_word' id='word_1_762' title='bbox 3273 4103 3365 4154; x_wconf 87' lang='lat' dir='ltr'><strong>aut</strong></span> <span class='ocrx_word' id='word_1_763' title='bbox 3394 4097 3784 4170; x_wconf 87' lang='lat' dir='ltr'><strong>inhabilitandi,</strong></span> <span class='ocrx_word' id='word_1_764' title='bbox 3816 4114 3914 4172; x_wconf 92' lang='lat' dir='ltr'><strong>po·</strong></span> 
     </span>
     <span class='ocr_line' id='line_1_98' title="bbox 2321 4184 3909 4261; baseline 0.001 -17"><span class='ocrx_word' id='word_1_765' title='bbox 2321 4193 2433 4244; x_wconf 86' lang='lat' dir='ltr'><strong>test</strong></span> <span class='ocrx_word' id='word_1_766' title='bbox 2459 4186 2601 4242; x_wconf 89' lang='lat' dir='ltr'><strong>illam</strong></span> <span class='ocrx_word' id='word_1_767' title='bbox 2631 4184 2851 4259; x_wconf 88' lang='lat' dir='ltr'><strong>habere,</strong></span> <span class='ocrx_word' id='word_1_768' title='bbox 2883 4193 2945 4243; x_wconf 92' lang='lat' dir='ltr'><strong>ut</strong></span> <span class='ocrx_word' id='word_1_769' title='bbox 2970 4186 3109 4244; x_wconf 74' lang='lat' dir='ltr'><strong>infra</strong></span> <span class='ocrx_word' id='word_1_770' title='bbox 3132 4190 3187 4244; x_wconf 89' lang='lat' dir='ltr'><strong>in</strong></span> <span class='ocrx_word' id='word_1_771' title='bbox 3216 4189 3446 4261; x_wconf 89' lang='lat' dir='ltr'><strong>propriis</strong></span> <span class='ocrx_word' id='word_1_772' title='bbox 3487 4189 3625 4246; x_wconf 89' lang='lat' dir='ltr'><strong>locis</strong></span> <span class='ocrx_word' id='word_1_773' title='bbox 3666 4187 3909 4246; x_wconf 87' lang='lat' dir='ltr'><strong>dicetur.</strong></span> 
     </span>
    </p>

    <p class='ocr_par' dir='ltr' id='par_1_9' title="bbox 2316 4276 3929 5258">
     <span class='ocr_line' id='line_1_99' title="bbox 2398 4276 3917 4349; baseline 0.003 -17"><span class='ocrx_word' id='word_1_774' title='bbox 2398 4277 2470 4333; x_wconf 87' lang='lat' dir='ltr'><strong>Et</strong></span> <span class='ocrx_word' id='word_1_775' title='bbox 2490 4282 2771 4349; x_wconf 88' lang='lat' dir='ltr'><strong>praeterea</strong></span> <span class='ocrx_word' id='word_1_776' title='bbox 2795 4277 2847 4332; x_wconf 90' lang='lat' dir='ltr'><strong>in</strong></span> <span class='ocrx_word' id='word_1_777' title='bbox 2872 4276 2963 4335; x_wconf 92' lang='lat' dir='ltr'><strong>illo</strong></span> <span class='ocrx_word' id='word_1_778' title='bbox 2989 4277 3419 4336; x_wconf 79' lang='lat' dir='ltr'><strong>extraordinario</strong></span> <span class='ocrx_word' id='word_1_779' title='bbox 3442 4293 3579 4336; x_wconf 90' lang='lat' dir='ltr'><strong>casu</strong></span> <span class='ocrx_word' id='word_1_780' title='bbox 3601 4276 3769 4336; x_wconf 89' lang='lat' dir='ltr'><strong>credo</strong></span> <span class='ocrx_word' id='word_1_781' title='bbox 3792 4294 3917 4336; x_wconf 80' lang='lat' dir='ltr'><strong>esse</strong></span> 
     </span>
     <span class='ocr_line' id='line_1_100' title="bbox 2323 4365 3919 4442; baseline 0.001 -18"><span class='ocrx_word' id='word_1_782' title='bbox 2323 4365 2695 4424; x_wconf 83' lang='lat' dir='ltr'><strong>diversitatem</strong></span> <span class='ocrx_word' id='word_1_783' title='bbox 2724 4369 2885 4424; x_wconf 90' lang='lat' dir='ltr'><strong>etiam</strong></span> <span class='ocrx_word' id='word_1_784' title='bbox 2911 4367 3094 4442; x_wconf 87' lang='lat' dir='ltr'><strong>quoad</strong></span> <span class='ocrx_word' id='word_1_785' title='bbox 3123 4368 3525 4442; x_wconf 88' lang='lat' dir='ltr'><strong>obligationem.</strong></span> <span class='ocrx_word' id='word_1_786' title='bbox 3555 4371 3690 4426; x_wconf 90' lang='lat' dir='ltr'><strong>Nam</strong></span> <span class='ocrx_word' id='word_1_787' title='bbox 3726 4371 3774 4426; x_wconf 87' lang='lat' dir='ltr'><strong>si</strong></span> <span class='ocrx_word' id='word_1_788' title='bbox 3820 4369 3919 4426; x_wconf 87' lang='lat' dir='ltr'><strong>ali-</strong></span> 
     </span>
     <span class='ocr_line' id='line_1_101' title="bbox 2322 4457 3913 4532; baseline 0.001 -16"><span class='ocrx_word' id='word_1_789' title='bbox 2322 4459 2447 4532; x_wconf 89' lang='lat' dir='ltr'><strong>quis</strong></span> <span class='ocrx_word' id='word_1_790' title='bbox 2476 4459 2527 4514; x_wconf 88' lang='lat' dir='ltr'><strong>in</strong></span> <span class='ocrx_word' id='word_1_791' title='bbox 2556 4457 2702 4515; x_wconf 86' lang='lat' dir='ltr'><strong>India</strong></span> <span class='ocrx_word' id='word_1_792' title='bbox 2722 4458 2957 4516; x_wconf 85' lang='lat' dir='ltr'><strong>existens</strong></span> <span class='ocrx_word' id='word_1_793' title='bbox 2978 4458 3240 4516; x_wconf 88' lang='lat' dir='ltr'><strong>industria</strong></span> <span class='ocrx_word' id='word_1_794' title='bbox 3262 4459 3539 4519; x_wconf 88' lang='lat' dir='ltr'><strong>daemonis</strong></span> <span class='ocrx_word' id='word_1_795' title='bbox 3562 4460 3795 4517; x_wconf 89' lang='lat' dir='ltr'><strong>haberet</strong></span> <span class='ocrx_word' id='word_1_796' title='bbox 3814 4475 3913 4518; x_wconf 87' lang='lat' dir='ltr'><strong>no·</strong></span> 
     </span>
     <span class='ocr_line' id='line_1_102' title="bbox 2324 4549 3915 4623; baseline 0.001 -17"><span class='ocrx_word' id='word_1_797' title='bbox 2324 4549 2496 4607; x_wconf 90' lang='lat' dir='ltr'><strong>titiam</strong></span> <span class='ocrx_word' id='word_1_798' title='bbox 2524 4564 2713 4605; x_wconf 88' lang='lat' dir='ltr'><strong>eorum</strong></span> <span class='ocrx_word' id='word_1_799' title='bbox 2736 4592 2751 4622; x_wconf 92' lang='lat'><strong>,</strong></span> <span class='ocrx_word' id='word_1_800' title='bbox 2781 4564 2922 4622; x_wconf 91' lang='lat' dir='ltr'><strong>quae</strong></span> <span class='ocrx_word' id='word_1_801' title='bbox 2959 4549 3010 4605; x_wconf 90' lang='lat' dir='ltr'><strong>in</strong></span> <span class='ocrx_word' id='word_1_802' title='bbox 3038 4550 3294 4622; x_wconf 85' lang='lat' dir='ltr'><strong>Hispania</strong></span> <span class='ocrx_word' id='word_1_803' title='bbox 3318 4557 3590 4623; x_wconf 89' lang='lat' dir='ltr'><strong>geruntur</strong></span> <span class='ocrx_word' id='word_1_804' title='bbox 3619 4558 3743 4607; x_wconf 90' lang='lat' dir='ltr'><strong>ante</strong></span> <span class='ocrx_word' id='word_1_805' title='bbox 3772 4559 3915 4607; x_wconf 88' lang='lat' dir='ltr'><strong>tem-</strong></span> 
     </span>
     <span class='ocr_line' id='line_1_103' title="bbox 2322 4639 3915 4713; baseline 0.001 -17"><span class='ocrx_word' id='word_1_806' title='bbox 2322 4656 2452 4713; x_wconf 85' lang='lat' dir='ltr'><strong>pus,</strong></span> <span class='ocrx_word' id='word_1_807' title='bbox 2483 4641 2535 4694; x_wconf 89' lang='lat' dir='ltr'><strong>in</strong></span> <span class='ocrx_word' id='word_1_808' title='bbox 2562 4655 2673 4712; x_wconf 91' lang='lat' dir='ltr'><strong>quo</strong></span> <span class='ocrx_word' id='word_1_809' title='bbox 2702 4647 2889 4711; x_wconf 89' lang='lat' dir='ltr'><strong>posset</strong></span> <span class='ocrx_word' id='word_1_810' title='bbox 2930 4639 3165 4696; x_wconf 90' lang='lat' dir='ltr'><strong>humano</strong></span> <span class='ocrx_word' id='word_1_811' title='bbox 3204 4639 3361 4696; x_wconf 90' lang='lat' dir='ltr'><strong>modo</strong></span> <span class='ocrx_word' id='word_1_812' title='bbox 3397 4640 3515 4697; x_wconf 90' lang='lat' dir='ltr'><strong>talis</strong></span> <span class='ocrx_word' id='word_1_813' title='bbox 3554 4642 3745 4700; x_wconf 88' lang='lat' dir='ltr'><strong>notitia</strong></span> <span class='ocrx_word' id='word_1_814' title='bbox 3780 4641 3915 4698; x_wconf 88' lang='lat' dir='ltr'><strong>illuc</strong></span> 
     </span>
     <span class='ocr_line' id='line_1_104' title="bbox 2322 4729 3921 4806; baseline 0.003 -21"><span class='ocrx_word' id='word_1_815' title='bbox 2322 4729 2638 4804; x_wconf 79' lang='lat' dir='ltr'><strong>pervenire,</strong></span> <span class='ocrx_word' id='word_1_816' title='bbox 2666 4729 2753 4786; x_wconf 88' lang='lat' dir='ltr'><strong>ille</strong></span> <span class='ocrx_word' id='word_1_817' title='bbox 2790 4731 2966 4787; x_wconf 88' lang='lat' dir='ltr'><strong>sciens</strong></span> <span class='ocrx_word' id='word_1_818' title='bbox 3002 4729 3175 4804; x_wconf 88' lang='lat' dir='ltr'><strong>legem</strong></span> <span class='ocrx_word' id='word_1_819' title='bbox 3214 4733 3268 4788; x_wconf 89' lang='lat' dir='ltr'><strong>in</strong></span> <span class='ocrx_word' id='word_1_820' title='bbox 3305 4732 3563 4803; x_wconf 88' lang='lat' dir='ltr'><strong>Hispania</strong></span> <span class='ocrx_word' id='word_1_821' title='bbox 3603 4733 3921 4806; x_wconf 87' lang='lat' dir='ltr'><strong>promulga-</strong></span> 
     </span>
     <span class='ocr_line' id='line_1_105' title="bbox 2325 4819 3923 4895; baseline 0.003 -18"><span class='ocrx_word' id='word_1_822' title='bbox 2325 4827 2459 4890; x_wconf 88' lang='lat' dir='ltr'><strong>tam,</strong></span> <span class='ocrx_word' id='word_1_823' title='bbox 2492 4820 2629 4876; x_wconf 88' lang='lat' dir='ltr'><strong>insra</strong></span> <span class='ocrx_word' id='word_1_824' title='bbox 2665 4819 2796 4877; x_wconf 91' lang='lat' dir='ltr'><strong>illud</strong></span> <span class='ocrx_word' id='word_1_825' title='bbox 2835 4836 2942 4877; x_wconf 90' lang='lat' dir='ltr'><strong>non</strong></span> <span class='ocrx_word' id='word_1_826' title='bbox 2979 4820 3312 4895; x_wconf 88' lang='lat' dir='ltr'><strong>obligaretur</strong></span> <span class='ocrx_word' id='word_1_827' title='bbox 3340 4821 3452 4880; x_wconf 87' lang='lat' dir='ltr'><strong>illa.</strong></span> <span class='ocrx_word' id='word_1_828' title='bbox 3483 4822 3619 4890; x_wconf 83' lang='lat' dir='ltr'><strong>Quia</strong></span> <span class='ocrx_word' id='word_1_829' title='bbox 3655 4832 3923 4895; x_wconf 84' lang='lat' dir='ltr'><strong>respectu</strong></span> 
     </span>
     <span class='ocr_line' id='line_1_106' title="bbox 2320 4909 3929 4985; baseline 0.001 -17"><span class='ocrx_word' id='word_1_830' title='bbox 2320 4911 2467 4968; x_wconf 88' lang='lat' dir='ltr'><strong>illius</strong></span> <span class='ocrx_word' id='word_1_831' title='bbox 2495 4925 2556 4966; x_wconf 90' lang='lat' dir='ltr'><strong>re</strong></span> <span class='ocrx_word' id='word_1_832' title='bbox 2583 4926 2714 4968; x_wconf 88' lang='lat' dir='ltr'><strong>vera</strong></span> <span class='ocrx_word' id='word_1_833' title='bbox 2739 4917 2959 4976; x_wconf 81' lang='lat' dir='ltr'><strong>nonest</strong></span> <span class='ocrx_word' id='word_1_834' title='bbox 2985 4909 3313 4969; x_wconf 81' lang='lat' dir='ltr'><strong>sufficienter</strong></span> <span class='ocrx_word' id='word_1_835' title='bbox 3340 4911 3719 4985; x_wconf 90' lang='lat' dir='ltr'><strong>promulgata,</strong></span> <span class='ocrx_word' id='word_1_836' title='bbox 3748 4921 3804 4970; x_wconf 92' lang='lat' dir='ltr'><strong>et</strong></span> <span class='ocrx_word' id='word_1_837' title='bbox 3833 4913 3929 4972; x_wconf 88' lang='lat' dir='ltr'><strong>illa.</strong></span> 
     </span>
     <span class='ocr_line' id='line_1_107' title="bbox 2316 4999 3919 5076; baseline 0.001 -18"><span class='ocrx_word' id='word_1_838' title='bbox 2316 5001 2516 5059; x_wconf 81' lang='lat' dir='ltr'><strong>&#39;notitia</strong></span> <span class='ocrx_word' id='word_1_839' title='bbox 2545 5016 2641 5074; x_wconf 89' lang='lat' dir='ltr'><strong>per</strong></span> <span class='ocrx_word' id='word_1_840' title='bbox 2671 5001 2925 5074; x_wconf 89' lang='lat' dir='ltr'><strong>angelum</strong></span> <span class='ocrx_word' id='word_1_841' title='bbox 2952 4999 3150 5058; x_wconf 90' lang='lat' dir='ltr'><strong>collata</strong></span> <span class='ocrx_word' id='word_1_842' title='bbox 3180 5017 3289 5059; x_wconf 91' lang='lat' dir='ltr'><strong>non</strong></span> <span class='ocrx_word' id='word_1_843' title='bbox 3320 5004 3554 5074; x_wconf 88' lang='lat' dir='ltr'><strong>pertinet</strong></span> <span class='ocrx_word' id='word_1_844' title='bbox 3577 5002 3642 5059; x_wconf 92' lang='lat' dir='ltr'><strong>ad</strong></span> <span class='ocrx_word' id='word_1_845' title='bbox 3671 5002 3919 5076; x_wconf 87' lang='lat' dir='ltr'><strong>promul-</strong></span> 
     </span>
     <span class='ocr_line' id='line_1_108' title="bbox 2321 5091 3917 5168; baseline 0.001 -18"><span class='ocrx_word' id='word_1_846' title='bbox 2321 5095 2626 5168; x_wconf 87' lang='lat' dir='ltr'><strong>gationem,</strong></span> <span class='ocrx_word' id='word_1_847' title='bbox 2657 5108 2756 5149; x_wconf 87' lang='lat' dir='ltr'><strong>nec</strong></span> <span class='ocrx_word' id='word_1_848' title='bbox 2796 5091 2864 5148; x_wconf 88' lang='lat' dir='ltr'><strong>ad</strong></span> <span class='ocrx_word' id='word_1_849' title='bbox 2905 5091 3197 5149; x_wconf 87' lang='lat' dir='ltr'><strong>humanam</strong></span> <span class='ocrx_word' id='word_1_850' title='bbox 3240 5093 3503 5150; x_wconf 88' lang='lat' dir='ltr'><strong>notitiam.</strong></span> <span class='ocrx_word' id='word_1_851' title='bbox 3537 5092 3693 5160; x_wconf 87' lang='lat' dir='ltr'><strong>Quod</strong></span> <span class='ocrx_word' id='word_1_852' title='bbox 3735 5100 3917 5152; x_wconf 86' lang='lat' dir='ltr'><strong>tamen</strong></span> 
     </span>
     <span class='ocr_line' id='line_1_109' title="bbox 2324 5184 3923 5258; baseline -0.001 -16"><span class='ocrx_word' id='word_1_853' title='bbox 2324 5200 2489 5244; x_wconf 87' lang='lat' dir='ltr'><strong>secus</strong></span> <span class='ocrx_word' id='word_1_854' title='bbox 2515 5193 2691 5258; x_wconf 89' lang='lat' dir='ltr'><strong>esset,</strong></span> <span class='ocrx_word' id='word_1_855' title='bbox 2724 5184 2767 5240; x_wconf 90' lang='lat' dir='ltr'><strong>si</strong></span> <span class='ocrx_word' id='word_1_856' title='bbox 2803 5190 2929 5256; x_wconf 93' lang='lat' dir='ltr'><strong>post</strong></span> <span class='ocrx_word' id='word_1_857' title='bbox 2954 5190 3172 5255; x_wconf 89' lang='lat' dir='ltr'><strong>tempus</strong></span> <span class='ocrx_word' id='word_1_858' title='bbox 3200 5184 3473 5241; x_wconf 81' lang='lat' dir='ltr'><strong>sufficiens</strong></span> <span class='ocrx_word' id='word_1_859' title='bbox 3494 5223 3510 5256; x_wconf 95' lang='lat'><strong>,</strong></span> <span class='ocrx_word' id='word_1_860' title='bbox 3540 5192 3598 5240; x_wconf 89' lang='lat' dir='ltr'><strong>et</strong></span> <span class='ocrx_word' id='word_1_861' title='bbox 3634 5193 3763 5256; x_wconf 87' lang='lat' dir='ltr'><strong>post</strong></span> <span class='ocrx_word' id='word_1_862' title='bbox 3790 5199 3923 5256; x_wconf 88' lang='lat' dir='ltr'><strong>pro-</strong></span> 
     </span>
    </p>
   </div>
   <div class='ocr_carea' id='block_1_5' title="bbox 2324 5273 3921 5351">
    <p class='ocr_par' dir='ltr' id='par_1_10' title="bbox 2324 5273 3921 5351">
     <span class='ocr_line' id='line_1_110' title="bbox 2324 5273 3921 5351; baseline 0 -14"><span class='ocrx_word' id='word_1_863' title='bbox 2324 5275 2712 5351; x_wconf 86' lang='lat' dir='ltr'><strong>mulgationem</strong></span> <span class='ocrx_word' id='word_1_864' title='bbox 2741 5273 2807 5332; x_wconf 92' lang='lat' dir='ltr'><strong>de</strong></span> <span class='ocrx_word' id='word_1_865' title='bbox 2845 5290 2903 5332; x_wconf 88' lang='lat' dir='ltr'><strong>se</strong></span> <span class='ocrx_word' id='word_1_866' title='bbox 2930 5282 3369 5336; x_wconf 86' lang='lat' dir='ltr'><strong>consummatam</strong></span> <span class='ocrx_word' id='word_1_867' title='bbox 3405 5275 3603 5350; x_wconf 90' lang='lat' dir='ltr'><strong>aliquis</strong></span> <span class='ocrx_word' id='word_1_868' title='bbox 3644 5280 3921 5351; x_wconf 82' lang='lat' dir='ltr'><strong>reciperet</strong></span> 
     </span>
    </p>
   </div>
  </div>
 </body>
</html>
