4325 6267
800 350 929 417 318
982 374 993 383 “

716 492 1118 565 sollicitudinis,
1150 493 1279 551 licet
1304 489 1528 565 modus,
1558 488 1936 549 determinatio
1954 528 1971 561 ,
2000 492 2059 546 et
2086 485 2309 545 collatio

716 586 999 659 potestatis
1029 602 1126 660 per
1154 584 1439 643 arbitrium
1465 590 1523 643 et
1546 580 1788 657 prudens
1818 580 2085 640 iudicium
2124 580 2313 637 Ponti-

716 678 883 734 licum
910 663 1055 735 sacta
1080 676 1171 749 sit,
1201 682 1258 733 et
1284 676 1499 749 augeri,
1527 674 1613 732 vel
1645 670 1862 731 limitari
1892 671 2085 745 possit.
2118 672 2190 729 Ut
2215 685 2312 727 au-

716 774 829 825 tem
858 766 993 823 baec
1022 767 1198 824 omnia
1226 765 1457 823 clariora
1485 766 1634 835 fiant,
1664 770 1719 821 et
1746 760 1815 821 ad
1842 777 2032 820 omnes
2070 758 2311 834 singula-

717 872 809 916 res
824 873 1110 932 personas,
1131 874 1273 932 quae
1294 857 1443 929 leges
1464 855 1875 914 ecclesiasticas
1896 854 2037 911 serre
2057 856 2311 926 possunt,

718 949 909 1007 melius
938 949 1307 1023 applicentur,
1337 946 1599 1005 nonnulla
1625 945 1925 1019 peculiaria
1950 944 2117 1003 dubia
2146 943 2200 1000 in
2229 958 2315 1000 se-

716 1042 905 1113 quenti
930 1040 1107 1114 capite
1134 1054 1532 1114 proponemus,
1561 1044 1619 1095 et
1644 1052 2001 1111 exponemus.

1308 1216 1588 1287 CAPUT
1628 1193 1716 1285 v.

775 1398 1146 1460 Deciduntur
1171 1398 1469 1459 nonnulla
1493 1397 1705 1468 dubia,
1740 1398 1956 1492 quibas
1977 1396 2259 1456 doctrina

924 1493 1249 1567 superioris
1275 1492 1489 1567 capitis
1516 1494 1711 1563 maqis
1736 1488 2100 1564 explicatur.

1287 1657 1733 1722 summarium

722 1835 770 1885 1.
799 1836 1025 1887 Primum
1047 1834 1605 1900 dubium-Episcopi
1631 1847 1733 1885 non
1757 1840 1969 1898 possunt
1992 1832 2190 1897 aliquid
2215 1838 2321 1885 sta-

790 1912 939 1957 tuere
963 1914 1141 1958 contra
1166 1908 1248 1958 ius
1272 1918 1557 1967 commune,
1584 1905 1665 1955 vel
1686 1906 1826 1955 circa
1844 1915 1925 1964 ea,
1946 1916 2078 1967 quae
2098 1903 2232 1967 Papa
2251 1903 2320 1953 si-

787 1977 841 2027 bi
868 1977 1162 2042 specialiter
1187 1977 1491 2028 reservavit.
1513 2004 1583 2013 —
1600 1976 1747 2027 Circa
1772 1973 1907 2039 quod
1931 1974 2200 2038 episcopus
2231 1988 2321 2038 po-

787 2046 892 2098 test
918 2048 1000 2099 vel
1026 2060 1125 2098 non
1160 2054 1331 2111 potest
1364 2045 1763 2097 statuere—2.
1803 2044 2232 2109 Arcbiepiscopus
2266 2044 2322 2095 in

788 2118 895 2169 suis
920 2117 1323 2182 particularibus
1345 2117 1669 2169 dioecesibus
1701 2116 1837 2165 idem
1862 2120 2031 2179 potest
2048 2151 2061 2175 ‚
2096 2113 2234 2179 quod
2267 2126 2322 2165 e-

788 2188 1025 2253 piseopus
1048 2188 1100 2237 in
1128 2188 1403 2239 suis.—3.
1440 2187 1734 2239 cardinales
1766 2186 1820 2235 in
1852 2185 2087 2236 ecclesiis
2121 2190 2322 2235 tantum

786 2272 997 2310 suorum
1016 2258 1288 2311 titulorum
1308 2264 1521 2323 possunt
1539 2257 1679 2307 ferre
1698 2256 2168 2318 leges.—Legatus
2186 2268 2322 2305 sum-

787 2329 855 2379 mi
868 2328 1127 2381 Pontificis
1146 2328 1301 2380 hahet
1315 2334 1620 2392 potestatem
1640 2325 1839 2378 ferendi
1858 2326 2001 2389 leges
2020 2326 2072 2375 in
2092 2338 2184 2375 sua
2206 2338 2323 2389 pro-

790 2399 1109 2451 vincia—4.
1124 2400 1280 2449 Nemo
1303 2399 1435 2449 alius
1453 2397 1609 2449 habet
1628 2402 1937 2462 potestatem
1956 2396 2156 2447 ferendi
2182 2396 2322 2459 leges

746 2511 758 2525 ,
786 2469 1215 2521 canonicas—5.
1244 2469 1387 2521 Dicta
1412 2476 1617 2533 patrum
1642 2482 1740 2519 non
1766 2466 2026 2531 accipiunt
2053 2468 2154 2517 vim
2192 2466 2324 2528 legis

787 2553 849 2590 ex
883 2553 965 2602 eo,
1001 2538 1137 2605 quod
1170 2552 1199 2589 a
1232 2539 1474 2590 Gratiano
1506 2539 1611 2591 sint
1645 2538 1696 2590 in
1732 2551 1827 2589 suo
1859 2536 2071 2588 decreto
2104 2538 2320 2597 inserta,

790 2610 889 2661 nisi
926 2616 1094 2661 tamen
1126 2610 1330 2675 quando
1361 2610 1429 2661 ab
1461 2610 1635 2674 aliquo
1668 2606 1911 2661 Pontifice
1946 2606 2140 2658 fuerint
2173 2620 2325 2658 cano-

789 2682 978 2731 nizata.

808 2841 857 2897 1.
891 2840 1135 2897 Primum
1162 2838 1391 2901 dubium
1428 2844 1534 2913 est,
1579 2845 1768 2897 utrum
1804 2838 2104 2912 episcopus
2147 2820 2324 2911 possit

722 2931 965 2989 condere
995 2931 1143 3005 leges
1170 2932 1285 2988 sine
1314 2930 1597 2989 voluntate
1625 2932 1831 3004 Papae,
1861 2936 1919 2987 et
1945 2944 2087 3003 quae
2126 2928 2320 3002 regula

724 3023 780 3079 in
812 3020 917 3078 hac
946 3022 1175 3081 materia
1203 3022 1471 3081 servanda
1497 3021 1586 3093 sit,
1616 3021 1889 3092 videlicet,
1913 3037 1981 3078 an
2013 3022 2188 3092 possit
2209 3022 2320 3092 epi-

723 3128 927 3186 scopus
956 3112 1223 3186 quidquid
1249 3112 1295 3169 ei
1324 3128 1433 3170 non
1461 3110 1780 3189 prohibetur
1794 3140 1827 3184 ,·
1842 3110 1931 3169 vel
1962 3112 2143 3169 solum
2170 3110 2320 3185 quod

724 3203 772 3261 ei
802 3202 1147 3261 conceditur.
1178 3204 1237 3259 ln
1268 3219 1380 3277 quo
1408 3204 1587 3275 primo
1613 3201 1909 3261 dicendum
1948 3209 2063 3276 est,
2106 3201 2322 3275 episco-

724 3307 826 3366 pos
855 3309 963 3350 non
989 3308 1155 3366 posse
1181 3292 1329 3367 leges
1356 3292 1498 3350 serre
1526 3293 1580 3349 in
1620 3294 1808 3366 rebus,
1852 3308 1991 3366 quas
2014 3295 2178 3366 -Papa
2217 3293 2320 3350 sibi

725 3382 1039 3455 specialiter
1068 3384 1390 3455 reservavit,
1422 3381 1528 3439 illis
1557 3380 1812 3440 videlicet
1836 3382 2021 3457 aliquo
2048 3380 2212 3441 modo
2232 3394 2320 3439 res

724 3477 1052 3546 pugnantes.
1082 3474 1199 3530 Hoc
1228 3479 1316 3530 est
1342 3473 1713 3531 certissimum
1756 3488 1823 3529 ex
1867 3471 2320 3529 subordinatione

722 3560 933 3634 debita,
966 3562 1308 3636 habeturque
1349 3563 1403 3617 in
1431 3578 1555 3633 cap.
1596 3567 1644 3619 1.
1671 3559 1736 3618 de
1784 3562 2032 3620 translat.
2066 3563 2315 3635 episcop.

722 3659 781 3709 et
805 3667 928 3725 cap.
970 3659 1019 3711 1.
1052 3659 1109 3711 et
1135 3658 1189 3712 2.
1231 3652 1297 3710 de
1328 3652 1573 3726 reliquiis
1598 3660 1657 3710 et
1683 3660 1928 3711 venerat.
1971 3652 2315 3727 sanctorum,

724 3747 782 3799 et
806 3758 928 3815 cap.
960 3741 1062 3799 ult.
1096 3741 1161 3799 de
1182 3742 1447 3815 religiosis
1467 3741 1740 3800 domibus.
1762 3740 1915 3801 Unde
1937 3741 2178 3800 secundo
2199 3758 2322 3800 cer-

726 3841 843 3892 tum
872 3838 977 3904 est,
1010 3850 1119 3891 non
1148 3849 1307 3905 posse
1337 3832 1537 3907 aliquid
1563 3839 1803 3891 statuere
1829 3839 2022 3890 contra
2048 3834 2135 3889 ius
2165 3848 2318 3890 com·-

725 3939 912 3996 mune,
935 3924 1064 3996 quia
1091 3939 1156 3980 eo
1175 3923 1293 3996 ipso
1316 3932 1687 3997 repugnarent
1709 3924 1975 3982 voluntati
1998 3924 2315 3996 superioris,

723 4018 780 4070 et
805 4013 1042 4071 sumitur
1071 4028 1139 4069 ex
1165 4029 1220 4069 ο.
1254 4018 1309 4072 2.
1344 4012 1413 4070 de
1441 4012 1645 4071 locato.
1676 4015 1855 4072 Tertio
1885 4013 2232 4088 addendum,
2263 4016 2316 4071 in

724 4102 1069 4177 gravioribus
1109 4102 1292 4160 causis
1318 4102 1449 4159 nihil
1480 4120 1639 4175 posse
1666 4111 1928 4176 statuere,
1953 4104 2081 4178 quia
2102 4120 2202 4178 per
2222 4120 2318 4179 ge·

725 4192 965 4250 neraldm
997 4192 1245 4266 regulam
1274 4190 1401 4251 Sedi
1439 4194 1771 4265 apostolicae
1812 4201 1943 4253 sunt
1981 4203 2314 4254 reservatae.

728 4284 891 4340 Notat
914 4281 1107 4340 Glossa
1130 4284 1183 4339 in
1212 4298 1337 4355 cap.
1367 4287 1423 4341 2.
1453 4282 1521 4341 de
1551 4284 1783 4342 maiorit.
1809 4292 1867 4341 et
1886 4284 2156 4343 obedient.
2181 4288 2316 4343 Item

727 4372 919 4432 Glossa
947 4372 999 4429 in
1028 4386 1153 4445 cap.
1184 4377 1243 4445 2,
1272 4370 1297 4440 ἒ
1314 4388 1518 4448 porra,
1546 4373 1789 4432 distinct.
1817 4380 1871 4447 3,
1896 4382 1954 4433 et
1981 4381 2067 4447 18,
2092 4376 2143 4431 in
2167 4377 2317 4450 prin-

726 4464 889 4538 cipio,
924 4464 1102 4522 Abbas
1130 4465 1186 4519 in
1214 4479 1339 4536 cap.
1372 4462 1473 4520 ult.
1504 4463 1573 4520 de
1601 4464 1751 4521 offic.
1785 4465 1967 4538 legati,
1997 4482 2150 4522 num.
2180 4474 2234 4539 5,
2259 4474 2318 4523 et

730 4556 971 4611 sumitur
987 4571 1054 4612 ex
1068 4568 1193 4627 cap.
1206 4556 1565 4630 Praeceptis,
1580 4554 1823 4613 distinct.
1847 4560 1907 4615 12
1921 4600 1935 4627 ,
1947 4563 2004 4614 et
2014 4573 2137 4630 cap.
2156 4556 2318 4617 Mul-

727 4647 823 4712 tis,
863 4643 1293 4705 distinct.17.et
1319 4660 1442 4717 cap.
1472 4646 1761 4709 Maiores,
1778 4646 1845 4704 de
1872 4646 2160 4721 baptismo.
2186 4650 2316 4706 Pro-

726 4734 891 4792 batur
918 4734 1081 4791 etiam
1110 4750 1177 4791 ex
1202 4735 1439 4807 generali
1464 4736 1751 4811 principio,
1783 4738 1887 4795 sub
1914 4739 2153 4813 generali
2183 4754 2316 4797 eou-

729 4824 973 4883 cessione
1003 4840 1109 4881 non
1137 4826 1317 4883 venire
1344 4842 1429 4897 ea,
1448 4826 1664 4902 quaein
1688 4827 1870 4899 specie
1892 4844 1998 4885 non
2020 4836 2205 4889 essent
2222 4846 2317 4887 ve-

726 4914 1023 4973 risimiliter
1041 4915 1394 4973 concedenda
1415 4932 1540 4990 cap.
1556 4916 1660 4974 ult.
1676 4917 1742 4975 de
1764 4916 1945 4977 officio
1961 4920 2165 4993 vicarii,
2188 4922 2242 4976 in
2256 4925 2311 4994 6,

728 5012 785 5063 et
810 5006 1011 5078 optime
1035 5005 1104 5064 ad
1130 5022 1247 5065 rem
1277 5013 1625 5089 praesentem
1650 5010 1706 5064 in
1734 5024 1857 5082 cap.
1910 5007 2079 5087 Quod
2116 5016 2316 5069 trans-

728 5095 1033 5173 lationem,
1066 5098 1157 5156 ubi
1182 5097 1449 5156 adnotant
1473 5100 1840 5159 Panormitan.
1870 5106 1926 5158 et
1952 5101 2039 5158 alii
2058 5144 2072 5173 ,
2104 5109 2161 5160 et
2186 5104 2314 5160 Bar-

730 5188 827 5247 tol.
856 5190 910 5245 in
933 5188 970 5245 l.
1000 5190 1216 5249 Omnes
1234 5187 1456 5264 populi,
1486 5188 1540 5247 fl'.
1565 5189 1633 5248 de
1660 5191 1867 5248 iustitia
1886 5197 1945 5248 et
1973 5190 2112 5264 iure,
2136 5210 2192 5250 n.
2215 5196 2308 5251 26.

729 5280 997 5339 Dicuntur
1024 5294 1153 5337 vero
1188 5296 1309 5338 esse
1348 5279 1625 5354 graviora,
1670 5295 1813 5355 quae
1850 5281 1921 5339 ad
1956 5270 2157 5341 novam
2193 5282 2316 5343 fidei

2181 358 2384 409 LIBER
2411 359 2505 409 lv.

2379 483 2805 543 declarationem
2825 523 2842 556 ,
2891 484 2975 543 vel
3024 472 3515 560 promulgationem
3543 486 3844 559 pertinent,
3887 486 3978 545 vel

2378 593 2522 650 quae
2564 585 2913 634 concernunt
2949 582 3153 634 statum
3195 576 3512 635 universalis
3551 577 3866 650 Ecclesiae,
3913 584 3982 635 ut

2379 684 2436 722 v.
2451 686 2508 742 g.
2535 667 2868 725 continentia
2891 667 3262 740 sacerdotum,
3277 673 3376 726 aut
3393 683 3537 745 quae
3553 675 3859 742 repugnant
3869 669 3980 742 pri-

2382 758 2610 831 vilegiis,
2623 756 2708 815 vel
2731 757 3222 815 consuetudinibus
3245 758 3663 832 universalibus,
3677 760 3830 817 iuxta
3847 775 3976 833 cap.

2387 851 2544 908 Cum
2571 847 2841 916 dilectus,
2870 847 2936 904 de
2960 848 3291 906 consuetud.
3317 850 3409 907 ubi
3429 848 3618 908 Glossa
3639 849 3805 908 verbo
3836 866 3976 907 con-

2382 942 2643 997 stitutus.
2675 940 2811 996 Item
2843 954 3006 996 unam
3035 938 3328 997 ecclesiam
3356 939 3509 997 alteri
3537 940 3829 1002 subiicere.
3875 948 3978 999 aut

2381 1028 2523 1087 duos
2552 1030 2928 1101 episcopatus,
2958 1028 3043 1085 rel
3073 1044 3246 1085 unum
3271 1030 3327 1086 in
3353 1028 3494 1087 duos
3525 1028 3785 1105 dividere,
3808 1038 3876 1088 ut
3895 1030 3980 1088 di-

2381 1122 2531 1177 citur
2559 1119 2610 1176 in
2638 1119 2785 1177 dicto
2814 1134 2939 1191 cap.
2981 1119 3156 1196 Quod
3181 1119 3663 1188 translationem,
3707 1128 3766 1179 et
3804 1122 3982 1179 simile

2383 1216 2532 1267 esset
2556 1209 3028 1284 quadragesimale
3057 1210 3318 1269 ieiunium
3348 1219 3564 1269 mutare
3583 1253 3598 1283 ,
3627 1212 3712 1269 vel
3741 1211 3871 1287 quid
3901 1214 3978 1269 si·

2383 1301 2532 1359 mile.
2561 1302 2727 1359 Extra
2756 1300 2856 1358 bos
2882 1316 3011 1358 vero
3039 1317 3204 1358 casus
3231 1316 3332 1374 pro
3360 1301 3604 1376 generali
3644 1303 3836 1375 regula
3875 1302 3976 1359 ha-

2381 1392 2626 1450 bendum
2655 1399 2758 1462 est,
2785 1392 3102 1466 episcopum
3133 1408 3244 1451 non
3271 1408 3430 1467 agere
3451 1393 3682 1468 positiva
3709 1394 3982 1468 approba-

2380 1482 2546 1553 tione,
2585 1470 3012 1555 confirmatione,
3043 1491 3143 1542 aut
3169 1487 3526 1543 concessione
3546 1486 3826 1559 Papae,ut
3851 1502 3982 1558 pos·

2383 1575 2458 1630 sit
2484 1578 2692 1632 statuta
2716 1573 2956 1631 condere
2979 1574 3044 1631 de
3067 1591 3126 1632 se
3147 1575 3303 1633 tirma
3323 1592 3387 1633 ac
3411 1580 3692 1649 perpetua,
3716 1577 3849 1649 quia
3869 1577 3982 1633 boc

2385 1663 2640 1720 convenit
2673 1664 2749 1722 illi
2777 1666 2896 1721 iure
2925 1663 3227 1737 ordinario,
3268 1681 3391 1738 cap.
3435 1671 3492 1733 2,
3535 1665 3604 1723 de
3641 1668 3877 1723 maiorit.
3923 1672 3984 1723 et

2385 1753 2658 1811 obedient.
2691 1770 2814 1827 cap.
2847 1758 2902 1811 2.
2935 1753 3004 1813 de
3030 1756 3319 1813 constitut.
3353 1757 3410 1811 in
3439 1760 3496 1825 6,
3523 1764 3672 1817 etex
3713 1764 3983 1829 perpetua

2387 1843 2806 1916 consuetudine,
2831 1861 2896 1903 ac
2921 1845 3211 1904 traditione
3230 1846 3531 1913 Ecclesiae,
3547 1864 3727 1922 neque
3753 1854 3842 1905 est
3868 1847 3984 1906 ulla

2382 1936 2520 1993 ratio
2546 1932 2615 1991 ad
2640 1934 2974 1993 limitandam
3002 1936 3142 1993 hanc
3169 1937 3414 2010 episcopi
3441 1944 3786 2010 potestatem.

2464 2024 2780 2084 Secundum
2809 2026 3038 2084 dubium
3077 2033 3164 2083 est
3187 2069 3201 2098 ,
3245 2032 3436 2084 utrum
3477 2027 3770 2101 episcopus
3811 2030 3990 2101 possit

2391 2116 2508 2172 sine
2537 2117 2790 2188 consilio,
2825 2115 2906 2175 vel
2937 2132 3209 2174 consensu
3233 2116 3460 2189 capituli
3481 2125 3580 2175 aut
3598 2118 3754 2189 cleri,
3777 2122 3988 2176 statuta

2387 2205 2639 2264 efficere.
2671 2208 2850 2281 Aliqui
2879 2207 3020 2264 enim
3047 2206 3101 2263 id
3129 2207 3406 2266 affirmant
3430 2225 3498 2266 ex
3524 2208 3716 2268 Glossa
3759 2208 3812 2265 in
3851 2226 3979 2281 cap.

2393 2298 2618 2370 Siquis,
2654 2296 2722 2354 de
2751 2298 3052 2357 maioritate
3075 2305 3136 2356 et
3161 2297 3428 2357 obedient.
3459 2298 3558 2357 sed
3592 2298 3686 2356 illa
3709 2300 3904 2358 Glossa
3929 2302 3984 2359 id

2391 2402 2500 2444 non
2530 2386 2684 2459 dicit,
2715 2388 2812 2446 sed
2843 2388 3020 2445 solum
3048 2390 3155 2462 ait,
3199 2404 3360 2459 posse
3383 2389 3672 2462 episcopos
3711 2390 3986 2447 constitu-

2389 2478 2564 2535 tiones
2594 2479 2792 2536 l'acere.
2825 2476 2974 2538 Unde
3001 2480 3362 2537 panormitan.
3405 2495 3531 2552 cap.
3575 2481 3674 2539 ult.
3717 2480 3786 2538 de
3827 2481 3983 2539 offic.

2389 2566 2576 2643 legati,
2611 2570 2858 2628 absolute
2885 2569 2941 2626 id
2970 2576 3154 2644 negat,
3177 2569 3418 2646 citatque
3445 2572 3631 2629 Ioann.
3659 2572 3831 2630 Andr.
3853 2578 3912 2629 et
3933 2572 3989 2629 id

2391 2658 2600 2732 colligit
2628 2676 2696 2717 ex
2721 2675 2847 2732 cap.
2881 2657 3068 2727 Novit,
3105 2667 3162 2718 et
3187 2676 3312 2733 cap.
3354 2664 3613 2737 Quanto,
3641 2662 3710 2721 de
3729 2664 3816 2734 iis,
3840 2678 3988 2736 quae

2389 2748 2531 2806 flunt
2551 2766 2582 2806 a
2607 2750 2848 2822 praelato
2871 2750 2984 2807 sine
3003 2766 3281 2808 consensu
3301 2750 3546 2823 capituli.
3563 2753 3712 2820 Quae
3733 2752 3854 2810 iura
3875 2768 3988 2810 non

2388 2839 2699 2913 loquuntur
2720 2839 2790 2898 de
2811 2841 3055 2912 statutiS,
3079 2840 3176 2898 sed
3195 2839 3262 2897 de
3283 2841 3678 2899 obiectionibus
3699 2842 3980 2899 bonorum

2388 2929 2690 3003 Ecclesiae,
2723 2938 2780 2989 et
2806 2932 2922 2988 aliis
2951 2930 3218 2989 similibus
3241 2931 3496 3005 negotiis,
3521 2948 3662 3005 quae
3682 2932 3750 2989 ab
3769 2935 3988 3005 episco-

2389 3036 2462 3093 po
2495 3024 2609 3079 sine
2637 3022 2876 3096 capitulo
2908 3010 3152 3079 facienda
3179 3037 3288 3080 non
3316 3027 3465 3079 sunt.
3495 3022 3652 3080 Unde
3687 3021 3986 3081 dicendum

2388 3119 2550 3186 puto,
2563 3112 2813 3171 eamdem
2839 3112 2954 3169 sere
2973 3111 3218 3185 regulam
3241 3112 3326 3168 hic
3345 3127 3467 3168 esse
3483 3111 3990 3190 servandam,quae

2387 3201 2438 3257 in
2466 3203 2718 3275 proximo
2747 3202 3088 3261 antecedenti
3119 3209 3325 3274 puncto
3356 3203 3534 3273 posita
3570 3209 3674 3260 est.
3717 3203 3856 3260 Nam
3894 3219 3984 3259 re·

2387 3294 2653 3366 gulariter
2679 3295 2974 3367 episcopus
3001 3309 3109 3351 non
3137 3292 3337 3365 pendet
3363 3293 3413 3349 in
3439 3292 3674 3350 ferendis
3712 3292 3924 3367 legibus
3952 3308 3988 3348 a

2388 3384 2652 3457 capitulo,
2682 3386 2814 3458 quia
2841 3398 2950 3440 non
2978 3382 3141 3441 habet
3179 3382 3247 3439 ab
3287 3382 3376 3439 illo
3409 3389 3767 3456 potestatem,
3809 3382 3906 3440 sed
3946 3400 3982 3440 a

2387 3476 2552 3548 Papa,
2566 3490 2600 3531 υ
2623 3491 2736 3547 quo
2757 3476 2812 3531 in
2833 3490 2936 3531 suo
2958 3473 3134 3547 gradu
3157 3474 3488 3531 constitutus
3507 3480 3594 3530 est
3611 3474 3866 3547 princeps
3889 3474 3990 3532 ha-

2391 3565 2528 3623 bens
2570 3568 2814 3640 regimen
2855 3562 3294 3635 monarchicum,
3337 3564 3464 3637 quia
3505 3564 3610 3621 boc
3648 3571 3769 3622 erat
3808 3565 3986 3637 magis

2387 3662 2818 3714 consentaneum
2845 3654 3026 3711 divino
3053 3654 3178 3711 iuri.
3209 3655 3372 3725 item,
3399 3652 3530 3726 quia
3557 3652 3708 3711 nullo
3735 3653 3856 3710 iure
3885 3653 3984 3711 ad-

2387 3746 2604 3805 hibetur
2630 3745 2767 3805 haec
2794 3744 3040 3803 limitatio
3071 3744 3354 3817 potestatis
3379 3744 3728 3817 episcopalis,
3757 3759 3862 3803 nec
3896 3752 3981 3803 ta·

2385 3837 2453 3894 lis
2479 3836 2834 3911 dependentia
2859 3836 3084 3910 praelati
3111 3852 3140 3892 a
3169 3834 3400 3893 subditis
3427 3836 3480 3891 in
3503 3835 3714 3910 legibus
3734 3837 3984 3895 ferendis

2385 3931 2636 4003 sequitur
2663 3944 2727 3985 ex
2757 3926 3034 4002 principiis
3059 3924 3434 3997 naturalibus,
3464 3941 3595 4000 ergo
3621 3942 3732 3983 non
3759 3934 3846 3984 est
3875 3943 3980 3999 pro

2384 4018 2626 4093 generali
2648 4017 2842 4093 regula
2863 4015 3262 4085 constituenda3
3287 4016 3469 4073 solum
3489 4032 3626 4090 ergo
3647 4016 3752 4075 dici
3774 4024 3980 4089 potest,

2385 4125 2507 4167 esse
2531 4108 2903 4166 necessarium
2926 4106 3226 4164 concilium
3253 4106 3333 4163 vel
3354 4123 3690 4165 consensum
3711 4101 3986 4180 cler'i,aut

2385 4200 2549 4257 etiam
2578 4197 2764 4271 populi
2791 4197 2844 4253 in
2873 4196 3094 4253 casibus
3120 4210 3152 4252 a
3178 4196 3296 4253 iure
3335 4199 3606 4269 expressis
3627 4240 3642 4271 ,
3680 4189 3766 4254 rel
3801 4197 3856 4255 in
3897 4198 3984 4257 his

2388 4290 2584 4362 rebus,
2638 4304 2784 4362 quae
2831 4286 3125 4360 specialem
3163 4286 3431 4345 rationem
3469 4286 3554 4344 vel
3593 4289 3984 4347 necessitatem

2386 4379 2782 4452 praeseferunt.
2827 4376 3152 4451 Exemplum
3192 4376 3386 4448 prioris
3438 4378 3609 4449 partis
3649 4377 3884 4435 babetur
3923 4380 3982 4434 in

2383 4486 2512 4542 cap.
2537 4455 2646 4527 ult.
2679 4469 2746 4526 de
2773 4466 2953 4540 seriis,
2984 4466 3134 4525 etde
3163 4466 3252 4524 illo
3284 4466 3392 4524 late
3416 4465 3527 4524 dixi
3553 4468 3604 4523 in
3631 4474 3778 4525 tomo
3819 4469 3862 4525 1.
3907 4467 3985 4525 de

2380 4559 2680 4635 religione,
2715 4564 3028 4630 tractat.·2,
3057 4558 3150 4614 lib.
3181 4562 3241 4630 2,
3271 4572 3396 4630 ουρ.
3433 4560 3524 4632 11,
3555 4575 3588 4615 a
3613 4574 3766 4616 num.
3787 4562 3842 4619 7.
3867 4560 3983 4619 Ex-

2381 4650 2562 4723 empla
2590 4648 2812 4707 alterius
2835 4650 3010 4721 partis
3031 4653 3178 4721 sunt,
3192 4649 3238 4705 si
3260 4648 3404 4721 leges
3423 4648 3667 4721 episcopi
3687 4648 3984 4722 disponant

2381 4741 2449 4800 de
2476 4742 2675 4812 rebus,
2707 4754 2852 4814 quae
2878 4745 3113 4812 possunt
3137 4738 3334 4797 cedere
3365 4739 3419 4795 in
3446 4736 3842 4813 praeiudicium
3883 4756 3982 4797 ca-

2383 4832 2542 4907 pituli
2569 4836 2666 4889 aut
2691 4830 2845 4901 cleri,
2876 4830 3230 4903 proportione
3257 4836 3504 4903 servata,
3535 4836 3600 4888 ut
3624 4831 3667 4888 si
3695 4832 3801 4889 sint
3835 4818 3980 4889 conss

2382 4927 2468 4980 tra
2491 4920 2837 4994 privilegium
2863 4935 2894 4975 a
2921 4920 3202 4993 superiore
3223 4919 3324 4977 illis
3345 4936 3696 4993 concessum,
3727 4922 3814 4979 vel
3841 4938 3980 4981 con-

2381 5020 2464 5070 tra
2479 5012 2869 5084 praescriptam
2891 5010 3366 5069 consuetudinem.
3381 5011 3452 5069 Et
3472 5012 3576 5069 hoc
3597 5010 3665 5069 ad
3689 5028 3976 5073 summum

2381 5109 2565 5175 potest
2589 5101 2776 5175 colligi
2800 5118 2898 5175 per
2919 5107 3302 5176 argumentum
3321 5119 3353 5158 a
3373 5102 3532 5159 simili
3554 5118 3622 5161 ex
3641 5102 3802 5161 dictis
3824 5107 3977 5178 capi·

2380 5193 2522 5250 tibus
2552 5194 2748 5260 Novit,
2779 5198 2837 5250 et
2861 5208 2984 5266 cap.
3025 5195 3277 5268 Quanto,
3313 5200 3369 5249 et
3410 5194 3585 5267 magis
3623 5208 3692 5251 ex
3725 5210 3850 5267 cap.
3873 5197 3980 5254 Ve-

2382 5289 2531 5352 stra,
2566 5283 2634 5341 de
2661 5283 2865 5359 locat03
2893 5290 2954 5341 et
2975 5290 3066 5341 est
3085 5283 3222 5341 haec
3245 5284 3553 5344 communis
3575 5286 3862 5345 sententia.
3876 5288 3980 5347 Fe-
