4325 6267
1719 356 1931 443 carnr
1958 393 2050 442 lv.

242 512 461 592 synodo
483 514 889 592 praecedente,
912 517 1173 578 solvendi
1193 528 1249 579 et
1274 517 1609 579 damnandi
1632 518 1837 577 habuit

234 611 603 681 potestatam
648 614 705 665 et
752 609 864 665 hoc
908 609 1145 683 quidem
1178 628 1288 685 pro
1316 628 1424 668 suo
1462 611 1828 685 principata,

236 711 401 766 quem
451 695 657 755 beatus
694 700 907 755 Petrus
953 699 1257 773 apostolus
1288 704 1532 759 Domini
1579 716 1719 756 voce
1757 704 1836 755 te-

234 788 359 841 nuit
392 801 653 860 semper,
684 792 739 843 et
776 787 1009 845 tenebit.
1046 791 1179 846 item
1208 806 1272 847 ex
1313 806 1437 862 cap.
1472 790 1573 846 ult.
1604 789 1673 845 (18
1702 806 1833 845 8011·

126 884 129 889 ·
236 874 345 929 stit.
392 874 484 931 uhi
526 875 779 934 absolute
818 878 1055 937 dieitur:
1092 882 1449 937 constitutio
1485 878 1655 937 Sedis
1695 896 1834 954 apo-

236 962 473 1022 stolicae
518 982 718 1024 omnes
758 972 1071 1042 astrinqit,
1104 976 1159 1027 et
1197 986 1322 1042 cap.
1366 972 1521 1029 Sunt
1561 968 1825 1043 quidam,

236 1058 324 1121 25,
349 1070 403 1125 q·
442 1058 459 1113 1
486 1075 500 1109 =
536 1059 809 1113 Romano
838 1057 1117 1128 Pontifici
1136 1074 1365 1133 semper
1390 1057 1632 1116 licuisse
1654 1074 1835 1116 novas

236 1140 479 1200 condere
511 1142 689 1217 leyes.
719 1147 931 1213 Quibus
958 1146 1099 1204 locis
1141 1154 1197 1206 et
1239 1148 1353 1204 aliis
1382 1147 1645 1205 similibus
1674 1148 1834 1205 abso-

236 1230 343 1289 luta
369 1230 705 1305 supponitur
726 1235 862 1292 haec
888 1244 1131 1308 potestas
1152 1238 1203 1293 in
1233 1238 1353 1295 solo
1379 1238 1653 1296 pontifice.
1678 1236 1833 1295 Unde

234 1324 388 1379 tertio
426 1339 729 1395 possumus
752 1325 856 1381 hoc
886 1326 1213 1384 confirmare
1240 1327 1353 1383 l'ere
1380 1343 1446 1384 ex
1475 1326 1727 1383 omnibus
1758 1325 1833 1383 le·-

233 1412 387 1482 gihus
434 1414 723 1484 pontificiis
766 1414 899 1471 iuris
940 1417 1222 1488 canonici,
1268 1433 1395 1473 raro
1435 1418 1579 1473 enim
1619 1416 1834 1475 addunt

236 1500 317 1557 illa
361 1502 527 1559 verba
568 1520 742 1561 sacro
788 1505 1158 1579 approbante
1198 1505 1467 1573 concilio,
1506 1506 1591 1562 vel
1630 1505 1722 1563 illa
1760 1504 1833 1563 de

219 1588 495 1661 fratrum
528 1598 872 1651 nostrorum
912 1595 1177 1657 consilio,
1210 1613 1353 1670 quae
1392 1612 1551 1668 saepe
1580 1596 1631 1651 in
1675 1596 1832 1653 moti-

234 1681 333 1738 bus
363 1684 626 1755 propriis,
660 1685 744 1741 vel
773 1688 1054 1759 rescriptis
1083 1687 1201 1745 aliis
1232 1694 1383 1746 extra
1412 1690 1497 1745 ius
1526 1693 1826 1760 ponuntur,

234 1773 281 1827 in
314 1773 429 1830 iure
472 1781 659 1831 autem
690 1770 947 1841 minime,
992 1776 1086 1833 sed
1128 1779 1415 1835 Pontifices
1456 1777 1641 1835 ierunt
1680 1778 1831 1852 leges

232 1862 443 1934 propria
467 1866 885 1936 auctoritate,et
902 1867 957 1921 111
978 1882 1037 1922 se
1057 1866 1187 1923 solis
1203 1867 1825 1939 agnoscuntabsolutam

232 1958 581 2023 potestatem,
609 1955 757 2010 sicut
784 1957 1080 2028 imperator
1102 1964 1199 2013 aut
1226 1972 1321 2014 rex
1352 1973 1481 2013 suas
1512 1957 1659 2029 leges
1685 1956 1827 2013 serre

234 2040 381 2098 solet.
410 2043 493 2098 Ex
522 2057 631 2115 quo
658 2046 822 2100 etiam
855 2060 1114 2119 magnum
1144 2053 1530 2119 argumentum
1550 2064 1581 2103 a
1611 2046 1823 2104 fortiori

234 2135 493 2210 sumitur.
524 2133 759 2189 Tandem
789 2134 839 2190 id
881 2136 1205 2193 confirmare
1234 2146 1561 2209 possumus,
1594 2136 1722 2210 quia
1747 2135 1827 2191 di·

230 2225 399 2295 gnitas
439 2221 799 2279 cardinalium
850 2239 951 2281 nec
981 2230 1090 2280 tam
1119 2231 1205 2282 est
1232 2226 1485 2300 antiqua,
1518 2242 1617 2283 nec
1648 2227 1720 2283 ita
1746 2225 1827 2282 di-

231 2316 347 2370 vina
372 2319 431 2370 et
458 2313 841 2385 immutabiliS,
873 2316 1021 2371 sicut
1048 2314 1281 2388 dignitas
1324 2316 1629 2388 pontificia,
1660 2330 1818 2389 ergo.

233 2404 305 2459 Ex
330 2404 536 2475 quibus
558 2404 721 2459 etiam
742 2403 1119 2473 concluditur,
1146 2408 1257 2460 sine
1280 2420 1449 2460 eausa
1471 2404 1673 2461 dixisse
1694 2405 1826 2461 Car·

230 2491 483 2562 dinalem,
518 2493 713 2549 consil.
756 2496 883 2562 138,
912 2493 1363 2550 constitutionem
1392 2493 1591 2551 saetam
1622 2510 1651 2550 a
1679 2496 1822 2567 Papa

232 2584 339 2638 sine
376 2581 613 2639 consilio
641 2582 997 2639 cardinalium
1032 2600 1137 2639 non
1177 2584 1415 2657 obligare
1444 2599 1823 2655 successores,

230 2674 353 2745 quia
382 2670 551 2728 debet
588 2687 780 2729 eorum
809 2686 1141 2729 consensum
1172 2674 1485 2745 requirere,
1520 2688 1645 2730 nam
1688 2673 1823 2730 haec

233 2762 363 2817 ratio
392 2761 593 2818 falsum
622 2762 812 2817 sumit.
845 2759 996 2821 Unde
1028 2762 1079 2817 in
1122 2764 1309 2835 rigore
1338 2779 1441 2819 non
1487 2764 1659 2837 magis
1688 2762 1825 2819 ohli-

232 2857 388 2925 gatur
428 2867 731 2908 successor
772 2853 948 2924 Papae
976 2867 1087 2909 una
1128 2853 1515 2910 constitutione
1546 2854 1629 2910 sui
1669 2868 1826 2925 prae-

228 2940 529 3001 decessoris
547 2984 565 3014 ,
594 2958 761 3014 quam
792 2942 893 2999 alia
914 2984 929 3014 ,
960 2942 1229 3015 loquendo
1258 2942 1325 2999 de
1353 2945 1572 3015 propria
1598 2949 1655 3001 et
1681 2942 1825 3015 rigo-

230 3047 349 3087 rosa
376 3032 726 3105 obligatione,
753 3032 1025 3106 loquendo
1056 3048 1185 3088 vero
1210 3032 1279 3089 de
1310 3032 1578 3102 decentia,
1604 3032 1820 3089 facilius

228 3121 452 3179 mutabit
475 3121 681 3177 factam
702 3122 819 3177 sine
841 3120 1073 3178 consilio
1098 3121 1479 3193 cardinalium,
1499 3138 1665 3196 quam
1688 3137 1818 3179 cum

230 3208 315 3265 illo
343 3209 573 3266 editam.

298 3302 405 3355 Nec
436 3299 789 3356 fundamenta
820 3300 1047 3357 alterius
1086 3300 1389 3357 sententiae
1418 3308 1547 3357 sunt
1586 3300 1823 3357 alicuius

230 3390 498 3447 momenti.
528 3390 611 3447 Ad
642 3390 881 3462 priorem
902 3390 1041 3445 enim
1071 3397 1284 3462 partem
1310 3398 1461 3447 recte
1492 3390 1829 3463 respondent

230 3480 433 3551 Abbas,
466 3487 524 3537 et
554 3480 637 3535 alii
663 3496 730 3537 ex
766 3480 1015 3537 doctrina
1044 3481 1320 3537 innocent.
1355 3480 1406 3537 in
1436 3496 1560 3553 cap.
1593 3484 1812 3548 Bonae,

231 3575 283 3628 2.
311 3571 379 3628 (18
406 3570 672 3644 postulat.
705 3570 930 3643 praelat.
965 3586 1070 3626 non
1114 3586 1275 3642 posse
1305 3571 1484 3627 valere
1522 3579 1822 3628 consuetu·

226 3659 397 3717 dinem
440 3668 543 3717 aut
571 3662 1055 3732 praescriptionem
1090 3667 1281 3717 contra
1309 3676 1622 3733 supremam
1649 3664 1822 3734 Papae

229 3758 576 3820 potestatem.
596 3749 752 3818 Quod
772 3756 859 3807 est
882 3750 1050 3807 veluti
1073 3752 1285 3807 axioma
1307 3758 1596 3823 receptum
1618 3751 1685 3807 ab
1707 3768 1823 3808 om·

230 3840 381 3896 nibus
422 3840 785 3911 iurisperitis,
816 3846 873 3897 et
917 3841 1141 3913 merito,
1172 3842 1303 3913 quia
1332 3856 1437 3897 non
1469 3848 1648 3913 potest
1687 3858 1821 3898 coa-

230 3930 459 3988 suetudo
485 3930 727 3987 humana
748 3928 1057 4002 praevalere
1079 3934 1383 3988 contraius
1402 3930 1669 4006 divinum3
1684 3932 1819 3989 haec

230 4027 405 4077 autem
436 4026 685 4093 potestas
721 4021 933 4092 integra
978 4027 1035 4077 et
1060 4020 1309 4078 absoluta
1337 4036 1435 4077 seu
1464 4021 1619 4093 plena
1649 4022 1739 4095 (ut
1768 4022 1821 4077 in

228 4112 342 4167 iure
380 4108 645 4182 vocatur)
672 4117 759 4166 est
796 4108 863 4166 de
905 4110 1021 4167 iure
1062 4110 1276 4179 divino,
1319 4127 1452 4184 ergo
1494 4128 1601 4168 non
1644 4119 1824 4184 potest

227 4199 446 4258 diminui
474 4216 574 4272 per
600 4199 899 4256 humanum
932 4216 1117 4271 usum,
1148 4202 1277 4257 alias
1307 4202 1467 4257 etiam
1498 4208 1685 4272 posset
1724 4218 1821 4258 au-

228 4291 385 4347 ferri:
419 4292 631 4348 namin
676 4290 779 4347 hoe
814 4289 1005 4346 eadem
1047 4290 1185 4346 ratio
1213 4296 1299 4347 est
1338 4292 1504 4348 totius
1530 4297 1585 4347 et
1622 4294 1816 4363 partis:

227 4378 623 4437 diminueretur
658 4386 847 4436 autem
873 4380 917 4435 si
944 4395 1010 4435 ex
1039 4380 1293 4437 absoluta
1322 4380 1473 4437 tieret
1511 4379 1821 4452 dependens

230 4488 258 4526 a
282 4470 683 4541 cardinalibus,
716 4478 780 4527 ut
817 4475 1053 4527 constat.
1088 4469 1239 4527 Unde
1272 4477 1384 4527 tota
1413 4469 1548 4527 haec
1588 4487 1821 4529 consue-

230 4560 355 4618 tudo
394 4576 613 4632 semper
642 4559 840 4633 pendet
870 4576 901 4616 a
943 4567 1210 4631 potestate
1238 4566 1295 4618 et
1334 4560 1613 4617 voluntate
1639 4563 1821 4619 Ponti-

228 4652 359 4722 ficis,
384 4651 479 4725 qui
510 4657 699 4723 posset
728 4651 849 4706 iura
876 4650 1237 4707 cardinalium
1267 4652 1577 4723 immutare,
1611 4652 1692 4708 vel
1722 4654 1819 4709 ali-

232 4747 309 4797 ter
333 4741 693 4805 constituere,
720 4740 763 4795 si
791 4739 1045 4811 expedire
1074 4750 1342 4797 censeret.
1367 4740 1521 4798 Unde
1550 4739 1707 4799 facile
1734 4758 1820 4800 re·

230 4829 533 4901 spondetur
560 4829 627 4887 ad
656 4830 885 4887 alteram
908 4838 1117 4902 partem
1149 4830 1443 4904 (quidquid
1464 4832 1533 4887 sit
1554 4830 1619 4889 de
1646 4831 1818 4907 digni-

230 4927 333 4975 tate
380 4919 749 4977 cardinalium
788 4936 854 4977 an
895 4928 948 4976 et
987 4919 1266 4993 quomodo
1307 4921 1399 4991 sit,
1445 4919 1526 4976 vel
1569 4931 1750 4978 manet
1787 4938 1818 4979 a

226 5011 336 5066 iure
364 5008 587 5083 divino),
620 5026 834 5066 omnem
862 5016 1189 5082 potestatem
1216 5010 1447 5085 eligendi
1475 5012 1812 5084 Pontificem,

228 5102 443 5171 quaein
487 5099 565 5155 eis
595 5107 700 5171 est,
744 5114 865 5156 esse
894 5116 925 5155 a
966 5102 1085 5156 iure
1128 5100 1385 5171 humano,
1416 5107 1471 5156 et
1512 5102 1744 5172 pendere
1788 5118 1819 5159 a

231 5190 481 5246 Pontitice
526 5190 573 5244 in
616 5205 719 5245 suo
760 5190 883 5246 loco
930 5188 1092 5245 latius
1133 5189 1503 5247 ostendemus.
1538 5192 1647 5246 Nec
1688 5206 1811 5264 cap.

230 5280 341 5334 Per
370 5277 763 5337 venerabilem
794 5278 991 5351 aliquid
1021 5278 1071 5335 in
1101 5278 1439 5336 contrarium
1470 5280 1692 5353 prohat,
1726 5297 1812 5350 so·

3293 378 3420 443 309

1909 517 2023 577 lum
2062 520 2205 577 enim
2249 520 2374 579 inde
2415 521 2670 593 hahetur,
2709 522 2999 579 Pontifices
3040 520 3088 577 in
3130 521 3249 595 lege
3289 522 3498 596 gratiae

1904 609 2206 667 instituisse
2237 612 2525 669 consilium
2555 612 2910 669 cardinalium
2939 611 3005 669 ad
3035 612 3384 670 imitationem
3417 611 3492 669 le·

1903 699 1987 768 gis
2018 701 2236 773 veteris3
2267 701 2411 757 unde
2442 718 2546 758 nen
2577 703 2850 775 sequitur,
2883 704 2987 759 boc
3015 704 3284 775 pertinere
3311 702 3377 759 ad
3408 702 3497 758 ius

1902 787 2168 845 divinum.
2196 791 2370 847 Minus
2399 799 2582 849 autem
2608 793 2801 863 probat
2825 808 2947 865 cap.
2974 786 3353 859 Anastasius,
3379 797 3498 848 tum

1902 879 2033 951 quia
2062 880 2438 957 apocryphum
2469 888 2582 951 est,
2613 889 2670 937 et
2696 882 2899 939 nullius
2929 883 3309 951 auctoritatis,
3343 887 3404 936 ut
3445 880 3498 935 in

1900 965 2125 1023 decreto
2153 972 2474 1043 gregoriano
2506 977 2764 1044 notatur3
2794 979 2912 1028 tum
2941 971 3103 1029 etiam
3133 972 3260 1045 quia
3289 969 3358 1025 ibi
3388 986 3496 1025 non

1900 1055 2085 1129 agitur
2105 1056 2175 1113 de
2204 1075 2310 1115 usu
2340 1062 2624 1131 potestatis
2653 1060 3006 1133 legislativae,
3033 1060 3126 1117 sed
3157 1060 3222 1117 de
3249 1075 3498 1117 commu-

1902 1146 2174 1203 nicatione
2205 1164 2333 1203 cum
2375 1140 2694 1221 haereticis,
2721 1149 3032 1225 generando
3063 1150 3412 1222 scandalum,
3440 1156 3498 1207 et

1904 1237 2270 1308 suspicionem
2299 1237 2366 1295 de
2394 1255 2454 1296 se
2483 1256 2730 1311 pravam,
2761 1239 2829 1297 de
2857 1256 2966 1313 qua
2994 1239 3151 1313 lenge
3179 1240 3283 1298 alia
3307 1240 3498 1297 luisset

1901 1327 2063 1397 ratio,
2095 1328 2139 1382 si
2171 1344 2296 1384 vera
2325 1328 2515 1385 suisset
2543 1329 2770 1387 historia
2796 1336 2854 1387 et
2881 1346 2986 1386 non
3017 1328 3284 1401 sabulosa,
3315 1337 3378 1386 ut
3408 1344 3493 1385 re-

1904 1430 2029 1472 vera
2057 1423 2161 1472 est.

1985 1509 2068 1563 14.
2104 1507 2238 1563 Dico
2272 1513 2498 1579 quarto:
2530 1508 2780 1567 Christus
2821 1509 3078 1566 Dominus
3116 1522 3213 1581 per
3250 1508 3488 1579 sei-psum

1898 1595 2210 1653 immediate
2251 1598 2381 1654 nulli
2423 1599 2575 1656 alteri
2619 1598 2854 1656 contulit
2897 1614 3138 1672 unquam
3171 1598 3308 1653 hane
3339 1607 3494 1670 pote·

1899 1692 2115 1742 statem.
2142 1688 2290 1743 Haec
2319 1690 2548 1746 assertio
2577 1688 2839 1761 probatur
2865 1688 3194 1745 auctoritate
3223 1689 3492 1761 negativa,

1900 1792 2045 1850 quae
2076 1777 2125 1833 in
2158 1779 2384 1835 materia
2411 1779 2816 1850 supernaturali
2843 1786 2900 1836 et
2927 1778 3045 1835 fidei
3073 1784 3158 1833 est
3185 1776 3488 1843 sufficiens.

1896 1866 1955 1921 ln
1976 1867 2254 1939 evange-lio
2275 1883 2407 1941 ergo
2431 1884 2533 1923 non
2559 1867 2810 1942 legimus,
2827 1868 2986 1926 alicui
3014 1867 3170 1924 alteri
3194 1866 3337 1923 illam
3359 1882 3494 1923 eon·

1898 1955 2088 2013 tulisse
2116 1965 2272 2014 extra
2309 1958 2608 2029 apostoloS.
2641 1958 2776 2014 Nam
2805 1958 2932 2014 licet
2965 1957 3193 2030 elegerit
3217 1957 3380 2013 etiam
3408 1972 3493 2011 se-

1893 2048 2176 2118 ptuaginta
2230 2046 2571 2119 discipulos3
2616 2047 2771 2123 longe
2811 2053 2993 2103 tamen
3034 2047 3252 2105 diverso
3297 2046 3488 2113 modo,

1894 2151 2061 2207 quam
2088 2137 2388 2209 apostolos,
2415 2143 2469 2194 et
2497 2136 2685 2193 nullibi
2716 2136 2877 2194 talem
2907 2143 3231 2209 potestatem
3254 2136 3330 2192 eis
3359 2152 3490 2193 con·
3522 2208 3532 2217 ·

1896 2226 2041 2296 tulit,
2068 2232 2130 2282 ut
2153 2226 2291 2282 hene
2310 2226 2562 2298 expendit
2583 2225 2890 2282 Bellarmin.
2920 2226 3011 2282 lib.
3045 2230 3092 2283 1.
3119 2224 3191 2282 de
3215 2224 3483 2290 clericis,

1893 2333 2018 2389 cap.
2066 2322 2148 2376 11.
2183 2318 2368 2390 Neque
2397 2318 2554 2373 etiam
2584 2334 2648 2374 cx
2681 2317 2966 2374 traditione
2994 2315 3272 2373 Ecclesiae
3302 2310 3488 2372 haberi

1895 2415 2093 2480 potest,
2117 2408 2398 2464 Christum
2423 2406 2504 2463 vel
2533 2413 2658 2463 ante
2680 2406 2760 2462 vel
2785 2412 2911 2479 post
2931 2404 3306 2463 ascensionem
3326 2420 3485 2461 suam

1892 2497 2013 2553 aliis
2051 2496 2267 2554 dedisse
2309 2496 2614 2553 immediate
2658 2495 2797 2552 han-c
2840 2502 3184 2567 potestatem.
3225 2495 3486 2566 Suppono

1892 2586 2059 2657 enim,
2092 2587 2232 2643 inter
2274 2586 2554 2659 apostolos
2596 2584 2982 2658 comprehendi
3021 2583 3308 2656 praecipue
3347 2584 3488 2639 Pau·

1893 2678 2009 2735 lum
2036 2720 2051 2749 ,
2102 2684 2158 2734 et
2198 2676 2468 2750 probabile
2495 2684 2610 2743 est,
2660 2678 2824 2733 etiam
2853 2675 3153 2731 Barnabam
3194 2688 3488 2731 numeran-

1892 2767 2023 2826 dum
2052 2782 2195 2838 esse,
2223 2775 2285 2824 ut
2312 2767 2476 2825 sentit
2493 2766 2682 2822 Glossa
2705 2766 2755 2822 in
2784 2780 2908 2837 cap.
2941 2768 3010 2821 In
3037 2780 3206 2831 novo,
3233 2762 3363 2820 dist.
3388 2766 3484 2832 21,

1892 2872 1959 2913 ex
1988 2872 2111 2927 cap.
2152 2854 2457 2932 Quotidie,
2498 2860 2588 2914 75.
2618 2854 2744 2914 dist.
2775 2854 2924 2928 quod
2951 2863 3036 2912 est
3064 2854 3260 2912 Leonis
3289 2868 3482 2925 papae,

1890 2946 2053 3017 epist.
2092 2949 2182 3018 79,
2215 2961 2340 3017 eap.
2383 2951 2428 3002 1.
2461 2947 2610 3002 Duae
2653 2953 2830 3001 tamen
2869 2944 2956 3000 hic
2997 2941 3310 2999 oriebantur
3347 2939 3488 2997 diffi-

1892 3035 2158 3106 cultates,
2185 3050 2290 3091 una
2315 3034 2384 3091 de
2409 3036 2701 3106 episcopis,
2737 3034 2841 3091 alia
2866 3032 2932 3090 (18
2960 3033 3192 3089 801181Ιί0
3221 3030 3478 3105 generali,

1891 3139 2034 3197 quae
2058 3124 2108 3180 in
2136 3123 2355 3181 duobus
2378 3125 2654 3197 capitibus
2681 3124 3034 3199 sequentihus
3057 3123 3251 3180 melius
3273 3129 3478 3181 tracta-

1891 3213 2123 3271 buntur.

2464 3390 2742 3461 CAPUT
2781 3390 2894 3459 IV.

1928 3588 2196 3643 Possitne
2221 3579 2622 3659 unusquisque
2646 3588 2954 3659 episcopas
2981 3586 3044 3641 in
3068 3600 3184 3643 sua
3209 3582 3460 3642 dioecesi

2304 3676 2454 3750 leqes
2465 3673 2655 3748 serre,
2691 3681 2743 3732 et
2770 3691 2882 3748 quo
2913 3678 3063 3731 iare.

2451 3853 2936 3920 summarium

1893 4032 1941 4081 1.
1970 4028 2170 4095 Duplici
2188 4030 2336 4082 modo
2352 4036 2578 4095 potestas
2598 4029 2884 4093 legislativa
2905 4036 3074 4094 potest
3093 4028 3232 4080 ferre
3257 4030 3415 4095 leges,
3427 4054 3486 4065 —·-

1957 4100 2009 4151 2.
2037 4101 2274 4165 Episcopi
2320 4098 2509 4150 habent
2547 4105 2854 4163 potestatem
2905 4100 3240 4165 legislativam
3276 4100 3328 4150 iu
3375 4098 3486 4149 suis

1955 4170 2280 4221 dioecesibus
2303 4182 2365 4221 ex
2390 4170 2502 4219 iure
2525 4168 2784 4220 ordinario
2818 4168 3036 4219 humano
3071 4169 3283 4220 fundato
3315 4169 3489 4231 aliquo

1957 4240 2104 4291 mode
2138 4241 2189 4289 in
2222 4240 2416 4289 divino.
2438 4266 2503 4275 --
2534 4238 2586 4289 3.
2623 4240 2888 4289 Sententia
2921 4241 3284 4300 asserentium,
3317 4238 3488 4303 episco

1957 4323 2048 4374 pos
2074 4308 2264 4360 hahere
2286 4309 2419 4359 118118
2452 4314 2755 4371 potestatem
2779 4309 2894 4359 iure
2915 4308 3089 4359 divino
3111 4314 3166 4359 et
3198 4307 3488 4358 immediate

1955 4392 1985 4429 a
2008 4378 2232 4430 Christo.
2253 4406 2323 4415 —
2341 4380 2393 4428 4.
2419 4378 2657 4442 Opposita
2691 4379 2945 4429 sententia
2973 4390 3090 4428 vera
3124 4378 3389 4443 colligitur
3422 4391 3485 4427 ex

1958 4450 2210 4499 communi
2237 4449 2608 4513 theologorum.
2632 4476 2702 4485 —
2721 4448 2773 4499 5.
2800 4448 3083 4513 Exponitur
3114 4448 3286 4511 opinio
3318 4448 3485 4499 Casiri

1954 4526 2009 4569 et
2032 4519 2266 4568 Navarri.
2289 4546 2359 4555 —
2378 4520 2430 4569 6.
2469 4518 2743 4569 Resutatur
2785 4518 3060 4568 Navarrus.
3083 4544 3153 4553 —
3168 4518 3294 4570 Cum
3335 4532 3486 4583 supe-

1957 4588 2063 4639 rior
2085 4596 2141 4638 et
2173 4588 2410 4639 subditus
2434 4590 2538 4638 sint
2574 4590 2710 4638 inter
2733 4602 2789 4639 se
2821 4588 3156 4649 correlative,
3183 4601 3340 4637 unum
3375 4588 3484 4639 fleri

1956 4659 2131 4722 nequit
2158 4658 2272 4708 sine
2295 4658 2415 4709 alio.
2438 4685 2502 4694 —
2526 4658 2575 4708 7.
2599 4658 2876 4722 Episcopus
2908 4657 3106 4709 electus
3129 4662 3184 4707 et
3217 4656 3480 4709 conflrma-

1956 4734 2039 4779 tus
2062 4742 2162 4779 non
2187 4735 2514 4779 consecratus
2537 4734 2704 4791 potest
2726 4727 2926 4777 efficere
2950 4739 3164 4791 ea,quae
3187 4733 3306 4778 sunt
3332 4728 3487 4778 iuris-

1953 4798 2215 4857 dictionis,
2242 4805 2295 4847 et
2320 4797 2667 4860 indulgentias
2688 4798 2843 4847 etiam
2867 4796 3167 4847 concedere.
3197 4826 3257 4833 —
3276 4797 3327 4847 8.
3357 4798 3484 4847 Tota

1956 4868 2247 4919 iurisdictio
2269 4868 2568 4932 episcopalis
2587 4874 2753 4932 potest
2776 4865 3027 4917 committi
3047 4880 3148 4917 11011
3166 4866 3485 4931 episeopo‚ut

1952 4939 2111 5002 possit
2136 4938 2226 4988 illa
2253 4938 2349 4988 uti.
2374 4964 2444 4973 --
2461 4938 2512 4987 9.
2543 4938 2772 4988 Potestas
2795 4936 3083 5001 spiritualis
3109 4935 3484 4987 iurisdictionis

1952 5007 2220 5059 confertur
2255 5008 2417 5071 Papae
2443 5020 2534 5070 per
2565 5007 2865 5057 electionem
2889 5013 2943 5056 et
2976 5006 3163 5057 nudam
3193 5007 3480 5057 concessio-

1953 5091 2067 5127 nem
2099 5078 2186 5126 Dei
2223 5078 2332 5127 sine
2365 5077 2761 5127 consecratione.
2786 5103 2854 5113 —
2878 5076 2960 5127 10.
2991 5076 3266 5140 Responsio
3299 5075 3364 5125 ad
3399 5088 3484 5125 ar-

1952 5153 2194 5210 gumenta
2219 5148 2479 5211 oppositae
2502 5146 2806 5197 sententiae.
2829 5146 2997 5196 -11.
3029 5146 3172 5195 Alter
3197 5146 3374 5195 modus
3395 5158 3482 5195 ex-

1954 5216 2174 5281 plicandi
2211 5216 2522 5280 praedictam
2555 5216 2879 5266 sententiam.
2901 5242 2970 5253 -
2995 5215 3078 5265 12.
3113 5215 3366 5266 Reiicitur
3397 5214 3482 5267 hic

1952 5286 2148 5339 modus.
2173 5314 2236 5322 —
2265 5285 2348 5336 13.
2380 5285 2470 5337 Hic
2495 5286 2672 5338 modus
2707 5286 3046 5338 institutionis
3071 5291 3151 5336 est
3177 5285 3339 5349 magis
3362 5298 3482 5339 ceu-
