4325 6267
1644 340 1857 396 mm·
1880 341 2089 395 xxm.

730 467 1011 542 CAPUT
1045 468 1285 541 XXIII.

295 669 525 729 Utrum
549 663 649 728 la
673 666 859 726 civilis
884 669 951 726 iu
968 669 1451 744 praesumptione
1459 663 1739 744 fundata

664 756 878 832 obliqet
899 760 967 815 in
992 761 1369 818 conscientia.

774 940 1258 1007 summarium

218 1129 265 1180 1.
295 1128 516 1192 Quando
550 1128 632 1180 lex
670 1127 915 1182 fundatur
940 1131 993 1180 in
1028 1129 1467 1196 praesumptione,
1492 1139 1593 1180 non
1616 1125 1812 1191 obligat

282 1201 342 1251 in
368 1199 689 1252 conscientia
704 1236 719 1262 ,
758 1200 805 1250 si
838 1201 1032 1251 veritas
1056 1200 1455 1268 praesumptioni
1478 1213 1577 1250 non
1604 1211 1815 1249 coneor-

285 1271 412 1322 det:
446 1276 527 1320 est
552 1271 888 1334 plurimorum
914 1271 1103 1334 opinio.
1122 1271 1253 1322 -2.
1280 1271 1475 1334 Duplex
1491 1277 1571 1320 est
1596 1269 1677 1319 lex
1700 1268 1813 1319 fun-

281 1341 405 1391 data
434 1341 489 1390 in
514 1341 951 1404 praesumptione:
990 1354 1118 1403 una,
1145 1354 1276 1406 quae
1300 1342 1496 1390 servari
1520 1353 1621 1390 non
1644 1343 1813 1403 potest

281 1413 397 1462 sine
434 1419 679 1475 peccato;
716 1410 815 1461 alia
838 1447 853 1472 ‚
890 1424 1023 1475 quae
1059 1413 1253 1462 servari
1288 1416 1456 1475 potest
1490 1411 1601 1460 sine
1636 1420 1814 1474 pecca·

284 1487 359 1532 to.
382 1509 455 1518 -
478 1481 531 1531 3.
558 1481 751 1544 Duplex
774 1483 1119 1546 praesumptio
1152 1483 1309 1545 legis:
1340 1493 1437 1532 una
1471 1479 1623 1542 facti,
1648 1480 1813 1529 altera

280 1551 511 1616 periculi
546 1551 771 1602 ωσι-3115.
794 1552 935 1602 -4,
975 1553 1141 1603 Prima
1174 1551 1453 1602 conclusio.
1474 1578 1541 1588 —
1574 1550 1625 1601 5.
1664 1549 1813 1600 Obie-

284 1622 553 1672 ctio—6.
581 1620 811 1672 Secunda
836 1622 1261 1674 conclusio.-7.
1288 1623 1361 1674 Ex
1386 1621 1557 1672 verbis
1582 1620 1730 1684 legis,
1754 1625 1813 1670 et

284 1705 349 1742 ex
374 1705 481 1742 usu
513 1698 567 1741 et
606 1691 1031 1755 interpretatione
1053 1692 1320 1744 doctorum
1345 1690 1687 1754 colligendum
1708 1695 1810 1752 est,

280 1761 491 1826 quando
527 1761 609 1811 lex
646 1763 699 1812 in
735 1762 1045 1826 praeiudicio
1079 1763 1297 1828 periculi
1333 1761 1608 1824 fundetur,
1636 1761 1717 1812 vel
1758 1761 1813 1810 in

280 1833 706 1896 praesumptione
731 1831 873 1883 facti.

295 2009 343 2064 1.
380 2006 539 2062 Hanc
568 2003 956 2062 dubitationem
993 2004 1308 2079 postulabat
1343 2000 1579 2079 primum
1619 2020 1687 2062 ex
1726 2019 1811 2063 ar·

218 2097 497 2169 gumentis
530 2094 773 2152 secundo
801 2094 923 2152 loco
951 2099 1237 2170 propositis
1264 2099 1317 2154 in
1348 2096 1691 2169 praecedenti
1719 2111 1811 2152 ca-

218 2187 353 2258 pite,
386 2175 459 2244 'et
504 2185 560 2242 in
597 2201 661 2242 ea
699 2185 1015 2258 frequenter
1041 2187 1299 2244 doctores
1325 2186 1526 2244 docent
1547 2229 1562 2258 ,
1592 2184 1810 2261 quando

222 2275 305 2333 lex
330 2275 598 2333 fundatur
624 2275 675 2331 in
696 2278 1137 2351 praesumptione
1155 2319 1171 2352 ,
1201 2295 1307 2335 non
1336 2277 1574 2351 obligare
1602 2278 1653 2334 in
1676 2293 1811 2334 con·

222 2367 477 2436 scientia,
522 2366 569 2423 si
620 2367 819 2424 veritas
866 2383 973 2424 non
1014 2367 1316 2426 concordet
1361 2367 1807 2441 praesumptioni,

224 2457 345 2529 quia
376 2457 721 2515 conscientia
746 2459 938 2514 nititur
976 2459 1225 2531 veritati,
1254 2465 1309 2516 et
1334 2459 1460 2533 quia
1486 2475 1595 2516 non
1623 2463 1708 2516 est
1733 2459 1813 2514 in-

224 2547 387 2604 tentio
420 2546 749 2620 legislatoris
788 2553 921 2604 tunc
965 2547 1225 2622 obligare.
1261 2551 1341 2606 lta
1368 2548 1605 2624 Sylvest.
1638 2547 1809 2606 verbo

226 2635 347 2704 lex,
385 2654 443 2711 q.
472 2643 503 2696 9
527 2682 543 2710 ,
574 2653 709 2694 casu
735 2642 767 2695 2
798 2681 813 2710 ,
853 2637 1073 2694 Adrian.
1107 2637 1352 2711 quodlib.
1389 2644 1421 2697 6
1450 2681 1465 2709 ,
1506 2640 1637 2697 Soto
1666 2638 1811 2697 dicto

229 2729 313 2785 lib.
352 2731 415 2801 1,
444 2745 501 2802 q.
540 2733 603 2800 6,
635 2736 740 2785 art.
773 2733 827 2787 ⁴.
859 2731 916 2785 in
942 2731 1078 2801 fine,
1106 2729 1251 2786 etin
1278 2734 1345 2802 4,
1370 2730 1494 2786 dist.
1529 2734 1632 2802 22,
1662 2746 1717 2804 q.
1757 2732 1808 2804 1,

228 2825 323 2876 art.
352 2825 418 2894 3,
451 2819 712 2878 Richard.
744 2822 799 2876 in
828 2825 895 2886 4,
924 2819 1058 2878 dist.
1086 2824 1193 2890 28,
1222 2828 1326 2877 art.
1366 2824 1428 2889 1,
1467 2837 1525 2895 q.
1561 2826 1624 2894 3,
1667 2829 1725 2879 et
1749 2826 1807 2896 4,

230 2911 411 2967 Castro
431 2907 587 2967 dicto
614 2925 739 2982 cap.
772 2914 823 2967 5.
856 2909 1103 2967 Indicant
1138 2911 1368 2968 Navarr.
1400 2911 1452 2968 in
1494 2913 1647 2968 Sum.
1680 2927 1806 2984 cap.

240 3005 319 3072 17,
349 3018 405 3057 n.
436 3005 573 3072 284,
604 3007 661 3057 et
686 3001 879 3058 Covar.
908 3001 963 3056 in
990 3015 1112 3072 cap.
1153 3001 1311 3058 Cum
1333 3017 1475 3069 esse,
1503 3001 1569 3058 de
1592 3007 1806 3059 testam.

232 3109 279 3146 n.
313 3095 367 3164 9,
397 3098 453 3149 et
481 3093 538 3148 in
566 3091 801 3162 Epitom.
833 3094 899 3163 4,
929 3107 983 3163 p.
1020 3097 1071 3164 1,
1100 3105 1225 3165 cap.
1258 3096 1323 3163 4,
1354 3097 1379 3168 ρ
1408 3096 1455 3164 1,
1487 3107 1542 3148 n.
1578 3091 1808 3150 9.1dem

234 3183 379 3238 sentit
408 3181 565 3239 Bald.
596 3181 649 3237 in
673 3179 908 3238 Authen.
932 3182 1220 3254 lays-essi,
1254 3179 1321 3237 de
1353 3196 1564 3239 sacros.
1590 3181 1804 3238 Eccles.

232 3289 283 3326 n.
312 3277 379 3331 49
398 3315 413 3346 ,
444 3271 541 3328 ubi
571 3271 677 3338 ait,
707 3271 1106 3343 dispositionem
1138 3271 1271 3328 iuris
1301 3271 1503 3344 civilis,
1536 3287 1676 3346 quae
1704 3287 1811 3328 nou

232 3361 479 3419 fundatur
516 3363 571 3417 in
598 3359 1065 3433 praesumptione,
1096 3359 1393 3434 procedere
1420 3363 1582 3419 etiam
1600 3362 1652 3418 in
1680 3377 1812 3419 con·

234 3453 447 3510 scientia
470 3493 487 3524 ,
521 3457 579 3509 et
614 3450 780 3508 refert
817 3452 871 3509 d.
902 3452 1191 3508 Thomam:
1222 3453 1533 3526 expressius
1570 3451 1625 3509 id
1650 3450 1813 3510 docet

234 3541 361 3598 idem
382 3541 540 3600 Bald.
572 3541 624 3598 in
650 3541 688 3598 1.
720 3557 858 3598 cum
885 3545 1042 3615 quis,
1084 3543 1149 3601 C.
1190 3542 1259 3600 de
1298 3543 1409 3600 iur.
1450 3550 1507 3602 et
1544 3543 1807 3617 factigno,

236 3648 283 3688 n.
320 3637 414 3705 19,
440 3635 626 3692 lason.
657 3633 711 3690 in
738 3633 896 3690 rubr.
929 3633 985 3690 ff.
1014 3631 1083 3690 de
1111 3635 1327 3707 acquir.
1372 3632 1593 3692 haered.
1623 3651 1679 3692 n.
1713 3641 1809 3708 25,

236 3724 319 3780 ubi
346 3726 484 3783 alios
513 3723 700 3782 refert.
724 3723 872 3781 Idem
900 3723 1153 3781 Panorm.
1188 3724 1240 3780 in
1267 3741 1391 3798 cap.
1424 3731 1472 3784 1.
1496 3724 1565 3782 de
1590 3725 1806 3783 constit.

235 3830 285 3870 n.
322 3821 413 3888 10,
442 3823 501 3874 et
530 3815 723 3873 ibidem
750 3814 917 3884 Felin.
950 3831 1007 3870 n.
1042 3819 1107 3888 3,
1135 3820 1195 3871 et
1232 3819 1329 3886 ⁴0,
1360 3817 1558 3888 Decio,
1591 3814 1719 3872 lect.
1758 3821 1805 3876 1.

236 3921 285 3959 n.
325 3909 419 3980 18,
448 3913 507 3964 et
535 3906 777 3964 sumitur
801 3920 867 3962 ex
895 3904 1081 3962 innoc.
1114 3905 1169 3960 in
1198 3919 1321 3977 cap.
1360 3908 1523 3982 Quia
1541 3911 1802 3980 propter,

236 3994 297 4051 de
322 3995 479 4054 elect.
514 3997 661 4055 ioan.
692 3994 862 4053 Andr.
892 3996 949 4054 in
974 4011 1098 4067 cap.
1124 3997 1189 4052 Is
1208 3993 1531 4068 qwifidem,
1561 3994 1629 4052 de
1651 4011 1811 4068 spon-

238 4086 327 4144 sal.
356 4103 498 4161 quos
530 4102 661 4144 cum
684 4084 801 4143 aliis
827 4086 1043 4144 Felinus
1066 4101 1235 4158 supra
1253 4085 1440 4144 refert.
1466 4085 1811 4161 Allegantur·

237 4191 333 4248 que
360 4193 461 4250 pro
490 4177 597 4234 bac
625 4176 891 4233 sententia
929 4190 1054 4249 cap.
1096 4178 1159 4234 Is
1198 4180 1298 4250 qui
1321 4173 1539 4250 fidem,
1586 4183 1645 4234 et
1683 4192 1805 4250 cap.

248 4267 361 4324 Tua
386 4283 527 4330 nos,
568 4265 635 4322 de
676 4265 918 4339 sponsal.
960 4266 1239 4335 Quatenus
1276 4267 1331 4324 in
1372 4266 1541 4338 priori
1580 4265 1800 4335 dicitur,

239 4372 323 4428 per
351 4357 607 4430 copulam
634 4355 982 4413 subsecutam
1022 4362 1150 4428 post
1174 4355 1443 4428 sponsalia
1468 4397 1483 4428 ,
1532 4359 1813 4429 praesumi

241 4448 627 4506 matrimonium
654 4451 1037 4518 contractum,
1068 4455 1123 4502 et
1148 4445 1498 4504 nihilominus
1525 4446 1729 4504 dicitur
1755 4448 1813 4505 in

240 4538 545 4610 posteriori,
576 4539 624 4595 si
649 4553 710 4594 re
736 4552 867 4594 vera
892 4552 1003 4593 non
1031 4535 1173 4594 adsit
1198 4553 1499 4595 consensus
1519 4580 1534 4608 ,
1566 4537 1668 4596 tale
1696 4553 1810 4596 ma·

246 4628 544 4685 trimonium
573 4628 625 4684 in
652 4642 713 4685 re
742 4627 857 4702 ipsa
881 4644 988 4685 non
1015 4643 1139 4686 esse
1164 4627 1425 4685 validum.
1455 4629 1602 4686 Haec
1630 4637 1808 4687 tamen

246 4715 351 4773 iura
375 4717 501 4776 nibil
544 4716 614 4775 ad
654 4733 770 4776 rem
798 4725 1141 4792 praesentem
1163 4718 1340 4776 facere
1366 4719 1651 4794 videntur,
1682 4721 1812 4795 quia

246 4805 307 4862 ibi
334 4824 435 4864 non
460 4808 796 4882 praecipitur
813 4849 829 4880 ‚
860 4808 1005 4866 utin
1031 4825 1096 4867 eo
1124 4825 1262 4867 casu
1290 4810 1694 4868 matrimonium
1717 4827 1811 4868 va-

246 4893 369 4967 leat,
400 4898 495 4956 sed
535 4898 717 4957 solum
756 4896 992 4972 dicitur,
1023 4898 1170 4974 quod
1214 4901 1580 4972 praesumitur
1606 4901 1809 4976 valere3

246 4996 443 5046 certum
469 4997 556 5048 est
582 4996 765 5048 autem
783 5033 799 5065 ,
828 4997 1016 5048 actum
1044 5006 1151 5047 non
1193 4992 1377 5048 statim
1404 4991 1518 5048 fieri
1545 4990 1808 5067 validum,

248 5079 359 5149 quia
382 5080 433 5136 in
460 5080 583 5139 iure
608 5082 983 5154 praesumitur
1010 5080 1255 5153 validus,
1286 5081 1387 5138 nisi
1426 5081 1565 5139 forte
1596 5081 1717 5140 talis
1745 5084 1817 5141 sit

249 5175 393 5226 actus
410 5213 425 5242 ,
452 5177 519 5229 ut
557 5170 675 5228 sola
712 5171 847 5228 iuris
884 5172 1211 5230 auctoritate
1239 5170 1411 5245 possit
1436 5170 1647 5229 validus
1674 5173 1807 5245 fieri,

249 5265 307 5316 ut
338 5262 515 5320 statim
553 5263 727 5339 magis
763 5260 1157 5322 declarabitur.
1186 5261 1589 5322 Matrimonium
1628 5270 1814 5325 autem

3265 323 3392 390 243

1883 486 1994 528 non
2020 474 2106 527 est
2142 467 2270 528 talis
2307 473 2499 540 actus,
2542 468 2638 544 qui
2664 469 2840 543 possit
2856 468 2972 528 fleri
2999 466 3118 528 sola
3139 465 3468 529 efficacitate

1881 561 2109 618 canonis
2149 559 2267 616 sine
2305 573 2583 616 consensu
2608 559 3090 633 contrabentium3
3117 566 3177 619 et
3198 557 3322 618 ideo
3349 575 3465 620 me-

1880 649 1989 707 rito
2029 651 2083 706 in
2127 648 2236 706 illis
2276 649 2491 706 iuribus
2519 649 2753 724 dicitur,
2785 649 3057 724 sponsalia
3081 657 3467 712 consummata

1880 753 1976 812 per
2003 738 2259 813 copulam
2286 739 2514 796 transire
2551 739 2605 796 in
2629 741 3040 800 matrimonium
3064 741 3467 815 praesumptio·-

1886 843 1955 884 ne
1981 828 2147 902 iuris,
2193 834 2252 886 et
2287 827 2358 886 (1ο
2397 827 2542 899 iure3
2575 828 2722 886 illam
2760 837 2938 888 tamen
2967 830 3466 904 praesumptionem

1802 979 1807 991 ,
1882 934 1992 975 non
2016 917 2276 977 sufficere
2303 918 2371 976 ad
2399 918 2640 976 valorem
2665 921 2996 980 matrimonii
3035 937 3225 980 coram
3251 923 3383 996 Deo,
3413 921 3463 982 si

1879 1024 1941 1067 re
1969 1024 2099 1066 vera
2127 1007 2298 1067 defuit
2323 1023 2648 1068 consensus.
2675 1013 2792 1069 Non
2819 1017 3003 1085 potest
3028 1019 3210 1072 nmen
3233 1011 3358 1071 inde
3383 1013 3468 1072 ino

1881 1099 2042 1175 ferri,
2073 1100 2250 1175 legem
2289 1100 2342 1156 in
2382 1102 2828 1175 praesumptione
2869 1100 3150 1162 fundatam
3188 1119 3298 1161 non
3333 1102 3471 1162 obli·

1880 1205 2012 1264 gare
2050 1191 2107 1248 in
2146 1190 2516 1265 conscientia,
2557 1191 2770 1267 quoties
2809 1193 3002 1250 veritas
3029 1208 3138 1250 non
3165 1192 3473 1254 concordat

1879 1282 2332 1354 praesumptioni.
2471 1357 2480 1364 ι
2579 1353 2594 1365 ,

1957 1374 2013 1428 2.
2043 1373 2117 1430 Ut
2141 1386 2275 1445 ergo
2315 1384 2446 1429 vera
2483 1371 2748 1429 resolutio
2789 1371 3152 1446 intelligatur,
3181 1372 3470 1432 adverten-

1880 1458 2013 1518 dum
2038 1469 2161 1532 est,
2192 1469 2551 1535 praeceptum
2577 1463 2901 1536 superioris,
2924 1463 3010 1521 vel
3037 1463 3212 1536 legem
3237 1466 3292 1522 in
3311 1479 3473 1538 prae-

1881 1554 2188 1624 sumptione
2228 1551 2506 1610 fundatam
2547 1553 2822 1627 duplicem
2857 1569 2980 1612 esse
3006 1570 3186 1628 posse.
3215 1557 3334 1614 Una
3359 1561 3472 1630 est,

1880 1657 2020 1716 quae
2047 1641 2254 1699 servari
2279 1657 2388 1698 non
2423 1649 2606 1714 potest
2631 1643 2744 1701 sine
2772 1650 3037 1719 peccato,
3065 1643 3286 1719 quando
3313 1661 3470 1719 prae-

1883 1734 2124 1806 sumptio
2153 1732 2480 1807 legislatoris
2506 1735 2562 1790 in
2593 1735 2818 1792 veritate
2840 1735 2919 1792 rei
2945 1750 3056 1792 non
3071 1735 3339 1809 subsistit3
3365 1735 3471 1794 alia

1878 1829 1995 1892 est,
2028 1822 2250 1895 quando
2277 1823 2408 1881 licet
2431 1839 2522 1882 res
2547 1824 2665 1896 ipsa
2689 1841 2799 1882 non
2831 1827 2930 1896 sit,
2976 1831 3039 1884 ut
3074 1827 3466 1899 praesumitur,

1879 1912 2232 1971 nihilominus
2262 1913 2348 1971 lex
2375 1921 2557 1986 potest
2577 1915 2690 1973 siue
2711 1921 2941 1989 peccato
2964 1919 3190 1975 servari.
3216 1918 3276 1974 In
3298 1918 3468 1991 priori

1880 2018 2017 2061 casu
2046 2019 2174 2061 vera
2200 2010 2255 2061 et
2281 2005 2589 2062 necessaria
2617 2012 2701 2065 est
2725 2005 2875 2064 dicta
2901 2010 3183 2081 sententia,
3213 2009 3364 2081 quod
3385 2015 3470 2066 ta-

1880 2093 1948 2152 lis
1977 2094 2064 2152 lex
2091 2095 2176 2178 vel
2204 2101 2560 2169 praeceptum
2582 2111 2688 2154 non
2711 2098 2884 2169 possit
2901 2099 2957 2155 in
2977 2100 3310 2158 conscientia
3332 2099 3469 2158 obli-

1878 2200 2041 2260 gare3
2072 2188 2182 2243 imo
2208 2200 2342 2243 vero
2371 2202 2471 2244 nec
2499 2189 2676 2260 possit
2701 2189 2756 2244 in
2782 2188 3118 2247 conscientia
3143 2191 3370 2261 servari,
3401 2194 3472 2248 ut

1879 2280 2031 2332 recte
2058 2275 2336 2332 convincit
2361 2274 2568 2334 dictum
2605 2292 2728 2351 cap.
2763 2279 2895 2336 Tua
2933 2294 3071 2350 nos,
3095 2265 3185 2336 'de
3223 2278 3466 2351 sponsal.

1878 2373 1933 2422 et
1960 2380 2083 2436 cap.
2126 2367 2529 2439 Inquisitioni,
2576 2365 2644 2423 de
2686 2373 2918 2424 sentent.
2961 2370 3362 2427 excommunic.
3393 2369 3468 2428 Et

1878 2455 2017 2512 ratio
2043 2460 2130 2513 est
2152 2454 2326 2528 clara,
2357 2455 2490 2530 quia
2517 2472 2676 2514 nemo
2705 2463 2888 2530 potest
2913 2457 3140 2534 obligari
3170 2457 3236 2515 ad
3265 2473 3468 2530 pecca-

1879 2552 1999 2603 tum
2026 2545 2504 2612 committendum,
2537 2546 2792 2613 sed,illud
2821 2548 3002 2621 potius
3029 2549 3196 2605 vitare
3221 2555 3463 2623 tenetur,

1878 2652 1987 2694 non
2028 2636 2278 2694 obstante
2319 2652 2673 2711 quocumque
2711 2635 3038 2712 praecepto,
3079 2644 3138 2696 et
3179 2654 3466 2716 praesum-

1878 2729 2065 2799 ptione
2104 2727 2379 2799 bumana,
2422 2727 2549 2800 quia
2575 2730 2847 2800 potentior
2873 2734 2958 2786 est
2983 2729 3071 2787 lex
3099 2730 3342 2788 veritatis
3372 2747 3479 2793 na-x

1879 2816 2074 2874 turalis
2092 2857 2109 2888 ,
2140 2824 2241 2875 aut
2265 2816 2446 2874 divina
2467 2860 2482 2888 ,
2511 2833 2655 2890 quae
2681 2824 2816 2876 tunc
2857 2819 3058 2894 obligat
3083 2817 3150 2876 ad
3179 2821 3465 2880 vitandum

1878 2905 2043 2964 talem
2070 2913 2295 2979 actum,
2321 2913 2384 2963 ut
2409 2907 2463 2963 in
2490 2906 2650 2964 simili
2679 2908 3018 2982 Augustinus
3044 2909 3244 2985 tradit,
3285 2916 3345 2969 et
3369 2911 3466 2968 ba-

1878 2998 2037 3054 betur
2064 2999 2117 3054 in
2147 3013 2272 3070 cap.
2311 2997 2586 3060 Ver-itate,
2619 2996 2744 3054 dist.
2781 3004 2834 3057 8.
2863 2999 3186 3072 Exemplum
3214 3016 3467 3060 commu·

1878 3104 1945 3145 ne
1963 3095 2069 3164 est3
2097 3103 2225 3144 nam
2245 3087 2492 3145 Ecclesia
2511 3088 2651 3145 iuste
2671 3089 2990 3162 praesumit,
3004 3105 3126 3146 esse
3148 3105 3309 3148 veros
3329 3107 3462 3148 con-

1876 3181 2032 3253 iuges
2062 3177 2207 3250 illos,
2234 3180 2329 3252 qui
2357 3179 2412 3235 in
2432 3178 2568 3236 facie
2596 3179 2765 3251 ipsius
2786 3178 3020 3253 legitime
3047 3185 3460 3255 contraxerunt,

1876 3276 1934 3327 et
1957 3269 2172 3349 nullum
2211 3284 2404 3327 verum
2444 3268 2888 3342 impedimentum
2927 3269 3146 3328 irritans
3188 3278 3286 3329 aut
3319 3271 3466 3330 defe-

1877 3367 2031 3419 ctum
2071 3375 2375 3417 consensus
2414 3347 2702 3418 ostendere
2751 3367 3023 3435 possunt3
3062 3359 3294 3435 ideoque
3339 3361 3464 3419 illos

1879 3453 1994 3510 suis
2022 3451 2234 3526 legibus
2261 3458 2319 3510 et
2343 3451 2590 3509 censuris
2617 3451 2768 3526 cogit
2801 3450 2870 3509 ad
2907 3451 3362 3526 cohabitandum,
3402 3457 3466 3512 et

1880 3541 2146 3602 utendum
2173 3541 2555 3616 matrimoni03
2585 3547 2642 3600 et
2667 3542 3023 3600 nibilominus
3049 3543 3104 3600 in
3129 3559 3194 3600 eo
3221 3559 3381 3617 casu,
3409 3545 3462 3603 si

1877 3647 1938 3689 re
1963 3647 2097 3688 vera
2134 3629 2312 3689 defuit
2345 3631 2796 3705 consensus,evel
2823 3631 2996 3690 adfuit
3020 3629 3464 3707 impedimentum

1876 3722 2092 3780 irritans
2120 3761 2136 3792 ,
2187 3737 2295 3778 non
2343 3728 2573 3794 possunt
2617 3721 2859 3796 copulari
2908 3723 3170 3797 coniuges
3222 3726 3461 3783 scientes

1878 3799 2065 3884 postea
2094 3811 2200 3868 tale
2227 3811 2700 3886 impedimentum,
2738 3815 2868 3887 quia
2895 3818 3118 3888 agerent
3143 3821 3338 3871 contra
3364 3829 3458 3871 ve-

1878 3918 1999 3960 ram
2027 3901 2437 3960 conscientiam.
2470 3901 2614 3959 idem
2642 3917 2778 3977 ergo
2802 3909 2910 3977 est,
2934 3904 3147 3978 quoties
3177 3918 3460 3977 praesum-

1878 3996 1993 4069 pu'o
2034 3998 2117 4052 est
2156 3994 2433 4051 contraria
2471 3992 2686 4051 veritati
2732 3995 3072 4052 necessariae
3110 3993 3180 4052 ad
3209 3994 3466 4054 honesta-

1882 4092 1991 4143 tem
2022 4090 2206 4142 actus.

1952 4178 2224 4233 Auctores
2264 4187 2392 4231 vero
2434 4172 2668 4247 allegati.
2691 4187 2802 4232 non
2840 4172 3020 4232 solum
3057 4172 3368 4249 loquuntur
3401 4177 3462 4236 in

1875 4267 1970 4325 illo
1997 4281 2134 4325 casu
2155 4308 2171 4337 ,
2203 4264 2300 4324 sed
2325 4265 2486 4323 etiam
2513 4264 2567 4321 in
2594 4263 2730 4339 alio,
2760 4263 2978 4339 quando
3007 4307 3022 4338 ,
3061 4280 3169 4322 non
3208 4265 3460 4325 obstante

1881 4359 2117 4417 falsitate
2154 4357 2236 4414 rei
2275 4362 2690 4429 praesumptae,
2732 4354 2820 4413 lex
2859 4359 3041 4427 potest
3078 4355 3193 4413 sine
3232 4361 3461 4430 peccato

1878 4451 2121 4523 servari,
2163 4456 2222 4506 et
2259 4447 2568 4506 indistincte
2607 4445 3188 4522 docent1praesertim
3226 4447 3364 4505 Abb.
3402 4453 3464 4506 et

1876 4540 2117 4616 Felinus)
2135 4581 2151 4614 ,
2182 4540 2345 4598 etiam
2372 4541 2428 4596 in
2453 4553 2518 4596 eo
2541 4553 2676 4596 casu
2696 4536 2874 4611 legem
2893 4553 3004 4596 non
3023 4536 3284 4612 obligare.
3307 4537 3465 4598 Unde

1879 4633 2150 4703 inferunt,
2192 4629 2402 4688 etiamsi
2443 4629 2530 4686 lex
2568 4627 2807 4685 humana
2843 4625 3020 4685 irritet
3055 4626 3220 4685 talem
3246 4632 3459 4703 actum,

1880 4723 2095 4781 scilicet
2121 4718 2506 4793 venditionem,
2535 4717 2879 4790 electionem,
2908 4715 2994 4776 νο1
3015 4717 3269 4790 similem,
3298 4729 3366 4777 ex
3386 4721 3464 4777 si-

1878 4812 1989 4872 mili
2036 4811 2516 4885 praesumptione3
2559 4808 2909 4866 nihilominus
2946 4817 3134 4868 actum
3172 4824 3296 4867 esse
3331 4810 3466 4869 vali-

1878 4901 2042 4974 dum,
2072 4903 2119 4958 si
2144 4916 2206 4958 re
2243 4915 2376 4959 vera
2415 4899 2611 4958 babeat
2649 4897 2766 4956 illas
2805 4896 3143 4957 conditiones
3168 4938 3186 4973 ,
3225 4915 3368 4974 quae
3391 4915 3463 4964 ex

1880 4995 2000 5050 iure
2038 4996 2268 5050 naturae
2309 4987 2595 5049 sufficiunt
2621 4987 2688 5048 ad
2714 4987 2960 5046 valorem
2985 4990 3139 5058 eius3
3171 4989 3267 5047 sed
3292 4989 3360 5048 de
3386 4990 3464 5051 le-

1878 5084 2040 5159 gibus
2079 5081 2417 5140 irritantibus
2455 5082 2512 5138 in
2552 5079 2644 5137 lib.
2684 5080 2752 5138 V.
2795 5092 2862 5138 ex
2901 5079 3148 5154 professo
3185 5078 3456 5157 dicemus,

1880 5189 2027 5232 nunc
2057 5187 2189 5230 vero
2217 5168 2431 5229 de·sola
2458 5169 2778 5245 obligatione
2804 5169 2986 5244 legum
3009 5175 3330 5229 tractamus.
3354 5172 3458 5231 Es·-

1882 5280 1941 5326 se
1966 5268 2151 5325 autem
2175 5267 2356 5338 potest
2380 5260 2610 5338 vulgare
2633 5261 2938 5336 exemplum
2967 5260 3132 5322 huius
3160 5262 3462 5324 sententiae
