4325 6267
1827 392 2040 441 aanor
2069 395 2187 460 xx.

359 516 657 574 similitudo
701 519 848 584 inter·
881 523 1106 589 genteS,
1139 519 1268 574 licet
1303 519 1432 574 alias
1473 533 1566 590 per
1603 532 1660 572 se
1688 517 1844 574 civile
1874 517 1960 572 sit.

347 608 520 663 Ratio
555 607 701 662 enim
729 613 836 677 est,
868 613 985 662 tum
1015 608 1142 679 quia
1179 607 1312 664 haec
1352 606 1646 664 similitudo
1686 623 1793 663 non
1825 622 1964 662 sem-

358 710 457 767 per
485 703 572 751 est
606 696 871 768 perfecta,
905 695 998 751 sed
1029 701 1238 752 tantum
1267 699 1318 752 in
1348 697 1530 770 aliqua
1561 697 1774 752 ratione
1805 711 1963 768 gene-

357 783 458 846 rati
487 791 544 840 et
573 785 874 855 communi,
907 791 967 842 ut
991 784 1288 856 explicavi3
1315 791 1432 841 tum
1455 785 1648 856 etiam,
1681 785 1808 856 quia
1836 785 1965 840 licet

357 873 683 930 huiusmodi
726 875 864 930 ratio
907 875 1220 931 communis
1263 891 1368 931 non
1422 875 1492 930 sit
1541 874 1859 944 simplic-iter
1899 873 1965 930 de

356 963 477 1019 iure
502 969 754 1026 naturae,
779 969 1064 1019 esttamen
1089 961 1224 1020 adeo
1249 965 1578 1036 propinqua,
1601 970 1657 1018 et
1679 962 1812 1019 adeo
1836 979 1967 1019 con-

355 1058 618 1108 sentanea
670 1051 753 1107 vel
795 1050 1086 1108 commoda
1128 1057 1390 1123 naturae,
1426 1059 1487 1108 ut
1525 1053 1682 1108 facile
1727 1052 1966 1123 potuerit

355 1139 606 1213 singulas
639 1141 884 1198 nationes
915 1140 981 1197 ad
1012 1141 1132 1197 talia
1173 1141 1293 1197 iura
1334 1141 1624 1212 inclinare,
1661 1149 1776 1198 tum
1815 1141 1966 1197 deni-

355 1243 466 1300 que
486 1271 500 1300 ,
537 1228 666 1301 quia
705 1229 879 1300 potuit
906 1229 956 1284 in
995 1230 1100 1286 hoc
1129 1231 1288 1286 etiam
1321 1231 1648 1288 intervenire
1671 1229 1884 1286 traditio
1911 1236 1968 1286 et

354 1325 559 1375 mutua
588 1319 822 1374 imitatio
851 1318 1102 1376 inchoata
1126 1335 1156 1375 a
1187 1320 1455 1392 principio
1479 1321 1694 1393 generis
1718 1318 1961 1390 humani,

351 1415 412 1464 et
437 1424 570 1464 cum
601 1409 692 1464 illo
721 1415 885 1465 aucta
914 1415 970 1466 et
999 1409 1239 1465 dilatata.

435 1502 492 1555 2.
527 1498 787 1554 Secundo
827 1497 1175 1573 intelligitur,
1219 1513 1330 1572 quo
1373 1513 1540 1554 sensu
1582 1497 1964 1569 accipiendum

285 1639 296 1650 ,
357 1588 448 1658 sit,
481 1586 631 1658 quod
661 1585 716 1642 d.
749 1586 980 1642 Thomas
1009 1586 1158 1644 dicta
1183 1604 1239 1660 q.
1267 1592 1362 1658 95,
1393 1595 1499 1644 art.
1533 1593 1588 1646 4.
1622 1586 1774 1658 dicit,
1808 1602 1966 1658 prae-

356 1682 518 1747 cepta
555 1677 692 1732 iuris
729 1676 973 1748 gentium
1011 1691 1132 1732 esse
1176 1677 1561 1733 conclusiones
1600 1674 1868 1733 deductas
1895 1689 1962 1731 ex

357 1765 634 1836 principiis
671 1764 808 1822 iuris
831 1765 1118 1835 naturalis,
1141 1770 1198 1821 et
1216 1763 1432 1822 differre
1453 1780 1484 1821 a
1505 1765 1622 1821 iure
1646 1763 1810 1833 civili,
1836 1765 1963 1836 quia

357 1857 478 1911 eius
507 1854 656 1926 leges
687 1871 790 1909 non
820 1863 952 1911 sunt
977 1855 1394 1922 conclusiones,
1427 1854 1522 1910 sed
1559 1855 1964 1911 determinatio-

357 1959 456 2000 nes
486 1945 624 2000 iuris
653 1943 936 2000 naturalis.
962 1944 1110 2012 Quae
1131 1943 1382 2000 doctrina
1406 1945 1700 2015 praecipue
1724 1944 1965 2000 traditur

356 2031 424 2088 de
461 2033 684 2105 proprio
712 2033 832 2089 iure
853 2033 1096 2106 gentium
1127 2033 1424 2104 communi,
1449 2040 1508 2089 et
1531 2032 1768 2105 generali
1800 2033 1962 2103 priori

315 2173 323 2177 .
356 2123 526 2178 modo
570 2121 848 2178 declarato
867 2164 881 2193 ,
910 2129 968 2178 et
994 2121 1120 2178 licet
1149 2138 1178 2178 a
1207 2121 1456 2178 Conrado
1483 2121 1814 2194 intelligatur
1845 2135 1964 2177 esse

355 2210 484 2267 data
511 2213 660 2267 iuxta
683 2211 910 2268 modum
939 2211 1197 2285 loquendi
1225 2213 1576 2282 iuristarum3
1607 2212 1802 2268 melius
1832 2227 1961 2267 cum

357 2304 492 2357 Soto
515 2307 575 2356 et
597 2300 714 2356 aliis
735 2300 1114 2374 intelligimuS,
1131 2308 1421 2372 praecepta
1445 2301 1576 2357 iuris
1600 2303 1844 2373 gentium
1874 2317 1964 2357 vo-

356 2391 475 2446 cari
501 2388 888 2446 conclusiones
916 2390 1048 2444 iuris
1079 2390 1340 2446 naturalis
1369 2406 1476 2446 non
1505 2390 1755 2446 absolute
1781 2394 1839 2446 et
1869 2405 1964 2462 per

355 2479 730 2534 necessariam
771 2479 1096 2550 illationem,
1137 2479 1231 2534 sed
1270 2479 1678 2550 comparatione
1719 2479 1864 2536 iacta
1894 2479 1960 2534 ad

356 2567 864 2626 determinationem
893 2569 1028 2624 iuris
1057 2569 1224 2624 civilis
1253 2577 1307 2625 et
1336 2570 1553 2640 privati.
1595 2572 1730 2626 Nam
1760 2571 1810 2624 in
1844 2570 1962 2626 iure

355 2658 504 2714 civili
546 2673 644 2714 seu
683 2659 896 2729 privato
941 2658 998 2713 fit
1023 2656 1402 2715 determinatio
1439 2658 1521 2714 vel
1551 2673 1697 2714 mere
1735 2658 1962 2715 arbitra-

355 2747 461 2818 ria,
491 2745 558 2802 de
587 2763 696 2820 qua
718 2747 928 2803 dictum
951 2753 1054 2802 est:
1091 2746 1263 2823 Quod
1284 2750 1550 2821 principi
1571 2747 1825 2823 placuit,
1853 2748 1963 2805 lta·

356 2835 457 2891 bet
487 2833 634 2907 leyis
661 2839 954 2908 viyorem;
984 2852 1088 2891 non
1127 2837 1254 2908 quia
1298 2835 1414 2892 sola
1454 2836 1702 2893 voluntas
1744 2853 1845 2910 pro
1875 2852 1962 2893 ra—

357 2926 506 2979 tione
547 2921 830 2995 sufficiat,
877 2924 970 2980 sed
1008 2921 1134 2995 quia
1169 2923 1552 2982 determinatio
1595 2925 1685 2981 illa
1727 2925 1957 2982 diversis

353 3010 537 3070 modis
558 3012 703 3068 iacta
727 3020 879 3070 esset
905 3013 1266 3084 rationabilis3
1299 3021 1356 3070 et
1383 3029 1542 3086 saepe
1572 3014 1722 3072 nulla
1761 3021 1846 3071 est
1877 3030 1962 3070 ra-

357 3102 455 3172 tio,
488 3101 559 3156 ob
589 3118 754 3175 quam
785 3103 968 3173 potius
996 3103 1102 3159 hoc
1134 3105 1317 3177 modo,
1349 3118 1517 3175 quam
1548 3104 1640 3159 illo
1669 3103 1779 3173 liat,
1804 3112 1860 3161 et
1888 3107 1962 3160 ita

353 3191 566 3246 dicitur
592 3192 706 3247 lieri
730 3193 1034 3264 voluntate,
1057 3194 1237 3264 potius
1259 3209 1423 3266 quam
1447 3193 1677 3250 ratione.
1695 3195 1789 3266 Vel
1809 3200 1960 3252 certe

357 3279 452 3336 ubi
483 3280 664 3352 aliqua
696 3283 953 3352 specialis
983 3285 1120 3338 ratio
1149 3282 1466 3354 intercedit,
1496 3283 1878 3341 consideratur
1905 3287 1959 3341 in

354 3369 548 3426 ordine
583 3369 650 3426 ad
683 3370 1050 3441 particulares
1086 3379 1143 3426 et
1177 3373 1332 3444 quasi
1371 3373 1679 3429 materiales
1719 3375 1962 3430 circum-

357 3461 608 3530 stantias,
639 3467 806 3532 atque
836 3461 908 3516 ita
939 3466 1025 3516 est
1051 3460 1426 3517 determinatio
1453 3463 1626 3534 magis
1649 3463 1698 3516 in
1722 3465 1961 3518 circum·

357 3550 591 3621 stantiis,
623 3563 792 3622 quam
819 3550 870 3604 in
903 3549 1227 3605 substantia.
1250 3553 1319 3606 At
1341 3565 1470 3606 vero
1493 3551 1544 3605 in
1571 3551 1688 3606 iure
1710 3553 1958 3624 gentium

351 3645 651 3708 praecepta
684 3642 813 3693 sunt
841 3639 1012 3711 magis
1040 3638 1343 3711 generalia,
1367 3639 1492 3712 quia
1522 3641 1574 3694 in
1604 3639 1682 3695 eis
1711 3639 1960 3697 conside·

353 3733 516 3782 ratur
547 3726 758 3782 utilitas
800 3729 966 3782 totius
997 3734 1255 3799 naturae,
1285 3734 1342 3784 et
1369 3728 1723 3784 conformitas
1752 3728 1819 3784 ad
1851 3731 1960 3801 pri-

351 3831 443 3871 ma
468 3824 529 3871 et
558 3815 884 3872 universalia
913 3816 1170 3888 principia
1200 3824 1458 3890 naturae,
1495 3818 1728 3890 ideoque
1759 3833 1960 3874 vocan-

352 3913 444 3960 tur
483 3905 870 3961 conclusiones
898 3905 1087 3961 exiliis
1117 3906 1344 3976 elicitae,
1370 3909 1498 3980 quia
1527 3923 1593 3963 ex
1626 3908 1674 3962 vi
1698 3907 1958 3964 naturalis

347 3993 644 4050 discursus
703 3993 886 4051 statim
935 4004 1162 4065 apparet
1204 3997 1586 4052 convenientia
1630 4003 1688 4052 et
1734 3997 1958 4053 moralis

349 4081 558 4139 utilitas
593 4083 782 4139 talium
815 4090 1272 4156 praeceptorum,
1304 4099 1446 4156 quae
1476 4085 1722 4141 homines
1749 4084 1959 4143 induxit

345 4171 416 4228 ad
442 4173 578 4229 tales
603 4189 786 4230 mores
806 4172 1263 4245 introducendoS,
1291 4175 1464 4246 magis
1486 4176 1818 4232 necessitate
1847 4176 1957 4232 exi-

345 4269 510 4336 gente
539 4307 552 4328 ,
601 4279 770 4336 quam
814 4262 1093 4320 voluntate
1121 4305 1135 4334 ,
1178 4270 1240 4320 ut
1285 4264 1624 4322 iustinianus
1661 4265 1954 4336 imperator

341 4352 502 4409 dixit.

424 4449 482 4502 3.
520 4443 704 4499 Tertio
727 4458 796 4500 ex
825 4443 984 4501 dictis
1013 4443 1181 4499 insero
1202 4484 1217 4514 ,
1257 4444 1307 4499 in
1339 4444 1642 4515 praeceptis
1678 4445 1797 4500 iure
1827 4461 1954 4517 gen-

342 4535 482 4590 tium
513 4532 842 4590 servandam
879 4547 1000 4588 esse
1039 4533 1372 4606 aequitatem
1392 4575 1406 4602 ,
1436 4540 1491 4588 et
1516 4533 1812 4606 iustitiam3
1845 4534 1952 4591 hoc

341 4623 486 4678 enim
523 4627 612 4677 est
651 4621 718 4677 de
757 4623 966 4678 ratione
1002 4623 1174 4677 omnis
1205 4621 1373 4694 legis,
1407 4637 1546 4693 quae
1585 4624 1656 4679 sit
1686 4638 1810 4679 vera
1841 4623 1948 4692 lex,

255 4737 274 4746 ·
343 4718 406 4768 nt
440 4726 612 4781 supra
639 4719 922 4767 ostensum
949 4717 1067 4780 est3
1101 4709 1245 4784 leges
1275 4717 1462 4766 autem
1493 4709 1558 4766 ad
1588 4711 1674 4767 ius
1702 4714 1950 4784 gentium

337 4802 677 4875 pertinentes
725 4815 884 4856 verae
913 4799 1060 4872 leges
1089 4807 1252 4871 sunt,
1287 4806 1350 4856 ut
1376 4800 1706 4871 explicatum
1739 4807 1946 4872 manet,

334 4897 395 4947 et
420 4891 838 4962 propinquiores
876 4897 1008 4945 sunt
1047 4889 1149 4961 legi
1179 4888 1453 4957 naturali,
1484 4904 1650 4960 quam
1693 4889 1841 4961 leges
1869 4891 1950 4946 ci-

335 4979 494 5052 vile-s,
527 4980 768 5051 ideoque
799 4976 1128 5050 impossibile
1156 4983 1262 5046 est,
1284 4993 1407 5034 esse
1437 4979 1740 5034 contrarias
1762 4980 1948 5052 aequi-

338 5071 432 5127 tati
471 5068 744 5140 naturali,
777 5074 838 5124 ut
867 5069 998 5123 bene
1030 5069 1241 5123 notavit
1264 5069 1491 5123 Covarr.
1528 5067 1618 5124 lib.
1651 5075 1707 5127 2.
1743 5069 1942 5126 variar.

331 5176 461 5230 cap.
501 5163 560 5228 3,
591 5174 650 5213 n.
683 5162 740 5214 2.
775 5155 930 5213 Addo
959 5171 1123 5223 vero,
1156 5171 1278 5212 esse
1307 5155 1658 5213 differentiam
1689 5159 1831 5214 inter
1860 5159 1944 5216 ius

331 5248 582 5322 gentium
623 5252 678 5303 et
723 5245 972 5303 naturale
1013 5247 1361 5320 rigorosum,
1393 5245 1542 5319 quod
1584 5247 1668 5302 ius
1697 5249 1944 5306 naturale

3444 389 3562 450 157

2036 532 2142 572 non
2189 518 2367 574 solum
2408 521 2672 592 praecipit
2708 521 2888 595 bona,
2930 524 3024 581 sed
3064 525 3229 581 etiam
3272 526 3345 582 ita
3383 528 3641 598 prohibet

2037 607 2217 661 omnia
2239 606 2401 674 mala,
2426 614 2486 663 ut
2508 609 2723 666 nullum
2750 614 3044 682 permittat.
3064 615 3154 670 lus
3179 621 3363 671 autem
3391 619 3638 688 gentium

2037 693 2217 764 aliqua
2249 696 2386 750 mala
2416 698 2729 766 permittere
2770 705 2978 771 potest,
3011 707 3073 756 ut
3109 705 3321 759 notavit
3356 706 3632 762 Mattienz.

2037 780 2177 837 libro
2202 788 2254 839 5.
2272 783 2526 856 Recopil.
2546 787 2627 841 tit.
2653 791 2737 857 ll,
2758 787 2862 859 leg.
2890 793 2939 860 t,
2963 791 3136 846 Gtoss.
3170 796 3212 858 l,
3237 809 3387 851 num.
3408 799 3463 850 3.
3480 795 3637 860 Quod

2037 872 2271 927 maxime
2300 871 2515 928 videtur
2544 873 2741 931 habere
2771 876 2955 933 locum
2994 881 3046 934 in
3087 881 3179 936 illo
3209 882 3325 938 iure
3359 885 3629 955 gentium,

2036 958 2184 1032 quod
2216 976 2273 1016 re
2302 977 2434 1016 vera
2462 963 2619 1019 civile
2648 971 2765 1038 est;
2798 981 2895 1037 per
2925 968 3331 1026 similitudinem
3362 978 3546 1028 autem
3574 985 3632 1029 et

2035 1050 2469 1106 convenientiam
2500 1054 2779 1109 nationum
2813 1063 3041 1112 vocatur
3071 1060 3337 1130 gentium.
3370 1060 3457 1115 Sic
3488 1063 3632 1118 enim

2037 1138 2253 1193 sicutin
2281 1140 2398 1194 iure
2420 1138 2562 1195 civili
2585 1143 2979 1212 permittuntur
3001 1145 3183 1219 aliqua
3205 1147 3365 1219 mala,
3382 1149 3454 1204 ita
3469 1153 3631 1206 etiam

2037 1235 2273 1297 possunt
2315 1231 2554 1308 permitti
2592 1232 2713 1286 iure
2753 1236 3021 1305 gentium3
3054 1236 3180 1307 quia
3208 1238 3323 1306 ipsa
3355 1230 3662 1310 permissio‘

2036 1323 2219 1386 potest
2248 1333 2369 1373 esse
2400 1324 2506 1374 tam
2540 1322 2851 1378 necessaria
2880 1324 3032 1379 iuxta
3060 1323 3404 1397 fragilitatem
3427 1334 3481 1384 et
3502 1345 3634 1384 con-

2035 1403 2293 1462 ditionem
2318 1406 2601 1464 bominum
2626 1410 2708 1465 vel
2733 1412 3105 1484 negotiorum,
3129 1422 3189 1469 ut
3210 1413 3257 1469 in
3287 1430 3349 1470 ea
3370 1419 3635 1474 servanda

2036 1508 2228 1550 omnes
2267 1495 2379 1551 sere
2419 1499 2663 1553 nationes
2705 1499 3077 1556 concordent:
3113 1501 3235 1558 talis
3270 1518 3391 1560 esse
3421 1506 3635 1563 videtur

2036 1583 2321 1652 permissio
2360 1590 2714 1642 meretricum
2736 1629 2751 1657 ,
2794 1593 2849 1644 et
2886 1591 3174 1660 permissio
3211 1590 3548 1663 deceptionis
3584 1595 3635 1650 in

2037 1680 2359 1742 contractu,
2388 1691 2533 1746 quae
2563 1693 2669 1732 non
2698 1678 2765 1732 sit
2796 1681 3061 1751 enormis,
3093 1687 3151 1736 et
3179 1681 3391 1738 similia.

2113 1767 2168 1818 4.
2202 1762 2374 1818 Obiici
2402 1778 2533 1821 vero
2563 1773 2744 1835 potest
2774 1765 2811 1821 l.
2841 1771 2905 1821 in
2934 1783 3131 1833 casae,
3160 1765 3360 1833 §idem
3378 1773 3630 1846 Pompo-

2034 1853 2199 1914 nius,
2238 1851 2289 1906 ff.
2322 1851 2389 1906 d‘e
2419 1853 2615 1910 minor.
2653 1853 2916 1911 adiuncta
2934 1857 3131 1928 'Glossa
3150 1877 3171 1928 ς
3195 1875 3319 1914 nam
3348 1859 3552 1917 dicitur
3582 1865 3634 1918 in

2038 1939 2598 2000 textumaturaliter
2620 1942 2793 1998 licere
2810 1947 3291 2003 contrahentibus
3308 1964 3368 2005 se
3382 1953 3635 2006 circum-

2033 2030 2229 2083 venire
2252 2031 2313 2083 in
2328 2032 2523 2102 pretio
2546 2035 2852 2104 emptionis
2876 2037 2931 2089 et
2948 2033 3315 2091 venditionis.
3334 2038 3430 2095 Ubi
3442 2038 3634 2095 Glossa

2036 2116 2279 2187 exponit,
2312 2118 2711 2186 Naturaliter,
2750 2120 2803 2176 id
2828 2129 2913 2178 est
2940 2122 3007 2179 de
3036 2125 3155 2180 iure
3180 2127 3448 2197 gentium.
3474 2129 3630 2195 Quod

2033 2207 2195 2261 etiam
2238 2206 2470 2264 habetur
2506 2209 2555 2264 in
2599 2209 2634 2264 l.
2678 2213 2818 2267 ilem
2849 2214 2901 2267 si
2930 2217 3148 2286 pretio,
3192 2215 3629 2286 §quemadmo-

2032 2293 2201 2363 dum,
2240 2298 2292 2353 ff.
2330 2298 2519 2354 locati.
2557 2299 2637 2355 Ad
2683 2299 2783 2355 hoc
2824 2302 3117 2372 respondet
3142 2305 3425 2361 Mattienzo
3460 2323 3629 2378 supra

2035 2387 2385 2460 (sustinendo
2426 2389 2930 2459 interpretationem
2970 2392 3193 2448 Glossae
3220 2394 3403 2466 quoad
3441 2394 3632 2451 adver·

2033 2475 2183 2532 bium
2212 2477 2619 2550 naturaliter),
2655 2475 2885 2535 verbum
2916 2479 3090 2537 licere
3118 2497 3223 2538 non
3252 2482 3448 2539 debere
3477 2485 3631 2542 intel-

2031 2563 2122 2638 ligi
2150 2582 2281 2621 cum
2315 2567 2669 2638 proprietate,
2704 2575 2764 2624 ut
2792 2567 2993 2625 dicitur
3021 2568 3088 2626 de
3116 2585 3176 2626 re
3209 2571 3353 2628 licita
3380 2580 3435 2629 et
3463 2573 3629 2630 hone·

2031 2660 2136 2724 sta,
2170 2655 2249 2710 sic
2279 2657 2421 2710 enim
2454 2663 2724 2728 repugnat
2749 2671 2871 2712 esse
2900 2657 3109 2714 licitum
3140 2675 3199 2715 se
3226 2659 3629 2720 circumvenire

2031 2750 2141 2802 tam
2178 2747 2227 2801 in
2266 2747 2447 2818 pretio
2487 2748 2777 2818 emptionis
2828 2755 2926 2804 aut
2974 2747 3322 2821 venditionis,
3368 2767 3530 2822 quam
3574 2753 3629 2807 in

2030 2835 2275 2907 quolibet
2301 2834 2407 2891 alio
2438 2837 2684 2908 negoti03
2716 2853 2841 2892 nam
2870 2837 3073 2894 Paulus
3103 2844 3157 2896 2.
3191 2839 3432 2897 Thessal.
3466 2846 3522 2912 4,
3553 2843 3630 2896 in·

2031 2929 2112 2978 ter
2143 2930 2438 2994 praecepta
2468 2941 2497 2979 a
2529 2941 2588 2980 se
2618 2927 2819 2982 tradita
2847 2928 3031 2998 ponit,
3076 2933 3143 2984 ut
3176 2945 3345 2985 nemo
3380 2933 3633 2987 circum-

2025 3013 2224 3067 veniat
2231 3009 2503 3081 fratrem
2532 3030 2721 3082 suum,
2743 3020 2798 3071 et
2828 3014 3036 3072 subdit:
3079 3020 3381 3092 Quoniam
3407 3019 3629 3077 vindex

2026 3102 2115 3154 est
2139 3102 2297 3155 Deus
2322 3097 2395 3156 de
2412 3101 2505 3156 Itis
2527 3103 3003 3160 omnib-us.Debet
3023 3119 3156 3176 ergo
3188 3105 3417 3163 verbum
3445 3106 3625 3165 licere

2030 3186 2135 3242 late
2166 3190 2328 3256 sumi,
2356 3195 2414 3244 et
2440 3189 2489 3244 in
2515 3189 2703 3246 ordine
2725 3189 2791 3245 ad
2818 3192 3118 3248 humanum
3142 3193 3431 3266 iudicium,
3459 3206 3630 3267 prout

2029 3275 2193 3331 licere
2222 3275 2442 3347 dicitur,
2473 3277 2622 3350 quod
2654 3279 2873 3350 impune
2903 3279 3004 3344 sit,
3033 3288 3092 3337 et
3117 3282 3269 3353 quod
3299 3300 3403 3340 usu
3434 3285 3627 3342 tolera·

2029 3371 2143 3435 tur,
2177 3364 2323 3436 quod
2356 3366 2577 3438 perinde
2603 3373 2688 3424 est
2712 3384 2777 3424 ac
2810 3370 3064 3440 permitti.
3099 3371 3189 3426 Vel
3214 3372 3321 3428 dici
3342 3375 3506 3429 etiam
3530 3392 3627 3447 po·

2033 3462 2158 3527 test,
2190 3462 2247 3512 et
2274 3455 2387 3512 sere
2414 3459 2467 3512 in
2498 3456 2637 3512 idem
2669 3457 2829 3528 redit,
2862 3458 3257 3527 naturaliter,
3297 3461 3348 3517 id
3377 3468 3463 3519 est
3490 3468 3621 3520 iure

2026 3547 2291 3616 qentium
2328 3545 2377 3602 id
2405 3544 2612 3611 licere,
2650 3545 2700 3602 id
2739 3552 2825 3602 est
2850 3564 2966 3602 non
2983 3549 3314 3620 prohiberi.
3349 3566 3456 3605 non
3500 3553 3627 3624 quia

2027 3634 2116 3688 ius
2147 3635 2398 3690 naturale
2428 3636 2739 3706 rigorosum
2768 3635 2823 3692 id
2866 3650 2974 3691 non
3020 3636 3333 3708 prohibeat,
3366 3639 3459 3695 sed
3503 3643 3631 3712 quia

2027 3721 2116 3776 ius
2142 3723 2417 3795 gentium,
2448 3730 2615 3794 prout
2644 3723 2943 3780 humanum
2972 3732 3077 3795 est,
3109 3742 3216 3782 non
3244 3727 3395 3785 addit
3422 3729 3628 3801 specia-

2027 3809 2132 3865 lem
2163 3811 2614 3884 prohibitionem3
2646 3815 2757 3868 imo
2786 3815 3005 3882 statuit,
3037 3820 3098 3869 ut
3124 3814 3176 3871 id
3208 3832 3314 3871 non
3340 3819 3620 3890 puniatur,

2027 3915 2207 3973 neque
2239 3910 2500 3973 tanquam
2540 3901 2803 3958 delictum
2844 3904 2897 3958 in
2938 3903 3173 3961 humana
3215 3906 3493 3978 republica
3529 3924 3627 3966 seu

2026 3988 2146 4046 soro
2177 3990 2469 4047 habeatur.
2502 3993 2573 4048 Et
2612 3992 2762 4048 iuxta
2790 3993 2940 4050 hunc
2971 4011 3196 4051 sensum
3233 3996 3325 4052 illa
3354 3998 3471 4055 iura
3498 4015 3627 4056 con-

2023 4080 2243 4137 firmant
2269 4083 2453 4152 potius
2481 4081 2787 4138 doctrinam
2821 4083 3091 4140 traditam.

2103 4173 2172 4226 At
2200 4186 2331 4226 vero
2354 4171 2705 4227 Covarr.non
2732 4171 2927 4242 probat
2953 4173 3333 4231 illamGlossae
3364 4176 3626 4250 interpre-

2032 4259 2289 4316 tationem
2321 4262 2375 4314 in
2404 4259 2572 4316 verbo
2600 4261 2990 4328 naturaliter,
3030 4278 3207 4335 neque
3234 4263 3381 4321 illam
3419 4267 3625 4337 impro-

2021 4349 2305 4420 prietatem
2338 4351 2388 4404 in
2421 4350 2585 4405 verbo
2615 4349 2821 4416 licere,
2853 4352 3173 4422 praesertim
3202 4367 3334 4409 cum
3364 4355 3449 4410 lex
3474 4359 3627 4412 Item

2021 4443 2072 4495 si
2091 4442 2307 4513 pretio,
2345 4439 2517 4496 dicat:
2551 4439 2929 4497 Naturaliter
2952 4457 3295 4498 concessum
3316 4447 3418 4511 est,
3436 4446 3624 4502 etc.Et

2019 4529 2139 4586 ideo
2168 4529 2388 4600 exponit
2413 4530 2639 4586 verbum
2662 4531 3111 4598 circumvenire,
3143 4540 3203 4590 ut
3232 4548 3337 4589 non
3367 4541 3621 4592 sumatur

2021 4620 2263 4693 rigorose
2280 4661 2295 4689 ,
2327 4626 2496 4690 prout
2523 4615 2791 4691 significat
2817 4619 3191 4691 deceptionem
3228 4637 3328 4693 per
3355 4622 3541 4680 dolum
3568 4629 3623 4680 et

2017 4707 2290 4770 fraudem.
2316 4707 2410 4764 sed
2445 4715 2507 4763 ut
2535 4708 2798 4779 significat
2826 4709 3121 4765 humanam
3151 4709 3425 4768 solertiam
3454 4724 3511 4768 et
3530 4727 3621 4768 ar-

2021 4805 2151 4870 tem,
2172 4798 2297 4870 quia
2318 4813 2505 4852 emens
2522 4803 2786 4868 procurat
2810 4798 3051 4854 minuere
3076 4799 3150 4854 rei
3166 4800 3617 4872 aestimationem,

2018 4893 2290 4960 quantum
2319 4891 2527 4958 potest,
2558 4891 2614 4941 et
2643 4885 2882 4942 vendens
2909 4902 3113 4958 augere
3142 4905 3247 4945 non
3272 4905 3404 4946 cum
3429 4889 3619 4948 fraude

2015 4985 2070 5034 et
2097 4977 2222 5033 dolo
2248 5018 2263 5050 ,
2291 4975 2384 5032 sed
2412 4977 2554 5032 intra
2583 4975 2778 5031 limites
2810 4975 2940 5032 iusti
2971 4979 3125 5048 pretii
3156 4985 3211 5034 et
3236 4985 3419 5036 rectae
3451 4982 3617 5037 ratio·

2016 5069 2119 5122 nis.
2147 5067 2320 5133 Quam
2344 5065 2875 5122 circumventionem
2905 5065 3119 5122 videtur
3145 5066 3501 5141 descripsisse
3517 5071 3613 5126 Sa-

2015 5158 2168 5230 piens
2197 5157 2543 5213 Proverbior.
2579 5160 2672 5214 20.
2707 5155 2931 5212 dicens:
2964 5154 3211 5213 Malum
3238 5163 3348 5224 est,
3384 5157 3619 5214 malam

2013 5252 2118 5313 est,
2153 5244 2300 5302 dicit
2328 5248 2517 5303 omnis
2540 5248 2786 5320 emptor,
2816 5248 2871 5302 et
2897 5260 3035 5302 cum
3056 5248 3375 5308 recesserit,
3394 5245 3617 5319 yloria-
