4325 6267
1714 350 1925 401 CAPUT
1952 350 2171 400 XXXV.

313 479 561 546 constet,
593 474 769 548 ipsum
796 473 973 531 teneri
1001 473 1068 531 ad
1098 472 1423 531 servandum
1454 473 1615 547 illud,
1649 491 1749 534 nec
1771 493 1898 549 pos-

316 564 390 620 sit
420 565 535 621 sine
564 565 825 621 iniustitia
849 563 985 622 illud
1014 580 1245 638 negare3
1278 566 1359 621 sic
1389 565 1504 622 dari
1532 567 1691 623 etiam
1716 573 1902 639 potest

314 654 463 711 actio
492 662 691 713 contra
718 656 1017 729 principem
1039 695 1055 726 ,
1086 656 1159 713 ita
1189 662 1252 712 ut
1278 656 1327 712 in
1358 657 1695 713 conscientia
1721 663 1902 713 tenea-

322 748 415 801 tur
442 744 589 801 illam
616 747 965 819 permittere,
996 760 1096 802 seu
1138 744 1443 803 admittere.
1488 750 1663 819 Atque
1702 747 1753 803 in
1792 747 1898 803 hoc

320 833 481 891 etiam
512 849 679 891 sensu
706 834 936 893 civiliter
974 835 1251 909 obligatur
1292 838 1404 892 sine
1444 837 1761 909 coactione,
1806 851 1903 909 per

316 925 471 997 quod
504 924 791 981 obiectioni
818 925 1159 983 satisfactum
1186 933 1293 983 est.

389 1018 486 1073 22.
530 1016 795 1089 Superest
831 1015 1229 1088 expediendum
1267 1018 1491 1075 tertium
1532 1023 1797 1089 punctum
1836 1015 1903 1073 de

316 1104 421 1160 alio
462 1105 661 1162 effectu
702 1104 873 1178 legis,
914 1108 1007 1179 qui
1046 1100 1131 1163 est
1168 1106 1378 1163 irritare
1417 1113 1762 1180 contractus,
1806 1122 1905 1163 seu

316 1195 583 1253 actiones.
616 1196 685 1252 Et
707 1195 846 1252 ratio
874 1195 1023 1254 dubii
1048 1212 1168 1253 esse
1188 1204 1389 1269 potest,
1415 1198 1544 1270 quia
1565 1196 1652 1254 hic
1675 1198 1905 1255 effectus

316 1283 535 1342 videtur
562 1286 823 1356 poenalis,
853 1294 910 1344 et
935 1288 1009 1343 ita
1038 1302 1199 1359 saepe
1226 1289 1367 1344 inter
1394 1303 1596 1360 poenas
1624 1295 1908 1361 computa-

314 1380 411 1431 tur
437 1390 469 1431 a
496 1376 630 1432 iuris
658 1376 1077 1447 interpretibus3
1106 1392 1241 1450 ergo
1262 1378 1411 1435 sicut
1432 1393 1605 1450 poena
1628 1394 1737 1435 non
1757 1394 1907 1436 com-

315 1464 606 1538 prehendit
630 1466 953 1537 principem,
986 1468 1057 1523 ita
1084 1483 1262 1542 neque
1299 1468 1385 1524 hic
1424 1469 1673 1525 effectus.
1704 1470 1906 1526 Confir-

315 1561 502 1612 matur
534 1570 599 1612 ex
631 1554 671 1611 l.
700 1570 777 1611 ex
799 1555 1169 1630 imperfecto,
1203 1558 1265 1614 C.
1296 1558 1363 1613 de
1392 1564 1611 1615 testam.
1645 1559 1735 1615 ubi
1773 1559 1910 1616 dici-

318 1652 433 1719 tur,
464 1647 849 1717 imperatorem
878 1648 993 1703 iure
1022 1648 1229 1719 imperii
1264 1662 1385 1704 esse
1412 1648 1722 1722 exemptum
1760 1664 1792 1705 a
1820 1666 1909 1705 so·

316 1734 685 1792 lemnitatibus
713 1734 869 1809 iuris,
900 1734 952 1791 id
980 1741 1084 1807 est,
1118 1746 1179 1793 ut
1204 1740 1424 1810 exponit
1448 1739 1659 1809 Glossa,
1692 1741 1818 1813 quia
1848 1738 1907 1795 li·

316 1831 410 1883 cet
434 1827 489 1881 in
516 1826 736 1883 actibus
765 1826 879 1883 suis
908 1842 1015 1882 non
1048 1826 1307 1884 observet
1333 1828 1590 1885 solemnia
1620 1829 1784 1903 iuris,
1815 1845 1910 1886 ne-

322 1932 413 1975 mo
442 1918 535 1990 sit,
560 1918 655 1991 qui
683 1933 745 1974 ea
770 1918 946 1990 possit
969 1916 1263 1979 infirmare.
1295 1917 1525 1975 Aliunde
1552 1924 1733 1975 autem
1766 1917 1911 1975 vide-

318 2015 414 2065 tur
454 2008 772 2079 oppositum
806 2007 989 2081 colligi
1030 2022 1095 2063 ex
1132 2007 1323 2065 eadem
1359 2007 1396 2065 l.
1428 2023 1505 2065 ex
1540 2006 1901 2082 imperfecta

320 2096 415 2153 uhi
442 2097 607 2153 etiam
636 2098 703 2155 de
730 2098 1053 2170 imperatore
1081 2096 1316 2170 dicitur,
1348 2114 1454 2155 non
1493 2100 1757 2171 consequi
1784 2098 1911 2155 hae-

320 2188 609 2245 reditatem
648 2204 716 2245 ex
757 2188 1076 2259 imperfecto
1118 2194 1443 2246 testamento
1478 2232 1491 2259 ,
1534 2191 1661 2262 quia
1700 2189 1912 2247 scilicet

321 2279 443 2335 iure
483 2278 629 2336 civili
658 2280 875 2341 irritum
906 2285 1020 2350 est3
1050 2294 1184 2351 ergo
1210 2278 1297 2335 ille
1336 2278 1562 2336 effectus
1602 2280 1661 2337 fit
1696 2295 1726 2336 a
1769 2279 1908 2354 lege,

320 2370 486 2427 etiam
512 2376 771 2441 respectu
800 2369 1079 2442 principis.
1112 2368 1259 2426 Idem
1286 2371 1430 2426 sumi
1472 2376 1655 2441 potest
1691 2385 1755 2427 ex
1783 2386 1907 2442 cap.

322 2465 397 2519 In
426 2462 641 2528 causis,
678 2458 746 2516 de
772 2465 913 2516 sent.
954 2467 1009 2516 et
1049 2475 1105 2517 re
1148 2458 1313 2516 iudic.
1357 2468 1631 2533 quatenus
1671 2458 1912 2517 Pontifex

324 2549 479 2623 dicit,
510 2552 673 2607 etiam
700 2550 754 2606 in
784 2550 898 2607 suis
926 2548 1139 2607 iudiciis
1168 2550 1487 2607 servandam
1527 2565 1646 2607 esse
1686 2549 1912 2608 iudicio-

325 2654 455 2697 rum
482 2638 717 2697 iormam
758 2655 789 2695 a
828 2639 1127 2697 canonibus
1167 2646 1451 2699 statutam.
1486 2640 1641 2699 Ratio
1681 2638 1915 2712 denique

324 2736 434 2804 est,
465 2732 593 2804 quia
620 2730 705 2787 hic
734 2730 963 2787 effectus
993 2730 1163 2804 magis
1190 2733 1422 2802 pertinet
1462 2731 1527 2789 ad
1559 2732 1663 2788 vim
1699 2730 1917 2788 directi·

329 2836 477 2887 vam,
505 2827 559 2878 et
584 2828 670 2877 est
694 2836 793 2894 per
820 2836 877 2877 se
904 2820 1143 2877 intentus
1170 2821 1223 2877 in
1253 2820 1390 2893 lege,
1412 2827 1470 2878 et
1494 2822 1727 2878 maxime
1756 2820 1919 2879 refert

328 2911 399 2968 ad
426 2912 631 2969 bonum
657 2926 969 2983 commune,
999 2917 1063 2968 ut
1087 2911 1339 2984 princeps
1376 2912 1537 2968 etiam
1576 2912 1631 2968 in
1668 2911 1757 2968 illo
1786 2928 1918 2969 con-

326 3002 525 3059 cordat
562 3018 691 3059 cum
732 3007 847 3058 toto
886 3014 1137 3073 corpore3
1172 3009 1255 3057 ut·
1273 3018 1328 3057 v.
1360 3017 1415 3074 g.
1457 3000 1609 3074 quod
1656 3000 1920 3057 sacerdos

332 3093 403 3150 sit
434 3091 683 3149 inhabilis
718 3090 786 3147 ad
825 3090 1261 3164 matrimonium,
1294 3091 1523 3148 effectus
1561 3096 1645 3146 est
1669 3090 1803 3163 legis
1830 3105 1923 3147 ec-

328 3184 675 3241 clesiasticae
702 3182 967 3239 irritantis
985 3224 999 3250 ‚
1032 3182 1260 3239 maxime
1288 3188 1469 3239 autem
1495 3178 1744 3255 expedit,
1773 3187 1837 3238 ut
1864 3179 1923 3237 il-

331 3271 447 3328 lum
486 3272 685 3331 habeat
718 3313 734 3345 ,
774 3272 937 3328 etiam
976 3273 1129 3329 circa
1168 3287 1457 3345 personam
1498 3272 1699 3329 summi
1739 3272 1925 3329 Ponti-

326 3362 466 3419 ficis.

408 3456 501 3511 23.
520 3453 765 3511 Breviter
788 3453 1129 3511 distinctione
1148 3451 1411 3510 utendum
1436 3468 1658 3509 censeo.
1678 3452 1811 3508 Nam
1836 3450 1925 3507 hic

332 3542 565 3611 effectus
592 3542 889 3617 aliquando
918 3550 1005 3601 est
1032 3558 1169 3615 pure
1195 3549 1252 3599 et
1278 3542 1494 3615 proprie
1515 3540 1776 3615 poenalis,
1800 3541 1929 3612 quia

334 3634 517 3692 solum
538 3635 593 3691 in
614 3650 845 3707 poenam
869 3635 946 3707 fit3
973 3638 1034 3690 ut
1052 3632 1270 3706 quando
1294 3633 1627 3690 simoniacus
1648 3646 1743 3705 per
1764 3646 1927 3687 suum

332 3731 687 3783 contractum
726 3724 859 3781 nihil
888 3731 1151 3797 operatur
1172 3766 1187 3796 ,
1216 3722 1301 3779 vel
1330 3721 1548 3795 quando
1576 3721 1930 3777 beneficiatus

330 3832 445 3873 non
474 3814 605 3872 iacit
632 3814 851 3871 fructus
879 3830 1032 3885 suos,
1063 3812 1190 3888 quia
1217 3828 1324 3870 non
1347 3812 1599 3870 recitavit
1620 3810 1799 3868 horas:
1833 3807 1931 3865 ali-

330 3905 555 3979 quando
592 3920 755 3977 vero,
785 3912 842 3963 et
877 3906 1094 3976 saepius
1133 3903 1220 3960 hic
1261 3904 1488 3961 effectus
1516 3908 1603 3960 est
1637 3917 1735 3974 per
1763 3916 1821 3956 se
1848 3901 1931 3956 in-

329 4000 520 4052 tentus
560 4002 792 4068 propter
832 3994 1174 4051 honestatem
1213 4009 1430 4050 morum
1469 3992 1825 4064 reipublicae,
1869 3996 1933 4046 ut

334 4086 656 4143 solemnitas
686 4085 997 4143 testamenti
1022 4084 1323 4157 requiritur
1350 4084 1417 4140 ad
1435 4083 1677 4139 valorem
1704 4083 1843 4153 eius,
1868 4086 1933 4138 ut

333 4178 595 4233 securius
638 4183 893 4234 servetur
932 4175 1161 4232 iustitia.
1209 4175 1424 4230 Priores
1465 4187 1596 4245 ergo
1640 4171 1783 4244 leges
1822 4186 1927 4227 non

334 4264 813 4337 comprehendunt
838 4264 1136 4337 principem
1160 4269 1383 4337 propter
1406 4264 1636 4335 primam
1657 4263 1930 4319 rationem

338 4356 567 4413 factam.
588 4359 923 4414 Posteriores
952 4361 1135 4412 autem
1163 4354 1333 4428 leges,
1357 4369 1455 4427 per
1481 4368 1539 4409 se
1560 4352 1853 4425 loquendo,
1877 4358 1933 4409 et

336 4447 443 4503 nisi
470 4462 729 4521 expresse
757 4446 1124 4520 derogemur,
1168 4444 1252 4501 vel
1292 4444 1703 4517 dispensentur,
1731 4442 1931 4516 prinei-

337 4552 461 4608 pem
490 4535 984 4610 comprehendunt.
1010 4536 1079 4592 Et
1105 4534 1211 4591 hoc
1236 4533 1467 4606 probant
1486 4536 1787 4606 posteriora
1816 4548 1931 4589 mo-

342 4628 473 4682 tiva.
502 4626 861 4683 Nihilominus
894 4631 1071 4682 tamen
1102 4623 1319 4699 quando
1348 4624 1604 4696 princeps
1646 4624 1758 4696 ipse
1800 4624 1933 4681 iacit

341 4717 583 4773 scienter
623 4724 811 4773 actum
854 4717 967 4772 sine
1008 4714 1438 4772 solemnitatibus
1478 4715 1642 4787 iuris,
1673 4722 1932 4772 censetur

342 4820 535 4862 secum
563 4808 679 4877 ipse
708 4805 1040 4879 dispensare,
1072 4812 1129 4862 et
1155 4810 1341 4861 actum
1365 4803 1547 4861 iacere
1569 4804 1824 4877 validum,
1850 4806 1930 4863 iu·

342 4902 435 4952 xta
462 4894 664 4953 dictam
694 4895 869 4969 legem
892 4900 997 4953 Ex*
1009 4892 1375 4969 imperfecto,
1405 4893 1554 4967 quod
1576 4910 1739 4952 secus
1760 4902 1846 4952 est
1866 4894 1931 4952 de

343 4992 474 5043 actu
504 5000 603 5043 seu
626 4992 947 5043 testamento
968 4985 1035 5041 ab
1056 4984 1160 5041 alio
1184 4984 1352 5056 sacto,
1378 4984 1537 5041 etiam
1558 4992 1811 5059 respectu
1832 4987 1931 5044 im-

346 5076 637 5149 peratoris,
671 5076 801 5150 quia
828 5083 963 5133 tunc
990 5089 1097 5131 non
1126 5081 1213 5131 est
1258 5073 1367 5131 ulla
1402 5074 1541 5131 ratio
1577 5073 1933 5149 dispensatio·

346 5167 453 5237 nis,
483 5173 539 5223 et
566 5165 686 5223 ideo
716 5172 875 5223 actus
900 5170 987 5223 est
1007 5163 1299 5221 invalidus.
1334 5165 1402 5222 Et
1437 5166 1509 5222 ita
1537 5166 1791 5225 conciliat
1814 5166 1932 5224 illas

312 5343 321 5353 ,
344 5256 487 5317 duas
513 5265 695 5331 partes
722 5256 914 5315 Glossa
938 5256 1033 5329 ibi,
1060 5262 1117 5314 et
1144 5259 1407 5313 consonat
1432 5257 1633 5330 optime
1660 5262 1693 5325 S
1720 5255 1820 5318 ult.
1846 5258 1932 5317 ln·

3357 331 3480 394 295

1974 477 2159 534 stitut.
2201 474 2403 548 quibus
2439 473 2614 533 modis
2653 479 2975 532 testamenta
3025 474 3383 531 infirmentur.
3424 472 3564 542 Quid

1969 576 2153 624 autem
2184 567 2558 623 necessarium
2586 567 2688 638 sit,
2719 571 2782 621 ut
2807 563 3087 639 derogatio
3127 564 3208 620 vel
3237 563 3566 635 dispensatio

1969 657 2151 731 quoad
2183 656 2336 714 hunc
2366 658 2622 715 effectum
2659 656 2730 712 sit
2765 654 2940 713 valida
2976 663 3237 728 respectu
3279 655 3562 727 principis,

1968 748 2111 804 infra
2130 748 2401 819 dicemus3
2419 762 2544 804 nam
2566 746 2705 803 idem
2727 746 2779 802 in
2801 746 2904 803 hoc
2928 744 3263 803 censendum
3289 753 3394 817 est,
3417 744 3568 819 quod

1972 836 2040 895 de
2071 837 2477 911 dispensatione
2507 838 2558 893 in
2588 837 2912 909 obligatione
2945 836 3080 911 legis
3107 836 3284 910 quoad
3311 837 3566 894 eumdem

1971 928 2304 1001 principem,
2346 927 2412 984 de
2453 944 2562 1002 qua
2599 927 3000 1000 dispensatione
3047 929 3102 983 in
3141 926 3276 983 libro
3315 927 3449 984 Vlll.
3490 925 3569 983 di-

1972 1019 2120 1077 cturi
2142 1035 2358 1076 sumuS.

2051 1113 2143 1168 24.
2177 1110 2256 1165 Ad
2286 1110 2550 1166 rationem
2579 1123 2710 1181 ergo
2741 1106 3021 1164 dubitandi
3049 1106 3100 1163 in
3129 1108 3396 1182 principio
3424 1110 3568 1179 posi·-

1974 1204 2087 1256 tam
2113 1215 2182 1257 ex
2206 1198 2363 1257 dictis
2386 1205 2534 1272 patet
2554 1199 2784 1256 solutio:
2809 1198 2912 1253 iam
2931 1197 3072 1253 enim
3095 1196 3436 1255 declaratum
3456 1207 3562 1273 est,

1972 1305 2135 1361 posse
2168 1288 2526 1362 legislatorem
2557 1304 2658 1345 sua
2687 1286 2802 1361 lege
2830 1287 3077 1360 obligari,
3107 1290 3234 1361 quia
3261 1287 3368 1365 fert
3394 1290 3568 1361 legem

1975 1386 2038 1435 ut
2066 1380 2311 1435 minister
2337 1379 2452 1449 Dei,
2482 1379 2642 1435 cuius
2672 1380 2973 1435 auctoritas
3013 1379 3068 1433 in
3109 1377 3198 1434 illa
3238 1378 3567 1452 obligatione

1977 1469 2283 1526 intervenit.
2315 1471 2380 1526 Et
2415 1470 2664 1543 quamvis
2691 1484 2798 1525 non
2841 1468 3014 1540 possit
3046 1470 3298 1539 princeps
3339 1469 3561 1541 obligari

1974 1558 2093 1630 lege
2133 1576 2234 1615 sua
2274 1566 2529 1631 tanquam
2569 1565 2856 1630 praecepto
2902 1557 3108 1614 directe
3153 1556 3250 1613 sibi
3290 1559 3565 1631 imposito,

1976 1654 2161 1721 potest
2197 1648 2539 1705 nibilominus
2579 1648 2805 1720 obligari
2844 1654 3134 1719 praecepto
3175 1663 3206 1703 a
3234 1662 3292 1703 se
3331 1647 3441 1707 lato
3466 1666 3567 1721 pro

1977 1745 2098 1796 tota
2127 1740 2538 1811 communitate,
2568 1740 2726 1795 cuius
2755 1739 2868 1811 ipse
2895 1745 2981 1795 est
3006 1753 3154 1811 pars,
3182 1740 3308 1811 quia
3337 1755 3434 1810 per
3459 1740 3570 1797 tale

1978 1836 2332 1902 praeceptum
2345 1830 2713 1887 constituitur
2741 1836 2891 1886 certa
2920 1828 3108 1902 regula
3134 1830 3372 1902 virtutis,
3402 1846 3568 1904 quam

1978 1920 2090 1991 ipse
2116 1936 2181 1975 ex
2223 1920 2272 1975 vi
2309 1920 2528 1979 rationis
2567 1920 2832 1981 naturalis
2870 1920 3023 1993 sequi
3063 1925 3312 2004 tenetur,
3343 1923 3472 1993 quia
3496 1922 3570 1979 ita

1979 2010 2378 2083 praescriptum
2405 2017 2487 2067 est
2511 2010 2578 2067 ab
2606 2017 2832 2067 auctore
2869 2011 2990 2067 talis
3027 2010 3342 2082 potestatis,
3376 2017 3438 2068 ut
3472 2011 3565 2068 de-

1978 2100 2252 2159 claratum
2280 2108 2385 2159 est.
2416 2100 2565 2159 Unde
2593 2100 2678 2157 alii
2705 2100 2924 2174 dicunt,
2955 2100 3102 2175 quod
3131 2102 3260 2159 licet
3287 2101 3428 2159 idem
3456 2118 3567 2159 non

1980 2193 2153 2263 possit
2180 2190 2279 2249 sibi
2306 2193 2404 2265 ipsi
2431 2192 2717 2263 imperare,
2750 2198 2930 2248 tamen
2956 2190 3100 2247 idem
3125 2198 3189 2248 ut
3213 2192 3455 2249 minister
3475 2192 3569 2248 Dei

1980 2288 2167 2353 potest
2197 2298 2254 2338 se
2284 2288 2347 2338 ut
2372 2282 2638 2339 hominem
2679 2281 2916 2355 obligare
2957 2280 3074 2354 lege
3113 2297 3145 2337 a
3184 2296 3240 2337 se
3282 2280 3410 2354 lata,
3443 2282 3568 2354 quia

1981 2380 2242 2443 operatur
2271 2386 2367 2445 per
2395 2371 2814 2429 iurisdictionem
2845 2372 3026 2445 aliquo
3053 2370 3216 2429 modo
3237 2368 3490 2442 divinam,
3513 2370 3568 2429 id

1981 2469 2068 2519 est
2096 2478 2127 2519 a
2154 2465 2265 2520 Deo
2291 2468 2595 2536 acceptam,
2622 2478 2764 2535 quae
2791 2468 2974 2535 potest
2996 2462 3196 2519 habere
3223 2461 3363 2519 hanc
3384 2460 3570 2519 effica-

1983 2555 2123 2611 ciam
2153 2554 2206 2610 in
2233 2554 2412 2626 ipsum
2440 2551 2745 2625 habentem,
2777 2560 3052 2626 quatenus
3081 2553 3331 2609 innititur
3357 2550 3568 2609 divinae

1984 2646 2270 2715 potestati,
2301 2660 2331 2700 a
2360 2658 2466 2717 qua
2493 2648 2694 2713 manat,
2718 2642 2868 2715 quod
2893 2642 2946 2699 in
2964 2642 3104 2699 idem
3133 2641 3293 2714 redit,
3322 2656 3444 2697 nam
3473 2658 3569 2699 eo-

1984 2731 2107 2790 dem
2136 2733 2298 2790 modo
2327 2739 2383 2790 et
2408 2747 2470 2789 ex
2503 2731 2690 2789 iisdem
2727 2732 3004 2805 principiis
3037 2730 3418 2804 explicandum
3458 2740 3561 2787 est.

2064 2830 2157 2882 25.
2192 2822 2270 2881 Ad
2298 2823 2469 2896 legem
2496 2826 2783 2897 Princeps
2819 2822 3039 2896 quidam
3071 2820 3313 2879 moderni
3341 2835 3566 2894 respon·
3672 2876 3678 2883 ,

1987 2914 2116 2971 dent
2140 2957 2155 2986 ,
2185 2914 2259 2970 ibi
2287 2929 2394 2969 non
2418 2910 2525 2969 dici
2541 2952 2558 2985 ,
2587 2914 2884 2986 principem
2910 2926 3029 2971 esse
3052 2909 3293 2967 solutum
3314 2909 3565 2967 omnibus

1990 3004 2234 3078 legibus,
2277 3000 2374 3060 sed
2407 3000 2678 3059 indefinite
2717 3000 2956 3075 legibus,
3000 2998 3406 3073 intelligendum
3445 3015 3566 3056 esse

1989 3095 2140 3151 iuxta
2171 3091 2448 3149 rubricam
2477 3091 2632 3166 legis,
2662 3107 2802 3165 quae
2830 3092 2908 3148 sic
2938 3090 3128 3148 habet:
3161 3088 3326 3149 Idem
3359 3088 3568 3165 Ulpia-

1988 3199 2104 3241 nus
2134 3186 2198 3239 in
2221 3180 2324 3239 lib.
2353 3181 2438 3239 14.
2470 3180 2554 3239 ad
2580 3180 2758 3255 leyem
2791 3180 3016 3238 Iuliam
3043 3186 3100 3237 et
3125 3182 3404 3254 Papiam.
3427 3182 3568 3238 Cum

1992 3288 2123 3345 ergo
2151 3272 2222 3328 ibi
2251 3270 2447 3329 dicitur
2473 3272 2724 3345 princeps
2751 3270 2968 3327 solutus
2997 3270 3202 3343 legibus
3222 3310 3237 3338 ,
3269 3270 3570 3344 intelligen-

1993 3363 2129 3421 dum
2158 3362 2336 3420 solum
2356 3369 2442 3442 est
2467 3362 2534 3420 de
2561 3363 2678 3435 lege
2707 3362 2840 3417 Iulia
2875 3367 2933 3417 et
2967 3360 3158 3433 Papia,
3187 3376 3330 3434 quae
3367 3360 3570 3417 dicitur

1995 3455 2166 3513 ruisse
2198 3454 2264 3511 de
2291 3452 2511 3511 caducis
2541 3452 2728 3525 legatis
2749 3494 2765 3526 ,
2795 3467 2827 3508 a
2863 3466 2998 3525 qua.
3013 3450 3226 3507 solutus
3266 3457 3382 3509 erat
3420 3452 3572 3524 prin-

1996 3562 2161 3619 ceps,
2203 3544 2360 3617 idque
2399 3559 2508 3599 non
2546 3544 2661 3600 iure
2701 3557 2836 3615 suo,
2881 3541 2977 3599 sed
3016 3541 3271 3599 beneficio
3313 3547 3559 3598 senatus.

1995 3638 2149 3693 Hanc
2177 3650 2280 3708 ego
2308 3634 2797 3707 interpretationem
2828 3649 2935 3690 non
2971 3633 3218 3705 improbo
3245 3631 3426 3707 quoad
3453 3648 3570 3689 om-

1996 3727 2105 3797 nia,
2136 3740 2277 3798 quae
2305 3724 2548 3797 assumit,
2581 3724 2709 3796 quia
2734 3740 2842 3781 non
2869 3723 2998 3781 mihi
3029 3728 3269 3796 constat,
3299 3738 3418 3780 esse
3433 3722 3570 3780 falsa

1996 3816 2202 3887 omnia,
2237 3814 2398 3886 ipsun
2427 3829 2557 3871 vero
2585 3816 2642 3870 in
2669 3828 2728 3870 se
2757 3828 2863 3869 non
2890 3811 3100 3886 probo,
3129 3819 3248 3870 tum
3276 3814 3404 3887 quia
3428 3827 3572 3870 nova

1996 3912 2083 3963 est
2108 3910 2162 3962 et
2183 3912 2369 3962 comm
2389 3919 2734 3960 communem
2759 3903 3280 3975 interpretationem,
3306 3909 3422 3960 tum
3442 3903 3572 3975 quia

1996 4003 2081 4053 est
2108 4010 2302 4068 parum
2321 3999 2685 4051 consentanea
2711 3999 2768 4050 et
2805 3993 2980 4051 verbis
3021 3992 3166 4050 illius
3204 3993 3338 4066 legis
3371 3997 3428 4048 et
3453 3992 3572 4047 aliis

1994 4086 2228 4159 legibus.
2259 4083 2515 4141 Probatur
2544 4084 2737 4157 primo,
2768 4084 2897 4157 quia
2916 4083 3006 4141 illa
3026 4082 3294 4143 indefinita
3311 4084 3366 4139 in
3386 4084 3570 4156 rigore

1997 4174 2279 4233 doctrinali
2317 4173 2618 4246 aequivalet
2662 4174 2979 4247 universali,
3007 4181 3065 4231 et
3101 4174 3400 4231 coniuncta
3439 4188 3570 4230 cum

1994 4264 2166 4321 verbo
2193 4261 2405 4320 solatus
2431 4266 2535 4329 est,
2563 4256 2726 4319 habet
2755 4264 3018 4320 maiorem
3041 4265 3169 4337 vim,
3191 4264 3317 4337 quia
3337 4262 3570 4320 verbum

1998 4354 2132 4411 illud
2172 4352 2386 4410 solatus
2425 4356 2511 4409 est
2546 4352 2778 4410 includit
2817 4356 3194 4428 negationem,
3225 4354 3435 4411 scilicet
3459 4370 3568 4412 non

1996 4450 2085 4500 est
2114 4442 2388 4500 subiectus
2412 4440 2650 4517 legibus,
2680 4447 2736 4499 et
2759 4443 2815 4498 in
2841 4445 3042 4501 virtute
3069 4450 3154 4501 est
3187 4444 3272 4503 ille
3303 4446 3572 4503 terminus

1996 4531 2338 4605 distributis,
2372 4538 2490 4590 tum
2517 4531 2682 4588 etiam
2709 4533 2838 4607 quia
2865 4531 2994 4591 licet
3018 4531 3108 4592 illa
3129 4534 3212 4593 lex
3233 4535 3396 4594 suerit
3421 4552 3570 4594 sum·

1998 4630 2091 4695 pta
2120 4636 2186 4680 ex
2217 4621 2338 4678 lbro
2367 4621 2574 4694 Ulpiani
2603 4621 2670 4679 ad
2694 4622 2870 4696 legem
2895 4624 3084 4682 Iuliam
3109 4632 3166 4682 et
3192 4628 3432 4701 Papiam,
3461 4643 3572 4685 non

1997 4711 2119 4769 ideo
2148 4713 2405 4785 seqiitur‚
2436 4711 2488 4766 in
2515 4710 2604 4768 illa
2633 4714 2930 4786 sententia,
2958 4720 3016 4772 et
3043 4714 3219 4771 verbis
3253 4715 3396 4773 illius
3434 4715 3568 4789 legis

1997 4801 2244 4860 locutum
2270 4800 2439 4857 fuisse
2477 4799 2544 4857 de
2580 4800 2670 4857 illa
2707 4802 2824 4859 sola
2854 4802 3004 4876 lege,
3037 4804 3214 4876 potuit
3253 4806 3397 4861 enim
3435 4804 3572 4863 illud

1998 4892 2311 4965 principiim
2340 4890 2588 4964 generale
2618 4892 2798 4953 afferri
2834 4895 3122 4950 occasione
3158 4894 3381 4953 alterius
3410 4893 3568 4969 legis,

2000 4982 2066 5040 de
2094 5000 2206 5056 qua
2228 4980 2502 5039 notabat.
2533 4981 2688 5049 Quod
2714 4982 3031 5041 declaratur
3066 4986 3572 5043 accommodatissi-

2000 5089 2090 5132 mo
2118 5070 2348 5144 exenplo
2377 5078 2596 5145 sumpto
2633 5088 2700 5129 ex
2737 5070 2892 5139 fluit.
2931 5076 3108 5134 instit.
3153 5076 3353 5149 quibus
3393 5077 3570 5135 modis

2000 5168 2310 5223 testamenta
2333 5163 2700 5235 infirmentur,
2735 5162 2824 5220 ubi
2852 5178 2982 5221 cum
3004 5163 3210 5223 dictum
3232 5166 3442 5240 fuisset,
3474 5168 3572 5243 im-

2000 5260 2291 5331 peratooem
2317 5268 2424 5313 non
2452 5250 2819 5313 admissurum
2847 5252 3048 5331 aliquid
3073 5254 3172 5313 sibi
3195 5256 3450 5317 relictum
3473 5274 3572 5333 per
