4325 6267
1885 350 2097 409 CAPUT
2125 353 2174 398 1.

364 489 427 538 et
450 484 595 539 inter
622 482 807 539 fideles
836 484 885 539 in
910 481 1163 539 Ecclesia
1180 480 1380 539 Christi
1410 480 1461 535 in
1488 493 1595 535 usu
1616 491 1739 534 esse
1761 481 1965 547 potest,

364 572 463 645 qui
503 573 681 628 status
720 570 1133 628 accidentaliter
1172 576 1387 627 tantum
1428 568 1719 641 differunt,
1762 575 1820 625 et
1848 567 1969 624 ideo

366 659 685 731 simpliciter
715 660 781 717 de
814 660 933 732 lege
962 659 1104 717 civili
1130 658 1413 730 dicemus3
1440 657 1530 715 uhi
1557 665 1739 715 autem
1768 656 1971 731 aliquid

366 750 657 821 proprium
700 748 1081 819 explicandum
1120 748 1461 819 occurrerit,
1506 746 1558 804 id
1587 763 1693 804 non
1724 752 1968 819 praeter-

368 840 681 909 mittemus,
714 837 812 895 sed
848 836 1153 894 doctrinam
1196 838 1501 893 universam
1529 834 1598 892 ad
1627 841 1969 905 praesentem

374 916 659 984 Ecclesiae
688 933 897 985 statum
924 925 1484 985 accommodabimus.
1826 946 1835 955 ·

970 1117 1253 1187 CAPUT
1298 1117 1350 1183 1.

649 1312 862 1367 Utrum
892 1312 1059 1366 sitin
1086 1308 1421 1367 hontinibus
1439 1312 1707 1383 potestas

876 1397 963 1455 ad
987 1398 1140 1472 leqes
1150 1396 1463 1469 serendas.

921 1578 1412 1644 summarium

374 1755 421 1803 1.
462 1754 777 1805 potestatem
820 1754 992 1817 legum
1037 1752 1363 1803 ferendarum
1404 1752 1593 1801 habent
1634 1750 1885 1800 homines.
1906 1774 1975 1784 -

439 1823 492 1873 2.
518 1824 791 1875 Conclusio
814 1823 1143 1884 affirmativa,
1172 1828 1225 1872 et
1250 1821 1314 1872 de
1340 1820 1459 1871 fide.
1476 1848 1546 1857 —
1562 1820 1617 1871 3.
1645 1819 1797 1871 Ratio
1818 1818 1975 1868 huius

436 1894 752 1943 assertionis
778 1921 848 1930 —
864 1893 917 1942 4.
945 1892 1001 1942 In
1026 1892 1394 1943 communitate
1428 1890 1657 1953 perfecta
1682 1887 1972 1939 necessaria

436 1968 516 2011 est
553 1970 779 2026 potestas
812 1961 1135 2025 gubernandi
1160 1973 1290 2012 eam.
1311 1987 1381 1995 —
1399 1960 1451 2009 5.
1480 1959 1631 2009 Ratio
1654 1970 1683 2006 a
1708 1957 1974 2021 priori.—

436 2030 491 2081 6.
526 2031 756 2082 Secunda
792 2032 1074 2082 conclusio.
1097 2056 1167 2067 —
1188 2030 1238 2080 7.
1266 2029 1625 2081 corollarium.
1649 2054 1719 2063 —
1738 2026 1791 2076 8.
1820 2024 1974 2076 Obie-

437 2102 636 2151 ctiones
658 2102 713 2150 in
737 2100 1229 2151 corollarium—9.
1258 2098 1650 2149 obiectionibus
1676 2096 1731 2145 in
1753 2095 1973 2145 corolla-

440 2170 575 2219 rium
596 2170 1117 2234 respondetur.——10.
1142 2169 1265 2219 ltem
1284 2168 1665 2219 obiectionibus
1686 2166 1737 2213 in
1759 2164 1975 2227 primam

436 2240 836 2290 conclusionem.
851 2238 1248 2301 -Principatui
1272 2237 1493 2287 humano
1517 2242 1597 2285 est
1621 2247 1715 2299 per
1731 2232 1973 2283 accidens

438 2309 650 2371 imperia
674 2320 787 2359 esse
810 2307 1107 2358 introducta
1133 2308 1417 2370 tyrannice.
1439 2333 1509 2341 —
1532 2306 1616 2355 11.
1647 2303 1973 2366 Principatus

438 2376 689 2427 humanus
714 2389 815 2427 non
839 2382 919 2427 est
944 2377 1251 2439 congenitus
1274 2388 1391 2427 cum
1417 2381 1603 2425 natura
1618 2409 1634 2436 ,
1654 2371 1745 2423 sed
1771 2385 1873 2422 non
1890 2376 1971 2421 est

436 2452 615 2496 eontra
643 2453 899 2496 naturam.

459 2622 507 2673 1.
540 2616 875 2689 Loquimur,
907 2622 973 2673 ut
998 2615 1133 2688 dixi,
1160 2615 1229 2672 de
1258 2622 1450 2673 natura
1480 2614 1713 2671 hominis
1740 2616 1969 2685 eiusque

368 2710 637 2777 potestate
664 2703 967 2778 legislativa
995 2703 1299 2761 secundum
1322 2720 1381 2759 se
1404 2710 1680 2776 spectata,
1704 2718 1812 2758 non
1836 2718 1972 2757 con-

373 2792 669 2851 siderando
696 2808 844 2851 nunc
873 2809 942 2849 an
970 2808 1069 2865 per
1098 2793 1273 2866 legem
1295 2792 1530 2850 divinam
1552 2790 1754 2865 aliquid
1778 2791 1853 2848 illi
1876 2790 1971 2847 ad-

370 2881 547 2939 ditum
590 2882 670 2937 vel
714 2881 1060 2939 subtractum
1101 2882 1204 2953 sit,
1250 2880 1356 2938 hoc
1383 2881 1528 2937 enim
1557 2886 1745 2952 postea
1774 2878 1971 2935 videbi-

373 2988 519 3029 mus.
564 2972 753 3043 ltaque
790 2973 1042 3044 quaestio
1080 2978 1200 3040 est,
1242 2987 1309 3027 an
1352 2969 1625 3041 homines,
1655 2986 1721 3026 ex
1748 2967 1864 3025 sola
1891 2968 1971 3024 rei

372 3066 574 3117 natura
603 3059 905 3132 loquendo,
946 3060 1156 3130 possint
1197 3060 1465 3130 imperare
1502 3057 1845 3127 hominibus,
1877 3070 1973 3127 per

371 3149 623 3221 proprias
651 3148 797 3222 leges
826 3162 921 3204 eos
952 3147 1265 3220 obligando.
1291 3149 1450 3205 Ratio
1478 3153 1659 3204 autem
1688 3143 1972 3203 dubitandi

372 3253 497 3294 esse
538 3241 751 3309 potest,
782 3237 914 3309 quia
942 3236 1103 3293 homo
1129 3243 1326 3294 natura
1354 3252 1455 3293 sua
1483 3235 1619 3292 liber
1647 3240 1813 3292 estet
1840 3234 1972 3296 nulli

373 3326 688 3398 subiectus,
731 3326 829 3381 nisi
870 3326 1112 3383 Creatori
1154 3333 1405 3395 tentum,
1454 3340 1589 3398 ergo
1636 3324 1971 3397 principatus

372 3412 647 3474 humanus
678 3423 871 3472 contra
899 3422 1123 3471 naturae
1152 3413 1394 3472 ordinem
1420 3419 1526 3485 est,
1550 3421 1606 3471 et
1632 3414 1972 3489 tyrannidem

375 3503 623 3561 includit.
653 3505 1020 3561 confirmatur
1046 3506 1413 3577 experimento
1432 3546 1447 3575 ,
1478 3519 1605 3559 nam
1631 3504 1709 3559 ita
1734 3502 1803 3559 de
1829 3503 1971 3559 sacto

374 3593 727 3650 introductus
754 3601 870 3665 est3
906 3609 1027 3649 nam
1059 3593 1125 3650 de
1154 3593 1390 3651 Nemrod
1419 3592 1617 3649 dicitur
1644 3592 1837 3649 Genes.
1881 3596 1967 3650 to:

374 3686 509 3757 Ipse
535 3686 721 3757 coepit
749 3697 873 3738 esse
892 3687 1103 3755 potem
1130 3684 1197 3739 in
1224 3680 1555 3753 terrmsttit
1581 3686 1784 3738 autem
1803 3682 1971 3755 prin-

373 3773 601 3845 cipium
633 3774 803 3843 requi
829 3774 958 3827 eius
986 3768 1289 3845 Babylon.-
1320 3772 1509 3843 utique
1535 3786 1633 3843 per
1662 3772 1767 3827 vim
1794 3776 1852 3831 et
1876 3785 1971 3841 po-

374 3860 615 3917 tentiam.
648 3862 719 3917 Et
744 3860 991 3917 similiter
1017 3858 1087 3916 de
1108 3859 1412 3917 Alexandro
1433 3859 1569 3916 dixit
1592 3862 1800 3917 Lucan.
1836 3859 1968 3915 suis-

372 3964 433 4005 se
457 3946 706 4016 felicem
746 3954 1055 4006 terrarum
1085 3946 1486 4023 praedonem,
1532 3948 1681 4022 quod
1710 3950 1871 4005 etiam
1903 3948 1974 4003 si-

368 4038 644 4110 gnificavit
665 4036 1007 4112 Augustinus
1047 4037 1136 4095 lib.
1162 4042 1216 4095 4.
1250 4036 1323 4093 de
1356 4040 1536 4095 Civit.
1570 4052 1694 4108 cap.
1726 4041 1784 4094 4.
1819 4037 1972 4094 Unde

368 4133 455 4182 est
476 4125 608 4183 illud
632 4128 805 4195 Oseae
826 4132 879 4185 8:
895 4128 1021 4199 Ipsi
1039 4129 1455 4200 regnaverunt,
1474 4129 1530 4181 et
1547 4141 1667 4181 non
1685 4140 1764 4181 ex
1786 4140 1966 4192 meus,

368 4217 678 4289 Principes
719 4217 1071 4280 extiterunt,
1106 4217 1165 4270 et
1198 4229 1319 4271 non
1346 4215 1589 4286 coynovi
1614 4229 1729 4269 eos.
1763 4212 1975 4269 Confir-

376 4308 559 4361 matur
592 4302 837 4361 secundo
867 4319 933 4360 ex
963 4305 1288 4375 Augustino,
1319 4302 1413 4376 qui
1445 4303 1534 4359 lib.
1576 4307 1661 4360 10.
1694 4301 1767 4359 de
1796 4306 1971 4360 Civit.

330 4458 335 4462 ,
370 4408 499 4465 cap.
540 4397 626 4450 15.
659 4392 945 4464 expendit,
986 4391 1185 4449 dixisse
1228 4396 1399 4449 Deum
1434 4393 1625 4448 Genes.
1669 4398 1724 4450 1:
1761 4394 1976 4449 Facia-

370 4498 507 4539 mus
524 4481 843 4548 hominem,
948 4484 1015 4537 ut
1029 4484 1263 4556 praesit
1275 4482 1541 4555 piscibus
1561 4484 1771 4548 maris,
1803 4486 1858 4538 et
1882 4498 1977 4539 vo-

372 4569 641 4628 latilibus
664 4569 832 4638 caeli,
862 4575 918 4628 et
941 4570 1135 4627 bestiis
1157 4576 1387 4631 terrae.-
1416 4586 1523 4625 non
1544 4569 1742 4626 dixisse
1767 4577 1974 4642 autem,

376 4668 440 4716 ut
468 4660 670 4733 praesit
696 4659 1006 4715 hominibus
1025 4700 1041 4729 ,
1084 4658 1427 4731 significans,
1459 4659 1607 4715 hunc
1638 4657 1976 4715 dominatum

376 4764 484 4806 non
524 4765 647 4805 esse
686 4748 990 4805 naturalem
1028 4745 1251 4805 homini.
1282 4752 1363 4806 Et
1388 4746 1547 4816 ideo,
1585 4749 1791 4821 inquit,
1818 4754 1980 4823 ρήσ-

374 4854 472 4895 res
497 4841 643 4895 iusti
670 4855 791 4895 uon
816 4853 1007 4911 reyes,
1051 4836 1156 4895 sed
1172 4842 1451 4913 pastores
1481 4835 1971 4908 wittmfueruni,

376 4935 433 4986 ei
460 4928 757 5005 appellati
783 4934 940 4985 sunt.
975 4930 1053 4985 lta
1081 4930 1245 4985 etiam
1272 4928 1495 5001 Gregor.
1524 4927 1616 4983 lib.
1650 4930 1742 4986 21.
1770 4928 1979 4985 Mora·

378 5019 551 5087 lium,
579 5034 706 5091 cap.
743 5022 845 5089 lo,
858 5016 987 5073 alias
1014 5021 1103 5087 ll,
1126 5016 1253 5074 etin
1274 5014 1583 5074 Pastorali
1605 5031 1659 5088 p.
1687 5020 1745 5091 2,
1768 5031 1892 5089 cap.
1920 5020 1975 5074 6.

380 5110 617 5180 indicat,
661 5105 975 5165 huiusmodi
1026 5111 1351 5179 potestatem
1390 5120 1487 5177 per
1527 5110 1818 5179 peccatum
1859 5120 1980 5163 esse

381 5200 752 5257 introductam
772 5202 828 5253 et
852 5201 1197 5267 usurpatam.
1224 5196 1408 5252 Tertio
1430 5194 1736 5252 confirmari
1759 5194 1865 5251 hoc
1888 5210 1985 5267 po·

544 5311 719 5355 Soanas
734 5342 745 5361 ,
768 5310 827 5355 De
844 5308 1025 5363 Leuibus
1039 5327 1099 5341 -·
1112 5308 1219 5351 Pars
1237 5307 1271 5351 1.

3442 340 3562 401 161

2045 479 2151 531 test
2188 476 2464 533 nonnullis
2503 479 2820 550 scripturae
2862 479 3213 548 testimoniis,
3258 482 3312 535 ln
3340 480 3545 553 quibus
3573 482 3644 536 si-

2040 562 2360 637 gnificatur,
2405 565 2586 623 solum
2624 570 2797 624 Deum
2838 582 2957 624 esse
3000 568 3282 625 hominum
3321 583 3537 642 regem,
3567 569 3642 626 le-

2039 651 2383 726 gislatorem,
2415 661 2472 712 et
2499 655 2802 712 dominum.
2834 657 2958 713 lsai.
2993 662 3092 714 33:
3139 661 3426 715 Dominus
3453 656 3639 714 iudex

2040 745 2255 809 noster,
2285 746 2448 800 Deus
2469 760 2578 801 rex
2600 749 2798 802 noster
2812 789 2826 812 ,
2857 749 3150 803 Dominus
3180 744 3393 820 leqit‘er
3415 754 3636 815 nostem

2039 836 2097 887 et
2121 831 2382 907 lacob.,⁴:
2409 837 2571 893 Unus
2596 839 2683 890 esi
2701 838 2860 891 enim
2879 834 3184 908 leqislator
3209 841 3264 893 et
3287 836 3640 894 iudea-Xan·

1988 946 2003 959 ,
2038 917 2162 976 dem
2204 920 2595 989 confirmatur,
2639 925 2770 995 quia
2809 939 2918 979 non
2955 929 3040 979 est
3070 939 3196 981 vera
3223 924 3340 997 lex,
3373 926 3472 983 nisi
3500 941 3642 999 quae

2041 1007 2253 1081 obligat
2290 1009 2342 1065 in
2385 1012 2746 1085 conscientia3
2791 1011 2886 1067 sed
2927 1027 3070 1069 unus
3112 1013 3272 1070 homo
3313 1030 3422 1071 non
3463 1022 3645 1087 potest

2042 1096 2208 1154 alium
2243 1100 2295 1154 in
2323 1100 2656 1157 conscientia
2684 1101 2923 1173 obligare
2944 1144 2957 1171 ,
2988 1102 3118 1175 quia
3147 1102 3253 1159 hoc
3283 1103 3499 1161 videtur
3528 1120 3642 1161 ma·

2041 1188 2184 1243 xime
2213 1190 2496 1259 proprium
2523 1190 2646 1259 Dei.
2677 1191 2771 1263 qui
2798 1196 2982 1262 potest
3007 1190 3218 1248 salvare
3239 1232 3255 1263 ,
3286 1207 3352 1248 ac
3391 1191 3640 1265 perdere3

2042 1290 2198 1348 ergo.

2118 1370 2174 1421 2.
2208 1366 2266 1422 ln
2311 1366 2417 1423 hoc
2459 1374 2663 1438 puncto
2703 1366 2897 1425 referri
2931 1377 3155 1442 possent
3186 1370 3315 1427 varii
3345 1370 3644 1430 haeretico·

2042 1467 2166 1509 rum
2191 1468 2408 1511 errores
2428 1497 2442 1526 ,
2473 1456 2569 1513 sed
2599 1456 2719 1513 illos
2746 1458 3076 1529 attingemus
3109 1459 3303 1515 melius
3331 1460 3381 1515 in
3413 1476 3646 1532 sequen-

2044 1542 2212 1610 tibus,
2242 1548 2296 1598 et
2323 1542 2445 1600 ideo
2472 1543 2578 1601 illis
2608 1546 2843 1616 omissis,
2872 1547 3168 1604 dicendum
3197 1555 3282 1604 est
3309 1548 3501 1621 primo,
3529 1565 3640 1604 ma-

2042 1630 2332 1701 gistratum
2364 1632 2576 1689 civilem
2600 1648 2728 1691 cum
2758 1642 3030 1707 potestate
3054 1636 3336 1708 temporali
3363 1636 3432 1693 ad
3453 1652 3647 1713 regen-

2043 1716 2142 1773 dos
2174 1719 2414 1775 homines
2442 1722 2648 1778 iustum
2686 1738 2808 1779 esse
2835 1730 2894 1781 et
2929 1724 3198 1781 humanae
3228 1732 3454 1783 naturae
3487 1727 3642 1783 valde

2042 1813 2494 1866 consentaneum.
2519 1810 2808 1867 Conclusio
2851 1819 2935 1869 est
2960 1820 3114 1871 certa
3140 1814 3208 1870 de
3237 1814 3362 1887 fide,
3387 1832 3528 1888 quae
3559 1834 3645 1873 sa-

2043 1895 2112 1951 tis
2144 1896 2361 1967 probari
2393 1904 2573 1969 potest
2599 1901 2846 1972 exemplo
2875 1902 3046 1973 ipsius
3065 1905 3160 1959 Dei
3187 1906 3567 1961 constituentis
3589 1906 3642 1962 iu

2044 1984 2244 2056 populo
2285 1985 2503 2044 iudaico
2546 1988 2860 2047 huiusmodi
2891 1994 3131 2064 regimen
3153 2032 3168 2063 ,
3201 1993 3352 2063 prius
3383 2010 3478 2065 per
3505 1996 3645 2053 iudi-

2040 2089 2170 2143 ces,
2202 2082 2391 2146 postea
2429 2091 2528 2148 per
2557 2092 2746 2151 reges,
2779 2080 2876 2151 qui
2901 2081 3018 2138 sine
3043 2080 3212 2138 dubio
3242 2082 3473 2140 habeant
3499 2088 3643 2156 prin-

2041 2162 2286 2233 cipatum
2315 2170 2371 2220 et
2401 2171 2730 2235 potestatem
2759 2168 3174 2241 temporalium,
3205 2176 3262 2227 et
3289 2172 3340 2227 in
3373 2179 3522 2229 tanta
3553 2189 3642 2229 ve-

2042 2253 2320 2310 neratione
2343 2254 2648 2312 habeantur
2669 2298 2686 2329 ‚
2722 2264 2785 2314 ut
2805 2257 2877 2314 dii
2903 2259 3063 2315 etiam
3097 2268 3464 2333 vocarentur,
3495 2264 3646 2319 iuxta

2041 2340 2174 2399 illud
2204 2343 2342 2416 psal.
2375 2349 2437 2403 81
2467 2364 2480 2401 z
2511 2350 2668 2403 Deus
2689 2350 2844 2405 stetit
2867 2350 2932 2405 in
2951 2364 3266 2423 synaqoqa
3283 2350 3556 2418 deorum·
3576 2354 3642 2408 in

2040 2430 2236 2488 ”tedio
2263 2438 2468 2491 autem
2494 2432 2632 2491 deos
2652 2433 2968 2495 diiudicat.
2994 2440 3108 2497 Nec
3133 2439 3324 2513 refert,
3351 2441 3395 2497 si
3415 2442 3541 2515 quis
3562 2439 3646 2497 di·

2041 2529 2133 2576 cat
2152 2561 2168 2586 ,
2201 2519 2323 2577 illos
2360 2521 2614 2580 habuisse
2641 2530 2966 2595 potestatem
2995 2527 3062 2583 ab
3087 2529 3207 2599 ipso
3234 2532 3375 2601 Deo,
3406 2529 3534 2603 quia
3561 2530 3640 2585 ni-

2041 2607 2336 2665 hilominus
2376 2609 2464 2667 illa
2506 2618 2748 2683 potestas
2786 2615 2839 2670 in
2867 2630 2924 2670 se
2951 2630 3058 2671 non
3085 2618 3387 2675 excedebat
3412 2624 3640 2674 naturae

2041 2695 2232 2753 limites
2250 2737 2265 2768 ,
2297 2699 2506 2756 etiamsi
2537 2699 2737 2757 modus
2763 2700 2994 2760 habendi
3023 2695 3168 2762 illam
3195 2706 3362 2764 suerit
3385 2713 3636 2764 extraor-

2040 2785 2310 2859 dinarius,
2353 2795 2410 2845 et
2453 2804 2548 2861 per
2589 2790 2880 2861 specialem
2922 2794 3341 2868 providentiam,
3371 2812 3504 2869 ergo
3533 2796 3636 2853 hoc

2040 2890 2147 2930 non
2179 2874 2426 2946 impedit,
2459 2878 2755 2949 quominus
2785 2879 2872 2936 illa
2901 2887 3141 2951 potestas
3171 2883 3328 2941 aliter
3349 2891 3536 2955 posset
3554 2886 3634 2941 iu-

2041 2969 2123 3018 ste
2172 2963 2374 3020 haberi.
2420 2965 2534 3020 imo
2575 2966 2697 3022 inde
2737 2968 2974 3026 sumitur
3014 2981 3430 3043 argumentum,
3476 2974 3636 3036 talem

2044 3053 2268 3109 modum
2299 3054 2582 3124 potestatis
2617 3071 2738 3112 esse
2777 3066 3202 3117 consentaneum
3244 3062 3344 3133 ipsi
3383 3070 3633 3135 naturae,

2039 3148 2312 3215 quatenus
2353 3141 2419 3199 ad
2459 3147 2786 3201 conveniens
2821 3148 3058 3219 regimen
3089 3149 3358 3207 humanae
3385 3168 3636 3210 commu-

2041 3232 2223 3287 nitatis
2253 3234 2556 3290 necessaria
2579 3242 2683 3290 est.
2715 3236 2787 3292 Et
2821 3236 2925 3292 hoc
2956 3239 3190 3309 amplius
3228 3242 3515 3298 confirmat
3540 3241 3636 3298 ho·

2042 3322 2249 3376 minum
2290 3320 2660 3395 consuetudo3
2705 3340 2830 3380 nam
2877 3325 3049 3381 multo
3097 3335 3221 3385 ante
3263 3328 3348 3385 illa
3391 3336 3635 3401 tempora

2042 3408 2266 3465 suerunt
2293 3424 2446 3481 reges
2470 3411 2636 3468 etiam
2665 3414 2839 3469 sancti
2859 3421 2918 3470 et
2941 3413 3140 3472 laudati
3164 3420 3216 3472 in
3241 3419 3548 3492 Scriptura,
3576 3427 3638 3477 ut

2040 3496 2434 3555 Melchisedech
2474 3499 2666 3557 Genes.
2701 3506 2860 3573 14,et
2887 3503 2954 3561 ad
2981 3504 3256 3562 Hebraeos
3289 3512 3351 3579 7,
3381 3516 3438 3565 et
3464 3510 3638 3567 Abra·

2042 3586 2167 3643 ham
2208 3588 2370 3644 etiam
2413 3588 2661 3646 creditur
2699 3591 2866 3648 fuisse
2893 3608 3020 3665 rex,
3052 3594 3137 3651 vel
3163 3611 3459 3668 supremus
3486 3602 3632 3670 prin-

2041 3690 2204 3746 ceps,
2237 3676 2366 3732 item
2408 3676 2502 3733 lob
2521 3717 2536 3748 ,
2567 3684 2678 3735 etc.
2711 3681 2790 3736 Ac
2818 3679 3049 3756 denique
3077 3685 3400 3757 generaliter
3427 3686 3630 3744 dicitur

2042 3764 2300 3821 Proverb.
2338 3770 2404 3822 8:
2434 3768 2554 3822 Per
2591 3782 2683 3823 me
2725 3784 2886 3841 reyes
2913 3777 3187 3843 requam.
3223 3774 3380 3845 Apud
3409 3785 3634 3834 sanctos

2043 3860 2224 3925 patres
2255 3870 2342 3910 res
2369 3861 2456 3912 est
2483 3855 2759 3913 manifesta
2777 3899 2793 3928 ,
2825 3874 2966 3929 quos
2994 3858 3044 3915 in
3065 3860 3324 3919 discursu
3345 3866 3630 3938 attingam.

2121 3947 2174 3999 3.
2208 3944 2364 3999 Ratio
2402 3943 2664 4000 sumenda
2704 3952 2788 4001 est
2813 3962 2882 4003 ex
2909 3947 3236 4022 Philosopho
3265 3950 3356 4008 lib.
3399 3958 3445 4012 1.
3474 3953 3637 4010 Poli-

2042 4034 2144 4087 εἰσ.
2178 4046 2410 4104 eamque
2439 4033 2705 4104 explicuit
2730 4033 2786 4090 d.
2815 4035 3050 4093 Thomas
3079 4040 3287 4110 Opusc.
3321 4045 3414 4098 20.
3445 4040 3518 4098 de
3547 4058 3640 4099 re·

2042 4122 2264 4193 qimine
2279 4123 2653 4195 principum,
2688 4122 2784 4178 lib.
2823 4128 2872 4194 l,
2903 4140 3027 4198 cap.
3068 4130 3117 4197 1,
3149 4134 3208 4185 et
3239 4128 3638 4201 elegantissime

2045 4210 2099 4265 d.
2132 4208 2414 4284 Chrysost.
2449 4208 2633 4266 homil.
2667 4215 2760 4268 3⁴.
2792 4212 2846 4266 in
2883 4220 2930 4271 1.
2963 4213 3031 4271 ad
3057 4216 3305 4273 Corinth.
3339 4218 3637 4291 nititurque

2044 4297 2264 4355 duobus
2307 4298 2598 4370 principiis.
2645 4300 2886 4357 Primum
2928 4310 3045 4377 est,
3077 4302 3348 4363 hominem
3375 4323 3496 4365 esse
3525 4312 3640 4365 ani-

2048 4387 2151 4444 mal
2203 4386 2407 4444 sociale
2433 4428 2448 4459 ,
2491 4394 2550 4445 et
2596 4390 2918 4447 naturaliter
2974 4400 3236 4468 recteque
3284 4405 3538 4469 appetere
3591 4400 3641 4454 in

2046 4475 2442 4533 communitate
2469 4476 2670 4531 vivere.
2695 4480 2854 4534 Circa
2873 4480 3024 4554 quod
3046 4484 3372 4556 principium
3395 4486 3642 4543 recolen-

2046 4564 2180 4622 dum
2219 4570 2333 4635 est,
2377 4565 2528 4637 quod
2557 4582 2724 4637 supra
2751 4566 3012 4642 diximus,
3041 4571 3316 4644 duplicem
3341 4589 3462 4630 esse
3490 4590 3642 4631 com-

2048 4657 2373 4712 munitatem
2407 4655 2718 4727 hominum,
2761 4658 3132 4729 imperfectam
3174 4677 3272 4718 seu
3302 4663 3640 4735 familiarem,

2046 4753 2103 4802 et
2130 4744 2428 4817 perfectam
2460 4760 2557 4800 seu
2587 4743 2878 4815 politicam.
2912 4750 3059 4806 luter
3087 4767 3226 4825 quas
3254 4754 3405 4824 prior
3424 4759 3509 4809 est
3529 4770 3643 4811 ma-

2048 4835 2190 4891 xime
2218 4833 2515 4904 naturalis,
2539 4839 2599 4889 et
2615 4836 2771 4906 quasi
2796 4835 3214 4897 fundamentalis
3233 4884 3246 4911 ,
3270 4834 3401 4915 quia
3423 4843 3643 4899 inchoa-

2051 4929 2141 4979 tur
2167 4938 2236 4979 ex
2263 4924 2522 4979 societate
2553 4923 2718 4978 maris
2746 4929 2805 4980 et
2830 4926 3088 4999 feminae,
3112 4928 3226 4985 sine
3254 4945 3363 5003 qua
3390 4945 3495 4987 non
3520 4949 3644 5003 pos-

2050 5019 2136 5069 set
2159 5027 2334 5086 genus
2363 5011 2662 5067 humanum
2689 5018 3013 5088 propagari,
3044 5024 3142 5074 aut
3168 5022 3504 5091 conservari,
3534 5036 3646 5092 qua

2050 5102 2261 5157 ratione
2303 5101 2573 5172 scriptum
2613 5105 2729 5156 est:
2777 5106 2912 5160 Non
2950 5111 3035 5163 esi
3063 5105 3317 5175 bonum,
3351 5110 3646 5165 hominem

2051 5206 2176 5249 esse
2202 5188 2424 5258 solum,
2460 5197 2605 5247 etex
2635 5190 3027 5252 coniunctione
3058 5195 3159 5253 bac
3190 5196 3434 5269 proxime
3463 5198 3644 5269 sequi·

3069 5288 3168 5343 '21
