4325 6267
1623 358 1832 409 CAPUT
1859 351 2112 408 xxxm.

255 478 648 553 gubernatore,
679 481 808 554 quia
837 479 918 538 illi
946 480 1287 551 providentia
1301 475 1371 538 'et
1398 496 1536 538 cura
1563 481 1708 539 illius
1737 483 1844 540 loci

257 571 556 626 commissa
580 577 686 627 est.
729 570 885 626 Sicut
922 585 1053 644 ergo
1083 572 1354 643 peregrini
1379 569 1578 628 habent
1602 571 1848 643 peculia-

259 674 372 715 rem
401 659 634 716 modum
663 658 897 732 vivendi,
928 673 1024 715 seu
1050 659 1313 717 existendi
1337 659 1504 716 intuli
1526 659 1674 734 loco,
1697 661 1771 716 ita
1793 661 1846 716 in

259 748 444 806 multis
499 748 778 820 postulare
815 755 1052 821 possunt
1089 748 1386 820 peculiaria
1427 754 1662 821 statuta3
1707 763 1840 819 ergo

259 844 496 911 possunt
537 852 631 910 per
669 837 762 893 illa
801 836 1062 910 obligari,
1102 840 1230 910 quia
1255 836 1435 910 quoad
1467 837 1568 894 hoc
1597 837 1847 895 efficiun-

261 936 350 984 tur
390 925 596 984 subditi
639 941 732 997 per
771 925 942 982 solam
981 925 1124 982 illam
1155 941 1388 995 moram,
1421 933 1481 982 ut
1506 925 1844 984 declaratum

259 1023 360 1073 est.
395 1018 770 1088 supponimus
807 1023 1020 1086 autem,
1051 1015 1250 1072 debere
1279 1015 1424 1088 leges
1450 1031 1570 1072 esse
1597 1017 1766 1074 iustas
1794 1024 1850 1074 et

261 1105 710 1168 accommodatas
730 1122 840 1162 non
870 1105 1048 1163 solum
1079 1106 1224 1179 loco,
1243 1105 1336 1162 sed
1363 1108 1526 1163 etiam
1549 1107 1678 1179 ipsis
1696 1123 1849 1179 pere-

260 1198 422 1268 grinis
443 1237 460 1266 ,
495 1195 902 1268 proportionem
943 1197 1086 1252 inter
1121 1211 1218 1252 eos
1257 1196 1556 1268 servando,
1593 1197 1672 1254 sic
1707 1197 1848 1254 enim

261 1285 389 1342 nihil
427 1285 588 1342 deest
615 1287 665 1341 in
695 1285 800 1341 illis
829 1285 1038 1358 legibus
1065 1285 1134 1342 ad
1162 1287 1478 1360 peregrinos
1505 1286 1843 1360 obligandos.

335 1381 390 1434 8.
422 1377 590 1432 Circa
627 1374 932 1431 secundum
973 1384 1242 1448 punctum
1279 1375 1345 1434 de
1385 1378 1436 1431 vi
1473 1377 1750 1444 coactiva,
1781 1391 1848 1433 an

261 1467 424 1522 etiam
455 1465 763 1521 secundum
791 1463 936 1521 illam
965 1463 1049 1522 lex
1079 1464 1276 1537 obliget
1299 1465 1560 1540 advenas,
1579 1483 1677 1524 seu
1699 1482 1854 1538 pere-

263 1555 479 1628 grinos,
524 1553 774 1626 specialis
809 1557 946 1611 ratio
988 1554 1266 1611 dubitandi
1307 1557 1544 1613 sumitur
1581 1573 1649 1614 ex
1674 1560 1850 1629 capite

264 1651 316 1700 A
351 1643 552 1702 uobis.
595 1654 641 1700 t.
666 1641 732 1698 de
773 1644 1038 1702 sententia
1073 1660 1422 1702 excommun.
1456 1645 1548 1701 ubi
1575 1648 1850 1717 proposita

265 1731 620 1806 quaestione,
661 1747 728 1788 an
765 1734 1056 1804 episcopus
1083 1732 1260 1789 ferens
1289 1733 1342 1789 in
1371 1749 1472 1790 sua
1501 1733 1732 1790 dioecesi
1761 1749 1852 1808 ge·

266 1821 511 1878 neralem
547 1821 896 1878 sententiam:
938 1825 1006 1880 Si
1044 1826 1178 1895 quis
1201 1820 1461 1894 furatus
1482 1821 1706 1894 suerit,
1753 1840 1854 1882 εω-

265 1913 742 1968 communicatus
763 1913 858 1971 sit.
881 1909 1082 1983 obliget
1102 1910 1368 1968 forenses,
1391 1912 1699 1984 Respondet
1712 1915 1852 1969 Pon·

267 2001 414 2068 tifex,
443 2006 662 2058 tantum
704 2000 948 2073 obligare
976 1999 1254 2072 subditos3
1286 2002 1448 2058 cuius
1478 2004 1557 2059 rei
1583 2004 1724 2058 ratio
1751 2001 1854 2059 alia

269 2106 388 2147 esse
418 2107 530 2146 non
563 2095 770 2163 potest,
799 2091 900 2146 nisi
929 2090 1058 2162 quia
1082 2090 1204 2148 talis
1233 2093 1528 2164 episcopus
1555 2109 1662 2149 non
1691 2092 1856 2150 habet

270 2186 600 2252 potestatem
615 2181 921 2237 coactivam
943 2181 994 2235 in
1017 2178 1281 2249 forenses,
1301 2180 1396 2237 sed
1419 2187 1630 2238 tantum
1653 2183 1703 2238 in
1726 2182 1855 2239 sub·

269 2267 434 2324 ditos.
471 2267 785 2341 Respondet
808 2269 998 2326 Glossa
1026 2268 1120 2339 ibi,
1149 2271 1312 2326 etiam
1342 2269 1576 2326 advenas
1605 2287 1856 2342 compre·

274 2357 434 2414 hendi
477 2358 574 2415 illa
611 2359 1208 2428 excommunicatione,
1253 2375 1358 2415 non
1402 2366 1678 2432 quatenus
1721 2359 1856 2417 tales

275 2454 432 2518 sunt,
475 2447 572 2503 sed
606 2456 877 2519 quatenus
915 2453 1044 2503 sunt
1080 2447 1279 2504 subditi
1324 2451 1531 2505 ratione
1557 2449 1773 2521 delicti3
1802 2456 1859 2506 et

277 2537 348 2591 ita
377 2541 541 2607 putat
567 2549 688 2592 esse
716 2541 925 2592 textum
949 2535 1356 2610 intelligendum
1378 2537 1442 2594 de
1466 2537 1700 2594 subditis
1721 2555 1861 2612 quo-

277 2641 520 2699 cumque
561 2626 747 2684 titulo.
793 2625 899 2681 Sed
951 2639 1008 2682 re
1049 2641 1174 2682 vera
1214 2628 1406 2684 evertit
1454 2628 1859 2700 responsionem

277 2715 578 2786 Pontificis,
603 2721 657 2771 et
676 2714 922 2771 frivolam
943 2731 1008 2772 ac
1031 2716 1316 2772 ridiculam
1337 2716 1480 2774 illam
1503 2716 1699 2776 reddit.
1724 2718 1862 2775 Nam

279 2804 384 2862 hoc
427 2805 608 2877 ipsum
647 2811 764 2876 est,
808 2803 958 2877 quod
997 2805 1385 2878 quaerebatur,
1425 2823 1495 2862 an
1521 2807 1592 2863 illi
1619 2806 1864 2863 forenses

281 2895 410 2951 fiant
448 2893 652 2951 subditi
689 2895 899 2950 ratione
934 2893 1147 2964 delicti3
1187 2911 1293 2950 non
1332 2909 1462 2968 ergo
1489 2896 1733 2968 loquitur
1761 2896 1864 2952 hoc

284 3001 448 3040 sensu
477 2983 546 3040 de
573 2983 826 3053 subditis,
857 2983 953 3039 sed
977 2990 1140 3057 prout
1160 2985 1371 3041 incolae
1396 2985 1714 3058 simpliciter
1737 2987 1865 3042 sub-

283 3073 376 3129 diti
418 3074 781 3145 appellantur.
816 3075 1096 3129 Praeterea
1125 3073 1420 3130 involvitur
1449 3074 1499 3130 in
1529 3073 1615 3130 illa
1646 3090 1866 3146 respon-

285 3163 432 3219 sione
457 3163 744 3235 -quaedam
781 3162 1160 3234 repugnantia,
1206 3178 1329 3218 nam
1369 3161 1420 3218 in
1451 3179 1621 3235 poena
1649 3180 1870 3220 excom-

289 3252 674 3308 municationis
710 3265 819 3306 non
855 3255 1040 3321 potest
1072 3251 1316 3321 proxima
1345 3253 1484 3308 ratio
1513 3252 1868 3309 subiectionis

289 3358 410 3398 esse
439 3341 702 3398 delictum
729 3340 782 3396 in
811 3341 902 3396 tali
931 3339 1057 3397 loco
1086 3343 1465 3414 commissum,
1495 3341 1591 3399 sed
1621 3357 1872 3399 necessa-

290 3432 366 3486 rio
415 3431 650 3503 supponi
689 3429 850 3486 debet
886 3429 1144 3503 obligatio
1184 3431 1406 3503 parendi
1448 3432 1688 3503 praelato
1725 3433 1872 3491 illius

289 3522 415 3592 loci,
437 3523 569 3595 quia
591 3521 660 3578 ad
680 3521 1300 3578 excommunicationem
1323 3525 1626 3579 necessaria
1640 3530 1726 3579 est
1741 3539 1872 3580 con-

290 3612 532 3668 tumacia
562 3617 818 3681 respectu
841 3609 1143 3683 Ecclesiae,
1171 3619 1228 3668 et
1255 3627 1362 3668 non
1393 3612 1874 3670 sufficitdelictum

288 3709 488 3758 contra
531 3701 704 3774 legem
743 3697 1080 3770 naturalem,
1119 3706 1186 3756 ut
1209 3701 1288 3756 sic
1318 3699 1503 3774 (quod
1533 3717 1782 3774 suppono
1809 3718 1874 3758 ex

289 3791 512 3863 propria
542 3790 763 3848 materia
783 3788 821 3862 )3
850 3804 985 3862 ergo
1015 3797 1139 3844 ante
1168 3789 1428 3847 delictum
1457 3792 1687 3863 supponi
1714 3792 1876 3850 debet

289 3881 582 3950 subiectio,
607 3896 672 3936 ex
702 3895 810 3952 qua
831 3879 1043 3936 oriatur
1062 3877 1316 3952 obligatio
1338 3879 1560 3952 parendi
1585 3889 1874 3954 praecepto

288 3969 596 4040 prohibenti
644 3967 849 4040 aliquid
899 3967 1003 4024 sub
1055 3982 1228 4038 poena
1275 3970 1873 4043 excommunicationi83

287 4075 420 4133 ergo
449 4075 582 4116 cum
610 4059 660 4113 in
687 4056 778 4114 illo
805 4063 954 4114 textu
977 4057 1048 4113 sit
1067 4073 1249 4114 sermo
1272 4057 1338 4115 de
1360 4057 1464 4116 hac
1485 4061 1742 4131 censura}
1769 4075 1876 4116 non

293 4155 528 4220 possunt
549 4146 788 4203 advenae
810 4146 1020 4203 ratione
1042 4145 1226 4203 delicti
1248 4147 1636 4220 comprehendi
1657 4148 1762 4204 sub
1780 4165 1880 4206 no·

3290 341 3413 405 279

1912 481 2104 539 titulus
2148 481 2497 538 subiectionis
2537 497 2637 538 seu
2676 482 2967 554 potestatis
3003 474 3291 540 intervenit
3321 481 3506 555 quoad

1912 571 2020 628 vim
2041 571 2343 628 coactivam
2360 611 2376 643 ,
2413 573 2541 644 quia
2564 570 2976 630 demonstratus
3006 579 3093 630 est
3114 572 3181 629 de
3210 573 3259 628 vi
3288 573 3509 630 directi-

1915 675 1998 728 va,
2025 659 2132 716 imo
2154 658 2411 716 directiva
2432 677 2541 716 non
2560 667 2705 717 esset
2722 663 2938 730 efficax,
2956 663 3056 720 nisi
3078 663 3299 722 haberet
3313 661 3505 724 adiun-

1913 755 2058 805 ctam
2101 750 2427 806 coactivam.
2461 749 2690 806 Accedit
2723 759 3035 822 praeterea,
3074 753 3200 825 quia
3229 755 3274 808 si
3302 753 3509 810 advena
3541 779 3551 788 ·

1914 844 2132 896 tenetur
2160 853 2257 910 per
2284 853 2341 894 se
2366 844 2424 895 et
2447 841 2501 894 in
2529 841 2859 896 conscientia
2885 856 3105 897 servare
3144 841 3313 915 legem
3346 841 3509 900 huius

1914 927 2283 999 reipublicae,
2330 927 2769 1000 transgrediendo
2816 928 2961 986 illam
2998 929 3261 1003 delinquit
3303 934 3357 986 in
3402 932 3507 988 hoc

1914 1015 2068 1089 loca,
2098 1023 2154 1073 et
2196 1017 2247 1073 in
2294 1017 2431 1074 hanc
2469 1018 2892 1090 rempublicam,
2932 1035 3064 1093 ergo
3102 1022 3261 1077 etiam
3298 1023 3507 1079 ratione

1919 1105 2100 1162 delicti
2139 1113 2326 1163 manet
2364 1106 2645 1164 subiectus
2685 1109 2955 1164 coactioni
2995 1109 3117 1166 talis
3156 1110 3504 1182 reipublicae,

1916 1197 2069 1252 iuxta
2106 1195 2485 1253 Authenticam
2532 1199 2702 1272 Quae
2740 1200 2805 1253 in
2833 1200 3179 1272 provincia,
3213 1201 3275 1256 C.
3312 1201 3399 1257 ubi
3441 1201 3511 1258 de

1918 1286 2239 1342 criminibus
2266 1288 2349 1359 agi
2378 1293 2645 1358 oporteat.

1999 1377 2086 1431 10.
2129 1374 2267 1432 Addi
2305 1391 2435 1438 vero
2474 1375 2617 1433 solet
2656 1375 2921 1450 limitatio,
2952 1377 3055 1434 nisi
3084 1381 3407 1452 peregrinus
3436 1383 3507 1437 sit

1919 1464 2174 1536 superior
2212 1470 2465 1536 respectu
2503 1466 2749 1522 auctoris
2792 1466 2915 1522 talis
2953 1465 3117 1540 legis,
3156 1468 3283 1539 quia
3320 1468 3504 1526 nullus

1921 1553 2169 1624 superior
2198 1559 2381 1624 potest
2407 1551 2566 1610 subdi
2582 1554 2817 1611 inferiori
2837 1554 3019 1628 quoad
3044 1557 3148 1611 vim
3169 1557 3497 1613 coactivam:

1919 1648 1984 1698 ut
2021 1642 2063 1697 si
2103 1643 2397 1714 episcopus
2444 1642 2531 1699 hic
2572 1643 2858 1715 prohibeat
2897 1643 3103 1716 aliquid
3143 1644 3359 1702 clericis
3400 1646 3507 1703 sub

1921 1745 2095 1802 poena
2131 1732 2707 1788 excommunicationis
2746 1735 2865 1804 ipso
2906 1733 3084 1806 facto,
3129 1734 3504 1808 metropolita·

1920 1835 2055 1891 nus,
2093 1821 2307 1876 etiamsi
2344 1821 2395 1875 in
2435 1820 2539 1878 hoc
2566 1820 2887 1893 episcopatu
2917 1828 3107 1879 contra
3136 1821 3298 1878 talem
3328 1824 3501 1896 legem

1920 1917 2076 1982 agat,
2119 1926 2225 1966 non
2269 1911 2467 1984 poterit
2506 1912 2788 1968 incurrere
2824 1912 2964 1969 illam
3004 1928 3315 1969 censuram.
3350 1913 3507 1981 Quod

1921 2001 2132 2056 notavit
2169 1999 2319 2076 Sylv.
2360 2000 2524 2057 verbo
2563 2005 3121 2070 excommunicatio,
3167 2007 3231 2067 1,
3267 2019 3322 2058 n.
3354 2006 3419 2076 9,
3450 2009 3509 2059 et

1920 2091 2172 2145 Panorm.
2206 2090 2256 2145 in
2284 2105 2407 2160 cap.
2452 2095 2497 2147 1.
2530 2090 2596 2145 de
2626 2091 2885 2161 raptorib.
2918 2106 2972 2146 n.
3008 2095 3063 2150 1·1
3086 2133 3101 2164 ,
3135 2093 3227 2164 qui
3253 2090 3392 2148 idem
3422 2099 3503 2148 at·

1922 2180 2038 2251 tigit
2063 2181 2118 2235 iu
2145 2193 2199 2235 c.
2229 2178 2327 2236 ult.
2358 2178 2427 2235 de
2453 2179 2574 2236 foro
2602 2185 2835 2252 compet.
2860 2178 3010 2237 Idem
3032 2180 3191 2237 sentit
3211 2184 3339 2237 Soto
3372 2181 3421 2236 in
3445 2186 3503 2253 4,

1921 2266 2048 2324 dist.
2079 2273 2177 2340 22,
2206 2283 2261 2340 q.
2293 2273 2349 2340 2,
2381 2268 2473 2324 ubi
2500 2270 2661 2325 etiam
2689 2270 2755 2326 ad
2782 2269 3066 2343 aequalem
3094 2270 3198 2326 hoc
3237 2269 3503 2342 extendit,

1925 2357 2133 2428 dicens,
2166 2373 2342 2430 neque
2371 2357 2867 2430 archiepiscopum,
2898 2374 3074 2431 neque
3102 2359 3269 2416 alium
3296 2360 3511 2432 episco-

1926 2462 2056 2517 pum
2094 2445 2497 2519 delinquentem
2538 2447 2681 2502 intra
2722 2445 3017 2504 dioecesim
3056 2449 3381 2522 suffraganei
3424 2449 3509 2506 vel

1926 2537 2165 2608 episcopi
2205 2551 2363 2606 posse
2400 2536 2553 2608 ligari
2593 2552 2827 2594 censura
2864 2538 3008 2609 eius;
3039 2541 3289 2595 Panorm.
3324 2547 3509 2596 autem

1926 2633 2076 2682 recte
2114 2623 2219 2682 hoc
2256 2625 2501 2683 declarat
2534 2625 2601 2682 de
2642 2626 2922 2699 superiore
2961 2626 3141 2700 quoad
3172 2627 3505 2685 iurisdictio-

1929 2731 2071 2771 nem.
2113 2717 2248 2771 Nam
2286 2715 2411 2772 licet
2436 2716 2625 2789 aliquis
2653 2716 2723 2772 sit
2750 2716 3014 2789 aequalis,
3044 2717 3127 2773 vel
3156 2717 3319 2774 etiam
3346 2732 3512 2789 supe-

1929 2807 2044 2862 rior
2071 2806 2122 2860 in
2151 2804 2435 2876 dignitate,
2452 2805 2583 2861 dum
2610 2805 2786 2862 existit
2814 2805 2863 2861 in
2894 2805 2986 2862 tali
3007 2805 3349 2878 episcopatu,
3374 2807 3513 2864 obli-

1931 2895 2044 2968 gari
2086 2900 2265 2966 potest
2302 2893 2514 2967 legibus
2554 2895 2704 2966 eius;
2746 2910 2881 2968 ergo
2920 2895 3079 2952 etiam
3127 2897 3323 2967 poterit
3359 2896 3513 2969 ligari

1933 2984 2215 3051 censuris,
2258 2982 2341 3039 vel
2379 2983 2555 3054 puniri
2591 2991 2813 3055 propter
2852 2983 3109 3040 delictum
3150 2985 3221 3040 ibi
3260 2987 3519 3042 commis-

1935 3090 2078 3130 sum.
2109 3072 2266 3141 Quod
2295 3079 2403 3128 tam
2434 3075 2486 3128 in
2509 3072 2895 3135 ecclesiasticis
2918 3073 3149 3147 legibus,
3174 3089 3339 3147 quam
3361 3075 3417 3130 iu
3440 3074 3518 3129 ci-

1939 3162 2132 3219 vilibus
2174 3178 2365 3219 verum
2406 3169 2523 3232 est,
2555 3170 2617 3219 ut
2656 3163 2821 3220 sensit
2845 3165 3007 3219 etiam
3040 3164 3226 3219 lnnoc.
3257 3165 3311 3219 in
3340 3165 3517 3237 capite

1940 3255 2089 3311 Cum
2111 3249 2372 3324 inferior,
2400 3252 2467 3309 de
2496 3252 2725 3308 maiorit.
2760 3260 2816 3309 et
2843 3252 3090 3309 obedien.
3112 3259 3169 3309 et
3188 3255 3425 3310 sumitur
3444 3269 3512 3310 ex

1937 3343 1976 3399 l.
2007 3347 2038 3400 3
2057 3384 2072 3414 ,
2104 3343 2159 3398 ff.
2195 3340 2261 3399 de
2290 3341 2440 3398 offic.
2472 3341 2708 3399 Praesid.
2740 3347 2796 3399 et
2821 3343 2961 3430 rtatio
2988 3349 3101 3412 est,
3133 3343 3257 3416 quia
3282 3341 3520 3416 dignitas

1940 3434 2056 3489 sine
2083 3431 2456 3489 iurisdictione
2493 3447 2598 3487 non
2636 3432 2857 3502 impedit
2884 3430 3273 3488 subiectionem
3301 3433 3511 3490 ratione

1941 3520 2160 3593 delicti,
2194 3521 2339 3577 sicut
2367 3536 2471 3576 non
2498 3519 2720 3592 impedit
2748 3520 3127 3593 obligationem
3158 3522 3409 3579 servandi
3442 3528 3521 3579 ta·

1943 3611 2046 3667 lem
2077 3610 2273 3682 legem.
2307 3607 2461 3668 Unde
2490 3608 2577 3667 illa
2604 3609 2831 3683 dignitas
2856 3617 2943 3666 est
2969 3612 3124 3683 quasi
3153 3626 3247 3682 per
3267 3610 3521 3667 accidens

1943 3700 2009 3757 ad
2039 3700 2284 3756 ordinem
2322 3697 2776 3757 iurisdictionum.
2808 3701 2923 3756 Hoc
2953 3707 3137 3756 autem
3164 3699 3413 3771 procedit
3438 3715 3524 3757 se-

1943 3789 2191 3846 cundum
2220 3787 2553 3844 ordinarium
2582 3788 2666 3844 ius
2693 3795 2751 3844 et
2776 3789 2878 3844 nisi
2906 3803 3139 3860 persona
3167 3789 3371 3846 ratione
3403 3789 3523 3845 talis

1943 3878 2220 3952 dignitatis
2248 3877 2317 3935 sit
2350 3882 2630 3948 exempta,
2662 3865 2787 3933 nam
2815 3876 2885 3934 ob
2914 3876 3052 3933 hanc
3080 3877 3343 3934 rationem
3375 3893 3521 3934 unus

1944 3970 2239 4040 episcopus
2265 3981 2374 4023 non
2404 3972 2581 4038 potest
2609 3965 2676 4021 ab
2702 3965 2803 4022 alio
2834 3965 3045 4040 aequali
3071 3967 3267 4038 puniri.
3300 3969 3369 4024 At
3397 3983 3526 4023 vero

1945 4057 2167 4131 quando
2194 4071 2427 4128 persona
2454 4062 2541 4112 est
2564 4055 2932 4112 iurisdictione
2962 4057 3234 4129 superior,
3259 4064 3391 4114 tunc
3414 4057 3527 4114 cla-

1947 4163 2070 4202 rum
2097 4153 2205 4216 est,
2236 4161 2342 4202 non
2370 4160 2531 4216 posse
2558 4144 2710 4217 ligari
2732 4145 2799 4200 ab
2821 4144 3081 4217 inferiori,
3106 4161 3226 4218 cap.
3260 4148 3412 4204 Cum
3431 4149 3523 4203 in-

293 4239 436 4294 mine
470 4237 846 4305 subditorum,
879 4235 971 4291 sed
1001 4235 1203 4293 subditi
1230 4245 1524 4308 vocantur,
1547 4237 1676 4310 quia
1697 4254 1792 4309 per
1820 4254 1880 4296 se
1929 4234 2144 4309 ferior,
2182 4234 2249 4293 de
2278 4233 2507 4291 maiorit.
2538 4242 2595 4290 et
2620 4233 2863 4291 obedien.
2886 4236 3039 4292 Tunc
3060 4242 3244 4292 autem
3266 4235 3412 4292 sicut
3432 4251 3529 4292 su-

294 4335 420 4386 ante
463 4327 624 4384 taiem
665 4327 876 4399 legem,
922 4325 1004 4382 vel
1044 4324 1312 4382 delictum
1352 4325 1669 4384 huiusmodi
1697 4335 1875 4384 erant.

294 4419 475 4491 Atque
503 4417 574 4473 ita
601 4415 984 4472 intellexerunt
1013 4422 1221 4472 textum
1240 4415 1392 4472 illum
1415 4417 1664 4472 Panorm.
1690 4423 1747 4473 et
1766 4417 1876 4489 alii,

297 4509 390 4579 qui
415 4511 818 4579 consequenter
843 4505 1104 4574 fatentur,
1135 4504 1373 4561 advenas
1396 4521 1502 4561 non
1523 4506 1880 4578 comprehen-

294 4594 346 4652 di
376 4594 484 4652 sub
513 4593 598 4651 iila
627 4609 861 4650 censura
887 4609 984 4666 per
1011 4594 1330 4650 sententiam
1359 4594 1663 4665 generalem
1693 4595 1819 4653 lata.

372 4689 428 4743 9.
461 4684 822 4741 Nihilominus
859 4682 1152 4740 dicendum
1179 4691 1294 4754 est,
1336 4685 1507 4757 legem
1537 4700 1633 4756 pro
1660 4687 1882 4742 territo-

295 4777 375 4833 rio
417 4775 580 4832 latam
623 4773 1080 4846 comprehendere
1120 4775 1438 4846 peregrinos
1473 4775 1544 4830 ibi
1583 4782 1878 4847 morantes,

296 4867 460 4923 etiam
502 4863 684 4937 quoad
720 4865 829 4920 vim
863 4865 1192 4934 coactivam,
1223 4865 1278 4920 id
1306 4870 1392 4919 est
1418 4864 1597 4935 puniri
1624 4865 1694 4920 ibi
1723 4881 1882 4938 posse

298 4963 521 5030 propter
551 4955 1036 5027 transgressionem
1067 4953 1190 5011 talis
1219 4952 1374 5026 legis,
1399 4953 1480 5008 vel
1505 4968 1601 5024 per
1624 4954 1879 5026 iudicem,

298 5047 380 5104 vel
410 5061 506 5118 per
534 5045 702 5118 ipsam
731 5042 934 5116 legem,
968 5042 1010 5098 si
1038 5058 1266 5114 poenam
1295 5041 1434 5099 ferat
1459 5043 1576 5113 ipso
1605 5042 1770 5100 facto.
1809 5043 1886 5101 lta

301 5139 548 5194 sentiunt
586 5140 838 5191 auctores
879 5147 1044 5203 supra
1087 5132 1336 5205 allegati,
1379 5136 1434 5187 et
1473 5131 1792 5203 interpretes
1833 5133 1884 5188 iu

299 5227 490 5284 eodem
517 5240 570 5282 c.
601 5229 654 5280 Α
681 5221 865 5280 nobis.
899 5221 970 5278 Et
996 5221 1132 5279 ratio
1153 5229 1238 5278 est
1264 5220 1567 5293 manifesta,
1592 5223 1716 5295 quia
1745 5223 1883 5282 idem

1948 4328 2128 4398 perior
2174 4342 2281 4384 non
2329 4324 2612 4381 subiicitur
2656 4323 2835 4397 quoad
2883 4325 2989 4381 vim
3046 4325 3378 4398 coactivam,
3427 4340 3527 4381 seu

1947 4415 2129 4489 quoad
2170 4430 2431 4486 poenam,
2472 4413 2543 4470 ita
2570 4429 2668 4470 nec
2698 4409 2881 4486 quoad
2912 4415 3021 4469 vim
3046 4413 3395 4484 directivam,
3427 4429 3527 4472 seu

1949 4507 2353 4579 obligationem,
2384 4511 2646 4577 quantum
2675 4508 2763 4559 est
2788 4517 2855 4559 ex
2884 4503 2934 4558 vi
2966 4504 3260 4576 praecepti,
3292 4504 3423 4576 quia
3442 4511 3529 4560 est

1947 4593 2135 4652 eadem
2166 4595 2334 4664 ratio,
2366 4607 2493 4649 cum
2520 4593 2684 4649 etiam·
2712 4591 2816 4649 hoc
2846 4593 3081 4664 pendeat
3106 4609 3171 4650 ex
3200 4593 3528 4651 iurisdictio·

1951 4699 2036 4741 ne.
2070 4686 2147 4741 An
2178 4698 2307 4740 vero
2336 4683 2511 4755 possit
2536 4681 2635 4738 alia
2664 4684 2877 4740 ratione
2902 4681 3146 4755 obligari,
3176 4682 3421 4740 dicemus
3448 4684 3531 4740 in-

1949 4773 2031 4831 fra
2069 4771 2404 4844 disputantes
2442 4770 2509 4827 de
2544 4773 2779 4843 ipsomet
2813 4771 3149 4845 legislatore3
3192 4787 3317 4830 nam
3345 4773 3528 4846 quoad

1952 4864 2056 4920 hoc
2083 4869 2169 4919 est
2195 4861 2383 4919 eadem
2410 4860 2520 4918 fere
2548 4861 2709 4917 ratio.

2038 4959 2124 5010 tt.
2154 4952 2236 5008 Ad
2276 4949 2633 5009 obiectionem
2666 4950 2829 5023 igitur
2870 4948 3067 5006 factam
3104 4966 3169 5006 ex
3198 4967 3254 5008 c.
3287 4955 3345 5008 A
3369 4951 3531 5008 nobis

1953 5040 2239 5099 dicendum
2278 5048 2393 5107 est,
2439 5039 2509 5095 ibi
2544 5055 2651 5096 non
2688 5055 2809 5095 esse
2836 5055 3145 5096 sermonem
3172 5039 3238 5096 de
3266 5039 3413 5114 lege,
3446 5040 3531 5098 vel

1953 5137 2195 5201 statuto,
2238 5128 2333 5186 sed
2372 5128 2438 5185 de
2480 5136 2794 5203 praecepto,
2840 5144 2939 5185 seu
2980 5129 3243 5186 sententia
3269 5128 3527 5202 hominis,

1955 5222 2114 5279 etiam
2142 5218 2464 5294 generaliter
2490 5219 2619 5292 lata,
2649 5226 2712 5276 ut
2738 5235 2805 5276 ex
2833 5225 2988 5278 textu
3010 5225 3243 5292 constat,
3266 5225 3324 5277 et
3343 5234 3530 5278 omnes
