4325 6267
1872 326 2083 377 CAPUT
2109 328 2214 377 111.

393 454 646 510 auctoris
676 458 941 525 naturae,
974 457 1029 508 et
1055 466 1164 507 non
1200 465 1269 507 ex
1305 449 1584 507 voluntate
1622 451 1841 521 uxoris,
1872 452 2004 523 quia

392 540 528 598 licet
553 540 655 613 ipsi
674 540 959 597 voluntate
980 555 1081 596 sua
1102 540 1513 595 matrimonium
1538 538 1887 610 contrahant,
1919 546 1999 595 ta-

398 644 526 687 men
558 631 603 684 si
633 628 1039 686 matrimonium
1067 627 1431 697 contrahant,
1473 626 1613 683 hanc
1644 628 2000 699 superiorita-

397 724 509 775 tem
542 717 799 789 impedire
830 734 937 774 non
966 724 1219 789 possunt.
1252 718 1617 773 confirmatur
1644 733 1709 773 ex
1733 717 1903 773 Paulo
1932 716 1999 773 ad

394 808 633 863 Roman.
669 813 700 865 3
756 805 990 863 dicente:
1023 810 1151 863 Non
1177 809 1265 861 est
1284 810 1549 878 potestas
1574 809 1690 861 nisi
1710 822 1755 863 a
1782 810 1929 870 Deo,·
1947 811 2003 862 et
2066 824 2083 839 ·

396 898 501 968 qui
518 898 800 969 potestati
818 897 1060 956 resistit,
1079 897 1193 950 Dei
1213 893 1584 950 ordinationi
1603 898 1851 961 resisum
1865 909 2001 966 ergo

396 983 561 1038 etiam
593 982 725 1039 baec
756 990 997 1055 potestas
1024 989 1110 1039 est
1130 998 1161 1038 a
1186 985 1313 1055 De03
1337 999 1470 1057 ergo
1501 990 1587 1039 est
1609 984 1912 1040 immediate
1935 983 2002 1039 ab

392 1070 518 1140 ipso
545 1071 657 1126 Deo
675 1112 690 1142 ,
721 1072 850 1144 quia
877 1070 1027 1127 nullo
1056 1070 1158 1127 alio
1189 1072 1342 1141 prius
1370 1088 1470 1128 seu
1498 1071 1865 1129 immediatius
1892 1079 1999 1128 est.

478 1163 533 1215 3.
567 1157 890 1217 Declaratur
916 1159 1191 1231 secundo,
1227 1162 1353 1234 quia
1398 1161 1531 1217 haec
1572 1169 1811 1232 potestas
1842 1162 2005 1219 babet

398 1246 589 1318 plures
618 1255 799 1319 actus,
824 1251 920 1321 qui
946 1250 1201 1307 videntur
1218 1250 1479 1307 excedere
1508 1252 1803 1308 humanam
1826 1251 2002 1307 facul-

399 1342 596 1408 tatem,
626 1344 795 1409 prout
820 1346 907 1394 est
931 1341 985 1394 in
1010 1340 1238 1413 singulis
1262 1338 1599 1411 hominihus3
1625 1356 1759 1414 ergo
1781 1341 2003 1413 signum

400 1431 517 1503 est,
546 1441 655 1481 non
681 1442 803 1481 esse
839 1426 907 1482 ab
936 1426 1040 1483 illis
1060 1468 1077 1499 ,
1107 1429 1203 1483 sed
1233 1444 1264 1483 a
1292 1430 1421 1484 Deo.
1456 1429 1674 1485 Primus
1713 1436 1875 1486 actus
1917 1435 2003 1486 est

400 1513 611 1585 punitio
640 1513 1079 1587 malefactorum,
1103 1517 1267 1573 etiam
1294 1524 1471 1589 usq‘ue
1500 1515 1564 1573 ad
1597 1524 1849 1590 mortem3
1876 1533 1998 1574 nam

400 1617 536 1657 cum
564 1601 715 1658 solus
744 1603 890 1659 Deus
918 1606 988 1660 sit
1016 1606 1279 1661 Dominus
1321 1606 1490 1674 vitae,
1522 1605 1673 1662 solus
1712 1606 1827 1677 ipse
1858 1605 2001 1663 vide-

402 1696 495 1746 tur
521 1690 763 1762 potuisse
789 1691 921 1749 dare
948 1692 1089 1749 hanc
1120 1698 1470 1764 potestatem.
1498 1696 1568 1751 Et
1594 1694 1714 1751 ideo
1736 1694 2002 1753 dixitAu-

400 1780 664 1852 gustinus
692 1779 785 1837 lib.
820 1780 893 1837 de
921 1787 1152 1839 natura
1179 1782 1333 1853 boni,
1365 1799 1485 1855 cap.
1528 1788 1619 1841 32:
1650 1787 2003 1843 Noc-entium

394 1872 662 1942 potestas
690 1885 809 1926 non
835 1874 938 1937 est,
975 1873 1093 1927 nisi
1120 1886 1163 1928 α
1189 1874 1331 1927 Deo.
1370 1871 1661 1929 Secundus
1695 1880 1857 1929 actus
1892 1879 2000 1945 est,

403 1958 741 2013 constituere
774 1958 827 2015 in
858 1961 1087 2015 materia
1114 1958 1294 2031 aliqua
1316 1959 1555 2017 medium
1579 1961 1793 2018 virtutis
1816 1976 2005 2018 neces-

405 2047 615 2101 sarium
651 2045 717 2102 ad
758 2048 1105 2105 honestatem
1147 2050 1285 2106 eius.
1325 2051 1503 2107 Tertio
1540 2067 1670 2108 cum
1712 2052 1815 2108 hoc
1853 2060 2003 2109 statu

404 2134 737 2191 coniunctus
768 2144 856 2192 est
880 2138 1113 2195 effectus
1141 2138 1413 2212 obligandi
1442 2142 1495 2195 in
1526 2141 1865 2198 conscientia
1892 2183 1907 2211 ,
1941 2149 2005 2199 ut

402 2221 543 2278 infra
574 2222 897 2295 videbimus,
928 2226 1074 2300 quod
1106 2228 1337 2285 maxime
1376 2228 1594 2286 videtur
1632 2232 1907 2301 pertinere
1935 2231 2003 2288 ad

298 2332 308 2341 ·
404 2310 641 2369 divinam
668 2321 1019 2385 potestatem.
1056 2317 1295 2385 Quartus
1338 2324 1427 2375 est
1464 2318 2005 2387 vindicarejniurias

404 2401 777 2473 singulorum,
808 2419 939 2460 curn
969 2404 1175 2479 alioqui
1204 2407 1473 2477 scriptum
1503 2408 1603 2464 sit:
1635 2408 1791 2465 Mihi
1816 2408 2004 2466 vindi-

404 2496 520 2556 cta,
551 2507 654 2564 eqo
675 2492 1030 2562 retribuam,
1060 2494 1209 2551 dicit
1226 2499 1541 2564 Dominus,
1567 2497 1633 2554 ad
1660 2500 1887 2556 Roman.
1918 2504 2000 2557 12.

403 2583 549 2655 Ergo
578 2582 799 2657 signum
825 2591 931 2655 est,
967 2585 1105 2641 hanc
1134 2593 1467 2657 potestatem
1498 2603 1621 2643 esse
1652 2586 1915 2657 divinam,
1950 2604 2007 2645 a·

408 2669 575 2743 lioqui
604 2674 916 2743 potuissent
943 2674 1189 2730 homines
1218 2673 1385 2731 alium
1428 2675 1655 2732 modum
1695 2676 2008 2733 vindicandi

406 2758 631 2817 iniurias
661 2777 957 2836 usurpare,
994 2764 1147 2836 quod
1176 2763 1392 2836 quidem
1436 2772 1522 2820 est
1556 2772 1752 2821 contra
1788 2772 2007 2823 natura-

407 2846 513 2903 lem
542 2849 825 2907 iustitiam.

483 2939 541 2994 ln
572 2938 673 2997 bac
702 2941 968 2998 sententia
993 2958 1166 3001 unum
1185 2948 1273 2999 est
1292 2949 1511 3000 certum
1531 2944 1837 3017 etclarum3
1858 2944 2007 3001 aliud

408 3042 540 3083 vero
576 3029 757 3102 aliqua
783 3030 1147 3103 explicatione
1186 3032 1407 3105 indiget.
1452 3036 1693 3090 Primum
1720 3040 1834 3108 est,
1866 3035 2009 3091 hanc

408 3122 733 3189 potestatem
760 3136 882 3177 esse
904 3136 935 3176 a
965 3124 1072 3177 Deo
1096 3129 1211 3178 uta
1231 3122 1405 3193 primo
1427 3129 1482 3179 et
1506 3122 1785 3195 principali
1807 3129 2004 3181 aucto·

409 3219 492 3262 re.
526 3208 669 3263 Haec
698 3209 841 3265 enim
868 3209 1087 3269 videtur
1115 3209 1265 3267 clara
1298 3212 1571 3268 sententia
1596 3212 1777 3281 Pauli,
1810 3223 1868 3269 et
1896 3213 2011 3268 suf-

410 3296 659 3353 ficienter
686 3300 910 3370 probari
940 3300 1239 3357 rationibus
1268 3301 1449 3357 factis.
1482 3302 1551 3357 Et
1576 3307 1855 3372 praeterea
1883 3302 2011 3375 quia

412 3390 659 3456 potestas
701 3387 836 3443 haec
876 3394 962 3445 est
989 3388 1194 3461 aliquid
1235 3392 1290 3445 in
1320 3403 1509 3446 rerum
1548 3396 1777 3460 natura,
1810 3397 1867 3446 et
1895 3392 2011 3447 sive

414 3473 485 3529 sit
512 3489 599 3531 res
628 3475 876 3551 physica,
902 3477 1015 3533 sive
1037 3478 1287 3549 moralis,
1308 3484 1397 3535 est
1418 3479 1736 3549 simpliciter
1758 3496 1847 3535 res
1872 3480 2012 3536 bona

414 3569 472 3617 et
508 3578 733 3637 magnae
770 3566 1159 3623 aestimationis
1201 3582 1265 3624 ac
1310 3568 1650 3624 necessitatis
1698 3567 1763 3624 ad
1814 3566 2009 3625 bonam

416 3655 873 3711 consuetudinem
923 3654 1195 3712 humanae
1234 3663 1496 3729 naturae3
1528 3672 1662 3731 ergo
1702 3658 2013 3714 necessario

414 3756 636 3800 manare
664 3744 825 3801 debet
852 3745 919 3801 ab
946 3745 1064 3800 eius
1094 3756 1344 3803 auctore.
1380 3748 1617 3818 Denique
1646 3748 1775 3818 quia
1808 3746 1899 3819 illi,
1918 3747 2013 3819 qui

416 3830 519 3888 hac
550 3839 821 3904 potestate
851 3838 1081 3891 utuntur
1108 3837 1160 3890 in
1190 3836 1427 3891 humana
1456 3836 1881 3907 communitate,
1921 3837 2016 3893 Dei

418 3922 649 3977 ministri
679 3928 839 3993 sunt,
869 3939 1003 3997 ergo
1030 3930 1357 3996 potestatem
1398 3941 1429 3981 a
1458 3927 1565 3981 Deo
1606 3931 1891 3998 acceptam
1921 3924 2015 3981 ad-

416 4010 759 4080 ministrant3
791 4018 877 4068 est
911 4026 1043 4084 crgo
1085 4015 1231 4070 Deus
1270 4020 1470 4069 auctor
1510 4028 1619 4069 non
1649 4013 1829 4069 solum
1860 4030 2015 4085 prae-

418 4099 640 4169 cipuus,
666 4098 762 4157 sed
789 4102 953 4157 etiam
977 4100 1231 4172 proprius
1255 4102 1420 4158 huius
1444 4101 2016 4173 potestatis.Atternm

418 4201 551 4243 vero
576 4188 938 4260 explicatione
965 4188 1213 4261 indigens
1241 4197 1351 4263 cst,
1382 4189 1663 4263 quomodo
1693 4192 1839 4247 Deus
1868 4191 2018 4248 dica·

418 4284 513 4333 tur
541 4276 849 4335 immediate
879 4277 1127 4335 conferre
1159 4279 1301 4335 hanc
1332 4285 1682 4351 potestatem.

496 4372 552 4425 4.
586 4366 747 4423 Circa
774 4366 922 4439 quod
952 4366 1193 4424 breviter
1221 4368 1345 4425 dico
1378 4369 1572 4440 primo,
1608 4369 1748 4425 hanc
1780 4375 2019 4441 potesta-

422 4460 531 4511 tem
558 4454 677 4511 dari
706 4472 735 4511 a
763 4457 872 4512 Deo
903 4472 999 4527 per
1031 4457 1258 4514 modum
1287 4458 1637 4529 proprietatis
1677 4473 2021 4531 consequen-

421 4545 490 4601 tis
520 4550 799 4615 naturam,
831 4560 897 4601 eo
928 4543 1090 4602 modo
1118 4561 1231 4618 quo
1262 4544 1441 4602 dando
1468 4545 1701 4612 formam
1721 4588 1737 4616 ,
1768 4546 1862 4603 dat
1887 4562 2021 4603 con-

420 4634 703 4705 sequentia
740 4632 805 4689 ad
848 4634 1106 4689 formam.
1147 4634 1420 4691 Probatur
1460 4636 1669 4708 primo,
1708 4636 1838 4708 quia
1877 4638 2022 4693 Deus

419 4736 528 4776 non
557 4720 651 4778 dat
674 4722 815 4777 banc
838 4728 1162 4793 potestatem
1195 4738 1293 4795 per
1323 4722 1617 4795 specialem
1645 4724 1913 4781 actionem
1941 4725 2023 4781 vel

420 4811 840 4868 concessionem
882 4827 912 4867 a
950 4812 1230 4867 creatione
1266 4809 1619 4883 distinctam,
1653 4812 1783 4869 alias
1824 4812 1891 4869 de
1934 4812 2025 4869 tali

419 4900 781 4957 concessione
804 4900 1032 4957 deberet
1053 4916 1150 4973 per
1166 4900 1557 4958 revelationem
1575 4908 1856 4975 constare,
1876 4900 2023 4974 quod

420 4988 621 5046 falsum
646 5004 769 5046 esse
797 4996 1065 5061 constat,
1086 4989 1289 5062 alioqui
1317 5006 1425 5046 non
1454 4996 1602 5046 esset
1630 4990 1755 5046 talis
1780 4997 2024 5063 potestas

418 5078 715 5151 naturalis3
748 5094 883 5152 ergo
919 5078 1086 5135 datur
1114 5086 1181 5135 nt
1208 5081 1518 5151 proprietas
1546 5094 1893 5151 consequens
1930 5095 2025 5138 na-

425 5176 605 5227 turam
626 5208 643 5241 ,
668 5169 929 5251 ‘nimirum
962 5168 1141 5225 medio
1169 5168 1463 5227 dictamine
1492 5168 1719 5226 rationis
1756 5168 2022 5246 naturalis

3481 312 3598 376 167

2072 449 2409 507 ostendentis
2432 491 2448 523 ,
2489 453 2664 511 Deum
2702 449 3044 507 sufficienter
3079 448 3382 523 providisse
3427 449 3673 510 humano

2070 540 2299 612 generi,
2336 546 2392 596 et
2427 548 2838 613 consequenter
2875 539 2950 597 illi
2991 538 3203 597 dedisse
3240 546 3562 612 potestatem
3604 540 3674 597 ad

2070 644 2231 685 suam
2261 631 2738 686 conservationem
2779 636 2838 686 et
2864 630 3280 686 convenientem
3316 631 3673 703 gubernatio-

2074 734 2199 775 nem
2231 719 2618 775 necessariam.
3253 710 3270 725 “’

2152 812 2208 865 5.
2238 807 2496 863 Secundo
2517 822 2732 879 assero,
2758 808 2898 863 hanc
2921 812 3248 879 potestatem
3273 824 3378 863 non
3404 808 3676 866 resultare

2072 897 2125 951 in
2158 895 2396 952 humana
2425 902 2646 970 natura,
2675 895 2850 952 donec
2880 895 3126 953 homines
3157 896 3209 951 in
3239 912 3401 952 unam
3425 912 3680 953 commn-

2074 985 2298 1042 nitatem
2339 984 2642 1056 perfectam
2673 991 3115 1057 congregentur,
3145 990 3202 1041 et
3227 985 3451 1057 politice
3481 987 3674 1043 unian-

2072 1080 2183 1130 tur.
2205 1075 2507 1143 Probum-3
2541 1075 2670 1147 quia
2696 1074 2828 1129 haec
2853 1079 3096 1145 potestas
3126 1089 3231 1130 non
3259 1074 3417 1130 estin
3441 1074 3672 1147 singulis

2072 1163 2388 1219 hominibus
2438 1161 2655 1219 divisim
2692 1162 2958 1234 sumptis,
2989 1178 3090 1218 nec
3119 1162 3168 1217 in
3201 1161 3557 1235 collectione,
3592 1165 3676 1220 vel

2076 1249 2432 1308 multitudine
2471 1266 2668 1308 eorum
2709 1253 2869 1323 quasi
2908 1249 3137 1306 confuse
3175 1255 3230 1306 et
3265 1251 3380 1307 sine
3411 1250 3592 1308 ordine
3619 1258 3680 1308 ει

2074 1341 2277 1397 unione
2305 1340 2682 1396 membrorum
2709 1340 2760 1394 in
2794 1355 2964 1395 unum
2994 1354 3232 1411 corpus3
3263 1354 3398 1411 ergo
3419 1341 3570 1409 prius
3593 1347 3680 1397 est

2071 1429 2178 1486 tale
2206 1445 2414 1501 corpus
2443 1428 2734 1500 politicum
2761 1429 3051 1499 constitui,
3076 1443 3245 1501 quam
3273 1430 3418 1484 sitin
3445 1429 3676 1486 homini·

2070 1519 2176 1575 bus
2205 1518 2326 1575 talis
2355 1524 2622 1591 potestasz,
2653 1520 2783 1590 quia
2813 1518 2964 1588 prins
3005 1532 3128 1573 esse
3162 1516 3326 1573 debet
3364 1517 3674 1576 subiectum

2074 1610 2385 1680 potestatis,
2417 1624 2580 1680 quam
2611 1612 2854 1679 potestas
2882 1606 2998 1677 ipsa
3017 1646 3032 1677 ,
3065 1605 3260 1662 saltem
3291 1605 3476 1661 ordine
3503 1613 3666 1663 natu-

2072 1713 2189 1753 rae.
2222 1698 2400 1754 Semel
2429 1702 2616 1753 autem
2645 1696 2950 1752 constituto
2981 1693 3070 1751 illo
3102 1709 3360 1765 corpore,
3392 1695 3578 1752 statim
3607 1711 3675 1753 ex

2074 1788 2123 1841 vi
2155 1788 2381 1843 rationis
2411 1784 2674 1843 naturalis
2702 1790 2790 1841 est
2831 1784 2882 1840 in
2921 1783 3012 1840 illo
3053 1784 3188 1840 haec
3229 1790 3508 1857 potestas3
3541 1801 3675 1860 ergo

2072 1881 2228 1932 recte
2256 1874 2577 1945 intelligitur
2603 1888 2724 1930 esse
2753 1888 2852 1944 per
2882 1874 3108 1930 modum
3133 1874 3478 1945 proprietatis
3499 1875 3676 1931 resul-

2074 1965 2240 2021 tantis
2277 1979 2344 2019 ex
2373 1961 2465 2019 tali
2502 1976 2737 2033 corpore
2765 1962 2998 2037 mystico
3039 1961 3144 2018 iam
3175 1964 3475 2019 constituto
3503 1966 3556 2019 in
3588 1962 3680 2020 tali

2072 2070 2217 2124 esse,
2248 2060 2307 2110 et
2333 2069 2439 2107 non
2469 2053 2652 2108 aliter.
2686 2052 2804 2119 Quo
2843 2052 2996 2107 circa
3033 2051 3182 2108 sicut
3209 2052 3395 2120 homo,
3426 2067 3490 2107 eo
3529 2053 3673 2125 ipso,

2072 2142 2226 2216 quod
2253 2141 2503 2198 creditur
2522 2184 2535 2211 ,
2564 2148 2622 2197 et
2649 2140 2814 2197 habet
2844 2156 3007 2197 usum
3037 2141 3265 2197 rationis
3284 2182 3300 2214 ,
3333 2140 3494 2199 habet
3521 2150 3675 2214 pote-

2074 2237 2268 2287 statem
2291 2232 2344 2286 in
2375 2246 2434 2287 se
2463 2231 2643 2303 ipsum
2670 2232 2810 2286 etin
2838 2246 2970 2287 snas
2999 2230 3310 2301 facultates,
3341 2239 3400 2289 et
3429 2233 3675 2290 membra

2074 2318 2143 2376 ad
2170 2334 2366 2376 eorum
2398 2335 2584 2387 nsum,
2613 2326 2669 2375 et
2697 2335 2762 2375 ea
2789 2320 2999 2375 ratione
3027 2327 3116 2375 est
3153 2320 3472 2377 naturaliter
3510 2320 3672 2393 liber,

2073 2407 2129 2463 id
2155 2415 2242 2464 est
2270 2424 2376 2463 non
2405 2422 2630 2473 servus,
2663 2408 2758 2463 sed
2798 2407 3054 2465 dominus
3098 2423 3328 2465 suarum
3355 2409 3676 2478 actionum3

2076 2498 2148 2553 ita
2186 2512 2392 2568 corpus
2429 2496 2716 2567 politicum
2755 2496 3040 2552 hominum
3067 2538 3083 2570 ,
3113 2512 3179 2554 eo
3217 2500 3337 2569 ipso
3381 2497 3532 2571 quod
3568 2516 3672 2555 suo

2076 2584 2241 2641 modo
2270 2584 2628 2657 producitur,
2661 2583 2824 2641 habet
2849 2592 3178 2657 potestatem
3215 2592 3274 2643 et
3309 2588 3550 2659 regimen
3590 2590 3680 2645 sui

2077 2672 2267 2747 ipsius,
2297 2681 2356 2731 et
2383 2680 2787 2747 consequenter
2825 2673 2989 2731 habet
3023 2676 3190 2732 etiam
3225 2682 3556 2747 potestatem
3586 2693 3679 2734 su·

2080 2780 2179 2837 per
2210 2763 2454 2820 membra
2482 2778 2586 2819 sua
2613 2770 2672 2819 et
2702 2763 2980 2834 peculiare
3016 2763 3319 2821 dominium
3360 2767 3414 2820 in
3442 2765 3554 2821 illa.
3587 2767 3683 2822 At·

2077 2869 2188 2926 que
2215 2852 2402 2909 eadem
2427 2852 2780 2923 proportione
2801 2853 2952 2910 sicut
2970 2853 3194 2911 libertas
3218 2854 3341 2912 data
3363 2862 3448 2911 est
3469 2856 3686 2912 unicui-

2078 2958 2188 3015 que
2221 2940 2422 2997 homini
2451 2942 2518 2998 ab
2548 2948 2780 2998 auctore
2810 2948 3074 3013 naturae,
3105 2958 3212 2999 non
3254 2949 3432 3000 tamen
3461 2943 3576 3000 sine
3603 2947 3684 3001 in-

2080 3038 2333 3087 terventu
2363 3045 2564 3087 causae
2594 3031 2899 3103 proximae,
2933 3047 3032 3088 seu
3062 3036 3327 3103 parentis,
3357 3050 3388 3089 a
3415 3049 3527 3107 quo
3557 3050 3684 3106 pro-

2078 3120 2334 3189 ducitur3
2368 3122 2443 3175 ita
2471 3119 2606 3175 haec
2637 3126 2890 3190 potestas
2918 3118 3082 3175 datur
3103 3122 3485 3178 communitati
3511 3122 3684 3179 homi-

2084 3226 2216 3267 num
2246 3210 2316 3266 ab
2344 3217 2574 3266 auctore
2597 3215 2855 3279 naturae,
2881 3225 2986 3264 non
3017 3214 3197 3265 tamen
3227 3210 3342 3267 sine
3371 3211 3684 3268 interventu

2081 3299 2424 3356 voluntatum
2452 3304 2508 3355 et
2535 3313 2910 3355 consensuum
2942 3297 3252 3368 hominum,
3277 3314 3343 3356 ex
3374 3301 3574 3371 quibus
3604 3306 3683 3357 ta-

2080 3388 2143 3443 lis
2171 3387 2537 3444 communitas
2569 3385 2823 3459 perfecta
2848 3392 3180 3458 congregata
3212 3394 3318 3443 est.
3348 3388 3548 3445 Tamen
3577 3390 3685 3444 sic·

2081 3484 2145 3533 ut
2183 3478 2235 3532 in
2279 3477 2444 3548 priori
2486 3475 2735 3546 exemplo
2779 3473 3031 3530 voluntas
3087 3474 3325 3545 parentis
3377 3476 3556 3532 solum
3597 3482 3685 3532 est

2082 3566 2398 3622 necessaria
2439 3564 2508 3621 ad
2549 3563 2965 3636 generandum,
3013 3579 3118 3620 non
3164 3570 3341 3621 tamen
3385 3565 3684 3639 requiritur

2083 3654 2336 3729 specialis
2365 3654 2622 3711 voluntas
2653 3653 2813 3710 dandi
2842 3653 2948 3709 tilio
2979 3653 3288 3712 libertatem
3319 3661 3413 3712 aut
3443 3655 3575 3712 alias
3608 3655 3684 3712 fa-

2082 3744 2320 3801 cultates
2348 3741 2658 3814 naturales,
2689 3757 2831 3815 quae
2861 3758 2958 3813 per
2989 3757 3048 3798 se
3077 3759 3181 3799 non
3211 3743 3449 3814 pendent
3474 3745 3542 3802 ab
3564 3760 3688 3818 spe·

2083 3832 2206 3889 ciali
2228 3830 2508 3888 voluntate
2523 3832 2859 3905 generantis,
2879 3829 2971 3887 sed
2991 3832 3313 3889 naturaliter
3329 3849 3684 3907 consequun-

2085 3922 2208 3993 tn1‘3
2237 3924 2310 3978 ita
2333 3922 2386 3977 in
2412 3920 2681 3994 praesenti
2707 3920 2958 3976 voluntas
2983 3918 3262 3977 bominum
3283 3921 3466 3978 solum
3487 3929 3574 3979 est
3595 3938 3688 3979 ne-

2085 4010 2348 4082 cessaria,
2381 4015 2443 4066 ut
2471 4024 2632 4065 unam
2658 4008 3110 4065 communitatem
3135 4008 3433 4082 perfectam
3457 4027 3683 4083 compo-

2086 4109 2251 4157 nant:
2287 4106 2350 4157 ut
2375 4105 2559 4156 autem
2589 4098 2676 4155 illa
2705 4100 3080 4155 communitas
3110 4098 3306 4156 habeat
3350 4100 3686 4171 praedictam

2089 4196 2445 4262 potestatem,
2463 4203 2570 4243 non
2593 4194 2681 4243 est
2703 4188 3016 4243 necessaria
3038 4186 3285 4258 specialis
3311 4188 3564 4244 voluntas
3586 4188 3684 4246 ho·

2086 4280 2320 4349 minum,
2355 4276 2448 4333 sed
2479 4290 2543 4331 ex
2573 4270 2766 4333 nat'ura
2799 4275 2876 4331 rei
2905 4276 3294 4347 consequitur,
3326 4281 3380 4333 ει
3407 4292 3473 4333 ex
3501 4279 3683 4350 provi·

2089 4367 2272 4424 dentia
2299 4365 2549 4422 auctoris
2577 4364 2838 4433 naturae,
2868 4372 2925 4420 et
2953 4363 3002 4418 in
3033 4362 3140 4420 hoc
3171 4379 3337 4420 sensu
3366 4371 3516 4421 recte
3543 4365 3681 4422 dici·

2090 4464 2180 4513 tur
2207 4455 2274 4511 ab
2301 4455 2418 4527 ipso
2449 4452 2754 4510 immediate
2782 4452 3002 4509 collata.

2170 4548 2222 4602 6.
2254 4544 2436 4599 Tertio
2463 4541 2629 4608 addo,
2663 4542 2791 4599 licet
2818 4540 2956 4598 haec
2985 4547 3227 4613 potestas
3259 4544 3330 4601 sit
3367 4544 3533 4601 veluti
3561 4562 3694 4618 pro-

2091 4634 2292 4707 prietas
2316 4631 2581 4689 naturalis
2611 4631 2888 4703 perfectae
2916 4633 3331 4688 communitatis
3373 4632 3681 4707 hominum,

2094 4732 2158 4781 ut
2187 4721 2312 4780 talis
2341 4728 2460 4791 est3
2492 4719 2844 4777 nihilominus
2871 4734 2980 4775 non
3007 4734 3132 4776 esse
3158 4720 3211 4775 in
3247 4734 3310 4776 ea
3339 4722 3687 4781 immutabili-

2094 4821 2198 4884 ter,
2232 4810 2328 4868 sed
2351 4826 2446 4885 per
2473 4826 2806 4868 consensum
2833 4810 3124 4881 ipsiusmet
3147 4812 3582 4882 communitatis,
3608 4811 3690 4868 vel

2094 4918 2191 4976 per
2218 4901 2377 4958 aliam
2404 4900 2606 4957 iustam
2636 4899 2776 4955 viam
2801 4914 2964 4971 posse
2990 4897 3084 4954 illa
3108 4898 3327 4970 privari,
3355 4905 3413 4955 et
3439 4901 3494 4955 in
3521 4901 3690 4959 alium

2095 4990 2402 5047 transferri.
2432 4989 2548 5045 Hoc
2577 4989 2712 5043 satis
2739 4991 2962 5043 constat
2986 5001 3052 5043 ex
3085 5001 3214 5047 usu.
3238 4992 3293 5044 et
3318 5002 3385 5044 ex
3417 4992 3695 5061 sequenti-

2092 5079 2200 5135 bus
2227 5078 2564 5135 illationibus
2591 5074 2822 5148 amplius
2849 5075 3238 5147 explicabitur.
3259 5075 3420 5133 Nunc
3449 5078 3693 5134 ostendi-

2096 5176 2191 5225 tur
2226 5182 2292 5223 ex
2334 5163 2578 5224 adducto
2617 5163 2866 5237 exemplo
2904 5178 3002 5221 seu
3041 5165 3396 5235 proportione
3431 5164 3498 5221 ad
3541 5164 3692 5240 illud3
