<?xml version="1.0" encoding="UTF-8"?>
<!DOCTYPE html PUBLIC "-//W3C//DTD XHTML 1.0 Transitional//EN"
    "http://www.w3.org/TR/xhtml1/DTD/xhtml1-transitional.dtd">
<html xmlns="http://www.w3.org/1999/xhtml" xml:lang="en" lang="en">
 <head>
  <title>
</title>
<meta http-equiv="Content-Type" content="text/html;charset=utf-8" />
  <meta name='ocr-system' content='tesseract 3.04.00' />
  <meta name='ocr-capabilities' content='ocr_page ocr_carea ocr_par ocr_line ocrx_word'/>
</head>
<body>
  <div class='ocr_page' id='page_1' title='image "./tractatusdelegi01sugoog_0342.png"; bbox 0 0 4325 6267; ppageno 0'>
   <div class='ocr_carea' id='block_1_1' title="bbox 938 418 1062 481">
    <p class='ocr_par' dir='ltr' id='par_1_1' title="bbox 938 418 1062 481">
     <span class='ocr_line' id='line_1_1' title="bbox 938 418 1062 481; baseline 0 0"><span class='ocrx_word' id='word_1_1' title='bbox 938 418 1062 481; x_wconf 87' lang='grc'><strong>330</strong></span> 
     </span>
    </p>
   </div>
   <div class='ocr_carea' id='block_1_2' title="bbox 920 562 2438 1117">
    <p class='ocr_par' dir='ltr' id='par_1_2' title="bbox 920 562 2438 1117">
     <span class='ocr_line' id='line_1_2' title="bbox 924 562 2436 629; baseline 0.001 -20"><span class='ocrx_word' id='word_1_2' title='bbox 924 562 1055 611; x_wconf 88' lang='lat' dir='ltr'><strong>stica</strong></span> <span class='ocrx_word' id='word_1_3' title='bbox 1073 568 1153 612; x_wconf 88' lang='lat' dir='ltr'><strong>est</strong></span> <span class='ocrx_word' id='word_1_4' title='bbox 1176 562 1600 625; x_wconf 88' lang='lat' dir='ltr'><strong>supernaturalis,</strong></span> <span class='ocrx_word' id='word_1_5' title='bbox 1620 575 1737 613; x_wconf 88' lang='lat' dir='ltr'><strong>cum</strong></span> <span class='ocrx_word' id='word_1_6' title='bbox 1754 575 1853 615; x_wconf 90' lang='lat' dir='ltr'><strong>non</strong></span> <span class='ocrx_word' id='word_1_7' title='bbox 1872 563 2031 629; x_wconf 80' lang='lat' dir='ltr'>possit</span> <span class='ocrx_word' id='word_1_8' title='bbox 2049 574 2160 613; x_wconf 86' lang='lat' dir='ltr'><strong>esse</strong></span> <span class='ocrx_word' id='word_1_9' title='bbox 2181 563 2232 613; x_wconf 88' lang='lat' dir='ltr'><strong>in</strong></span> <span class='ocrx_word' id='word_1_10' title='bbox 2253 570 2436 613; x_wconf 88' lang='lat' dir='ltr'><strong>natura</strong></span> 
     </span>
     <span class='ocr_line' id='line_1_3' title="bbox 927 632 2437 698; baseline 0.001 -18"><span class='ocrx_word' id='word_1_11' title='bbox 927 643 1081 694; x_wconf 84' lang='lat' dir='ltr'><strong>pura,</strong></span> <span class='ocrx_word' id='word_1_12' title='bbox 1106 639 1161 681; x_wconf 90' lang='lat' dir='ltr'><strong>et</strong></span> <span class='ocrx_word' id='word_1_13' title='bbox 1184 644 1381 696; x_wconf 83' lang='lat' dir='ltr'><strong>semper</strong></span> <span class='ocrx_word' id='word_1_14' title='bbox 1405 634 1653 698; x_wconf 81' lang='lat' dir='ltr'>praecipit</span> <span class='ocrx_word' id='word_1_15' title='bbox 1676 634 1855 685; x_wconf 89' lang='lat' dir='ltr'><strong>saltem</strong></span> <span class='ocrx_word' id='word_1_16' title='bbox 1880 637 1932 686; x_wconf 91' lang='lat' dir='ltr'><strong>in</strong></span> <span class='ocrx_word' id='word_1_17' title='bbox 1964 632 2142 685; x_wconf 80' lang='lat' dir='ltr'><strong>ordine</strong></span> <span class='ocrx_word' id='word_1_18' title='bbox 2167 632 2230 683; x_wconf 84' lang='lat' dir='ltr'><strong>ad</strong></span> <span class='ocrx_word' id='word_1_19' title='bbox 2261 645 2437 697; x_wconf 88' lang='lat' dir='ltr'><strong>super-</strong></span> 
     </span>
     <span class='ocr_line' id='line_1_4' title="bbox 924 701 2438 756; baseline 0.002 -6"><span class='ocrx_word' id='word_1_20' title='bbox 924 702 1207 753; x_wconf 79' lang='lat' dir='ltr'><strong>naturalem</strong></span> <span class='ocrx_word' id='word_1_21' title='bbox 1254 701 1422 755; x_wconf 87' lang='lat' dir='ltr'><strong>linem.</strong></span> <span class='ocrx_word' id='word_1_22' title='bbox 1442 728 1509 739; x_wconf 95' lang='lat'>—</span> <span class='ocrx_word' id='word_1_23' title='bbox 1529 703 1583 754; x_wconf 82' lang='grc'><strong>4.</strong></span> <span class='ocrx_word' id='word_1_24' title='bbox 1624 703 1871 755; x_wconf 83' lang='lat' dir='ltr'><strong>obviatur</strong></span> <span class='ocrx_word' id='word_1_25' title='bbox 1917 704 2345 756; x_wconf 88' lang='lat' dir='ltr'><strong>obiectiunculae.</strong></span> <span class='ocrx_word' id='word_1_26' title='bbox 2367 728 2438 739; x_wconf 91' lang='lat'><strong>—-</strong></span> 
     </span>
     <span class='ocr_line' id='line_1_5' title="bbox 924 766 2438 839; baseline 0.003 -21"><span class='ocrx_word' id='word_1_27' title='bbox 924 766 974 816; x_wconf 78' lang='grc'><strong>5.</strong></span> <span class='ocrx_word' id='word_1_28' title='bbox 998 772 1109 822; x_wconf 78' lang='lat' dir='ltr'><strong>Alia</strong></span> <span class='ocrx_word' id='word_1_29' title='bbox 1132 772 1431 823; x_wconf 80' lang='lat' dir='ltr'><strong>excellentia</strong></span> <span class='ocrx_word' id='word_1_30' title='bbox 1448 772 1602 824; x_wconf 88' lang='lat' dir='ltr'><strong>huius</strong></span> <span class='ocrx_word' id='word_1_31' title='bbox 1626 775 1893 839; x_wconf 84' lang='lat' dir='ltr'><strong>potestatis</strong></span> <span class='ocrx_word' id='word_1_32' title='bbox 1908 787 1972 825; x_wconf 81' lang='lat' dir='ltr'><strong>ex</strong></span> <span class='ocrx_word' id='word_1_33' title='bbox 1986 776 2190 839; x_wconf 80' lang='lat' dir='ltr'><strong>origine</strong></span> <span class='ocrx_word' id='word_1_34' title='bbox 2207 781 2262 824; x_wconf 91' lang='lat' dir='ltr'><strong>et</strong></span> <span class='ocrx_word' id='word_1_35' title='bbox 2284 784 2438 823; x_wconf 82' lang='lat' dir='ltr'><strong>eausa</strong></span> 
     </span>
     <span class='ocr_line' id='line_1_6' title="bbox 920 840 2438 909; baseline 0.001 -20"><span class='ocrx_word' id='word_1_36' title='bbox 920 840 1191 893; x_wconf 81' lang='lat' dir='ltr'><strong>efficiente.</strong></span> <span class='ocrx_word' id='word_1_37' title='bbox 1211 840 1283 881; x_wconf 82' lang='lat'><strong>—&#39;</strong></span> <span class='ocrx_word' id='word_1_38' title='bbox 1299 844 1351 895; x_wconf 82' lang='lat'><strong>6.</strong></span> <span class='ocrx_word' id='word_1_39' title='bbox 1379 843 1491 894; x_wconf 77' lang='lat' dir='ltr'><strong>Alia</strong></span> <span class='ocrx_word' id='word_1_40' title='bbox 1519 856 1581 895; x_wconf 86' lang='lat' dir='ltr'><strong>ex</strong></span> <span class='ocrx_word' id='word_1_41' title='bbox 1604 850 1749 909; x_wconf 86' lang='lat' dir='ltr'><strong>parte</strong></span> <span class='ocrx_word' id='word_1_42' title='bbox 1773 846 2024 907; x_wconf 89' lang='lat' dir='ltr'><strong>subiecti,</strong></span> <span class='ocrx_word' id='word_1_43' title='bbox 2045 858 2161 896; x_wconf 92' lang='lat' dir='ltr'><strong>cum</strong></span> <span class='ocrx_word' id='word_1_44' title='bbox 2186 844 2438 909; x_wconf 86' lang='lat' dir='ltr'><strong>principa-</strong></span> 
     </span>
     <span class='ocr_line' id='line_1_7' title="bbox 921 910 2438 981; baseline 0.001 -21"><span class='ocrx_word' id='word_1_45' title='bbox 921 910 1041 961; x_wconf 85' lang='lat' dir='ltr'><strong>liter</strong></span> <span class='ocrx_word' id='word_1_46' title='bbox 1072 912 1141 963; x_wconf 89' lang='lat' dir='ltr'><strong>sit</strong></span> <span class='ocrx_word' id='word_1_47' title='bbox 1166 912 1219 965; x_wconf 89' lang='lat' dir='ltr'><strong>in</strong></span> <span class='ocrx_word' id='word_1_48' title='bbox 1254 913 1455 966; x_wconf 84' lang='lat' dir='ltr'><strong>Christo</strong></span> <span class='ocrx_word' id='word_1_49' title='bbox 1478 914 1685 966; x_wconf 85' lang='lat' dir='ltr'><strong>Domino</strong></span> <span class='ocrx_word' id='word_1_50' title='bbox 1700 952 1715 978; x_wconf 91' lang='lat'><strong>,</strong></span> <span class='ocrx_word' id='word_1_51' title='bbox 1740 916 1909 966; x_wconf 85' lang='lat' dir='ltr'><strong>civilis</strong></span> <span class='ocrx_word' id='word_1_52' title='bbox 1932 924 2103 967; x_wconf 88' lang='lat' dir='ltr'><strong>autem</strong></span> <span class='ocrx_word' id='word_1_53' title='bbox 2134 921 2360 981; x_wconf 65' lang='lat' dir='ltr'><strong>potestas</strong></span> <span class='ocrx_word' id='word_1_54' title='bbox 2384 913 2438 962; x_wconf 87' lang='lat' dir='ltr'><strong>in</strong></span> 
     </span>
     <span class='ocr_line' id='line_1_8' title="bbox 922 968 2433 1051; baseline 0.002 -19"><span class='ocrx_word' id='word_1_55' title='bbox 922 983 1286 1035; x_wconf 79' lang='lat' dir='ltr'><strong>communitate</strong></span> <span class='ocrx_word' id='word_1_56' title='bbox 1303 982 1538 1036; x_wconf 87' lang='lat' dir='ltr'><strong>humana.</strong></span> <span class='ocrx_word' id='word_1_57' title='bbox 1550 1012 1619 1022; x_wconf 91' lang='lat'><em>—</em></span> <span class='ocrx_word' id='word_1_58' title='bbox 1630 984 1680 1035; x_wconf 88' lang='grc'><strong>7.</strong></span> <span class='ocrx_word' id='word_1_59' title='bbox 1692 986 1769 1035; x_wconf 79' lang='lat' dir='ltr'><strong>An</strong></span> <span class='ocrx_word' id='word_1_60' title='bbox 1786 998 1925 1036; x_wconf 89' lang='lat' dir='ltr'><strong>mere</strong></span> <span class='ocrx_word' id='word_1_61' title='bbox 1946 968 2107 1039; x_wconf 83' lang='lat' dir='ltr'><strong>laicus</strong></span> <span class='ocrx_word' id='word_1_62' title='bbox 2128 986 2288 1051; x_wconf 88' lang='lat' dir='ltr'><strong>possit</strong></span> <span class='ocrx_word' id='word_1_63' title='bbox 2307 983 2433 1047; x_wconf 76' lang='lat' dir='ltr'><strong>eligi</strong></span> 
     </span>
     <span class='ocr_line' id='line_1_9' title="bbox 924 1050 2005 1117; baseline 0.005 -14"><span class='ocrx_word' id='word_1_64' title='bbox 924 1050 1077 1117; x_wconf 85' lang='lat' dir='ltr'><strong>Papa,</strong></span> <span class='ocrx_word' id='word_1_65' title='bbox 1105 1060 1159 1103; x_wconf 90' lang='lat' dir='ltr'><strong>et</strong></span> <span class='ocrx_word' id='word_1_66' title='bbox 1184 1054 1383 1105; x_wconf 88' lang='lat' dir='ltr'><strong>electus</strong></span> <span class='ocrx_word' id='word_1_67' title='bbox 1409 1056 1486 1105; x_wconf 90' lang='lat' dir='ltr'><strong>uti</strong></span> <span class='ocrx_word' id='word_1_68' title='bbox 1511 1067 1602 1106; x_wconf 87' lang='lat' dir='ltr'><strong>sua</strong></span> <span class='ocrx_word' id='word_1_69' title='bbox 1627 1055 2005 1109; x_wconf 86' lang='lat' dir='ltr'><strong>iurisdictione.</strong></span> 
     </span>
    </p>
   </div>
   <div class='ocr_carea' id='block_1_3' title="bbox 843 1192 2458 5443">
    <p class='ocr_par' dir='ltr' id='par_1_3' title="bbox 843 1192 2458 5443">
     <span class='ocr_line' id='line_1_10' title="bbox 934 1192 2438 1276; baseline 0.004 -19"><span class='ocrx_word' id='word_1_70' title='bbox 934 1201 985 1257; x_wconf 87' lang='lat'><strong>1.</strong></span> <span class='ocrx_word' id='word_1_71' title='bbox 1014 1198 1271 1267; x_wconf 84' lang='lat' dir='ltr'><strong>Quamvis</strong></span> <span class='ocrx_word' id='word_1_72' title='bbox 1299 1198 1433 1257; x_wconf 87' lang='lat' dir='ltr'><strong>haec</strong></span> <span class='ocrx_word' id='word_1_73' title='bbox 1468 1202 1715 1274; x_wconf 82' lang='lat' dir='ltr'><strong>quaestio</strong></span> <span class='ocrx_word' id='word_1_74' title='bbox 1746 1218 1944 1275; x_wconf 82' lang='lat' dir='ltr'><strong>magna</strong></span> <span class='ocrx_word' id='word_1_75' title='bbox 1968 1218 2034 1260; x_wconf 81' lang='lat' dir='ltr'><strong>ex</strong></span> <span class='ocrx_word' id='word_1_76' title='bbox 2069 1212 2222 1276; x_wconf 89' lang='lat' dir='ltr'><strong>parte</strong></span> <span class='ocrx_word' id='word_1_77' title='bbox 2249 1192 2306 1262; x_wconf 86' lang='lat' dir='ltr'><strong>in</strong></span> <span class='ocrx_word' id='word_1_78' title='bbox 2343 1221 2438 1263; x_wconf 90' lang='lat' dir='ltr'><strong>su-</strong></span> 
     </span>
     <span class='ocr_line' id='line_1_11' title="bbox 848 1289 2436 1363; baseline 0.004 -18"><span class='ocrx_word' id='word_1_79' title='bbox 848 1289 1153 1361; x_wconf 89' lang='lat' dir='ltr'><strong>perioribus</strong></span> <span class='ocrx_word' id='word_1_80' title='bbox 1200 1289 1417 1348; x_wconf 71' lang='lat' dir='ltr'><strong>definita</strong></span> <span class='ocrx_word' id='word_1_81' title='bbox 1469 1292 1565 1363; x_wconf 82' lang='lat' dir='ltr'><strong>sit3</strong></span> <span class='ocrx_word' id='word_1_82' title='bbox 1611 1290 1954 1349; x_wconf 87' lang='lat' dir='ltr'><strong>nibilominus</strong></span> <span class='ocrx_word' id='word_1_83' title='bbox 2002 1298 2063 1351; x_wconf 88' lang='lat' dir='ltr'><strong>ut</strong></span> <span class='ocrx_word' id='word_1_84' title='bbox 2111 1294 2436 1353; x_wconf 81' lang='lat' dir='ltr'><strong>excellentia</strong></span> 
     </span>
     <span class='ocr_line' id='line_1_12' title="bbox 846 1377 2437 1457; baseline 0.005 -22"><span class='ocrx_word' id='word_1_85' title='bbox 846 1377 1015 1437; x_wconf 88' lang='lat' dir='ltr'><strong>huius</strong></span> <span class='ocrx_word' id='word_1_86' title='bbox 1040 1381 1319 1453; x_wconf 88' lang='lat' dir='ltr'><strong>potestatis</strong></span> <span class='ocrx_word' id='word_1_87' title='bbox 1343 1382 1517 1455; x_wconf 78' lang='lat' dir='ltr'><strong>magis</strong></span> <span class='ocrx_word' id='word_1_88' title='bbox 1552 1380 1887 1456; x_wconf 84' lang='lat' dir='ltr'><strong>illustretur,</strong></span> <span class='ocrx_word' id='word_1_89' title='bbox 1916 1389 1973 1441; x_wconf 90' lang='lat' dir='ltr'><strong>et</strong></span> <span class='ocrx_word' id='word_1_90' title='bbox 1999 1384 2271 1457; x_wconf 81' lang='lat' dir='ltr'><strong>aliquibus</strong></span> <span class='ocrx_word' id='word_1_91' title='bbox 2297 1384 2437 1443; x_wconf 85' lang='lat' dir='ltr'><strong>diffi-</strong></span> 
     </span>
     <span class='ocr_line' id='line_1_13' title="bbox 846 1470 2432 1544; baseline 0.004 -17"><span class='ocrx_word' id='word_1_92' title='bbox 846 1470 1147 1528; x_wconf 87' lang='lat' dir='ltr'><strong>cultatibus</strong></span> <span class='ocrx_word' id='word_1_93' title='bbox 1174 1486 1536 1529; x_wconf 87' lang='lat' dir='ltr'><strong>occurramus</strong></span> <span class='ocrx_word' id='word_1_94' title='bbox 1553 1513 1568 1544; x_wconf 92' lang='lat'><strong>,</strong></span> <span class='ocrx_word' id='word_1_95' title='bbox 1598 1478 1958 1544; x_wconf 88' lang='lat' dir='ltr'><strong>opportunam</strong></span> <span class='ocrx_word' id='word_1_96' title='bbox 1986 1472 2096 1531; x_wconf 88' lang='lat' dir='ltr'><strong>hoc</strong></span> <span class='ocrx_word' id='word_1_97' title='bbox 2133 1472 2257 1531; x_wconf 85' lang='lat' dir='ltr'><strong>loco</strong></span> <span class='ocrx_word' id='word_1_98' title='bbox 2286 1474 2432 1533; x_wconf 87' lang='lat' dir='ltr'><strong>illam</strong></span> 
     </span>
     <span class='ocr_line' id='line_1_14' title="bbox 846 1559 2436 1638; baseline 0.004 -21"><span class='ocrx_word' id='word_1_99' title='bbox 846 1559 1228 1619; x_wconf 85' lang='lat' dir='ltr'><strong>iudicavimus.</strong></span> <span class='ocrx_word' id='word_1_100' title='bbox 1259 1561 1439 1617; x_wconf 83' lang='lat' dir='ltr'><strong>Primo</strong></span> <span class='ocrx_word' id='word_1_101' title='bbox 1465 1563 1647 1635; x_wconf 89' lang='lat' dir='ltr'><strong>itaque</strong></span> <span class='ocrx_word' id='word_1_102' title='bbox 1675 1569 1892 1619; x_wconf 89' lang='lat' dir='ltr'><strong>certum</strong></span> <span class='ocrx_word' id='word_1_103' title='bbox 1920 1564 2213 1621; x_wconf 77' lang='lat' dir='ltr'><strong>statuimus</strong></span> <span class='ocrx_word' id='word_1_104' title='bbox 2232 1606 2248 1635; x_wconf 86' lang='lat'><strong>,</strong></span> <span class='ocrx_word' id='word_1_105' title='bbox 2279 1572 2436 1638; x_wconf 91' lang='lat' dir='ltr'><strong>pote-</strong></span> 
     </span>
     <span class='ocr_line' id='line_1_15' title="bbox 846 1650 2438 1729; baseline 0.004 -22"><span class='ocrx_word' id='word_1_106' title='bbox 846 1654 1039 1709; x_wconf 80' lang='lat' dir='ltr'><strong>statem</strong></span> <span class='ocrx_word' id='word_1_107' title='bbox 1066 1651 1205 1709; x_wconf 85' lang='lat' dir='ltr'><strong>banc</strong></span> <span class='ocrx_word' id='word_1_108' title='bbox 1241 1650 1669 1710; x_wconf 84' lang='lat' dir='ltr'><strong>ecelesiasticam</strong></span> <span class='ocrx_word' id='word_1_109' title='bbox 1695 1651 1749 1708; x_wconf 93' lang='lat' dir='ltr'><strong>in</strong></span> <span class='ocrx_word' id='word_1_110' title='bbox 1789 1652 1907 1725; x_wconf 82' lang='lat' dir='ltr'><strong>lege</strong></span> <span class='ocrx_word' id='word_1_111' title='bbox 1934 1654 2250 1726; x_wconf 83' lang='lat' dir='ltr'><strong>evangelica</strong></span> <span class='ocrx_word' id='word_1_112' title='bbox 2275 1654 2438 1729; x_wconf 80' lang='lat' dir='ltr'><strong>longe</strong></span> 
     </span>
     <span class='ocr_line' id='line_1_16' title="bbox 845 1741 2440 1812; baseline 0.004 -13"><span class='ocrx_word' id='word_1_113' title='bbox 845 1741 1277 1801; x_wconf 79' lang='lat' dir='ltr'><strong>excellentiorem</strong></span> <span class='ocrx_word' id='word_1_114' title='bbox 1290 1756 1410 1799; x_wconf 88' lang='lat' dir='ltr'><strong>esse</strong></span> <span class='ocrx_word' id='word_1_115' title='bbox 1430 1748 1697 1812; x_wconf 81' lang='lat' dir='ltr'><strong>potestate</strong></span> <span class='ocrx_word' id='word_1_116' title='bbox 1717 1742 2035 1802; x_wconf 81' lang='lat' dir='ltr'><strong>civili.l{aec</strong></span> <span class='ocrx_word' id='word_1_117' title='bbox 2056 1747 2260 1803; x_wconf 83' lang='lat' dir='ltr'><strong>veritas</strong></span> <span class='ocrx_word' id='word_1_118' title='bbox 2281 1746 2440 1805; x_wconf 79' lang='lat' dir='ltr'><strong>facile</strong></span> 
     </span>
     <span class='ocr_line' id='line_1_17' title="bbox 846 1828 2436 1910; baseline 0.005 -22"><span class='ocrx_word' id='word_1_119' title='bbox 846 1830 1057 1889; x_wconf 88' lang='lat' dir='ltr'><strong>ostendi</strong></span> <span class='ocrx_word' id='word_1_120' title='bbox 1096 1836 1276 1905; x_wconf 89' lang='lat' dir='ltr'><strong>potest</strong></span> <span class='ocrx_word' id='word_1_121' title='bbox 1312 1847 1377 1888; x_wconf 85' lang='lat' dir='ltr'><strong>ex</strong></span> <span class='ocrx_word' id='word_1_122' title='bbox 1414 1828 1495 1887; x_wconf 88' lang='lat' dir='ltr'><strong>his</strong></span> <span class='ocrx_word' id='word_1_123' title='bbox 1516 1874 1532 1903; x_wconf 96' lang='lat'><strong>,</strong></span> <span class='ocrx_word' id='word_1_124' title='bbox 1572 1845 1714 1905; x_wconf 89' lang='lat' dir='ltr'><strong>quae</strong></span> <span class='ocrx_word' id='word_1_125' title='bbox 1751 1832 2076 1892; x_wconf 84' lang='lat' dir='ltr'><strong>adduximus</strong></span> <span class='ocrx_word' id='word_1_126' title='bbox 2106 1834 2161 1892; x_wconf 91' lang='lat' dir='ltr'><strong>in</strong></span> <span class='ocrx_word' id='word_1_127' title='bbox 2191 1837 2366 1910; x_wconf 86' lang='lat' dir='ltr'><strong>capite</strong></span> <span class='ocrx_word' id='word_1_128' title='bbox 2393 1840 2436 1897; x_wconf 90' lang='lat' dir='ltr'><strong>l.</strong></span> 
     </span>
     <span class='ocr_line' id='line_1_18' title="bbox 843 1920 2438 1996; baseline 0.004 -17"><span class='ocrx_word' id='word_1_129' title='bbox 843 1920 1009 1979; x_wconf 86' lang='lat' dir='ltr'><strong>huius</strong></span> <span class='ocrx_word' id='word_1_130' title='bbox 1027 1920 1169 1993; x_wconf 86' lang='lat' dir='ltr'><strong>libri,</strong></span> <span class='ocrx_word' id='word_1_131' title='bbox 1191 1922 1505 1996; x_wconf 89' lang='lat' dir='ltr'><strong>praesertim</strong></span> <span class='ocrx_word' id='word_1_132' title='bbox 1526 1923 1776 1980; x_wconf 86' lang='lat' dir='ltr'><strong>conclus.</strong></span> <span class='ocrx_word' id='word_1_133' title='bbox 1799 1929 1858 1996; x_wconf 83' lang='lat'><strong>3,</strong></span> <span class='ocrx_word' id='word_1_134' title='bbox 1878 1924 1972 1981; x_wconf 91' lang='lat' dir='ltr'><strong>ubi</strong></span> <span class='ocrx_word' id='word_1_135' title='bbox 1992 1923 2251 1983; x_wconf 88' lang='lat' dir='ltr'><strong>doctores</strong></span> <span class='ocrx_word' id='word_1_136' title='bbox 2275 1929 2438 1985; x_wconf 89' lang='lat' dir='ltr'><strong>etiam</strong></span> 
     </span>
     <span class='ocr_line' id='line_1_19' title="bbox 848 2010 2440 2091; baseline 0.006 -25"><span class='ocrx_word' id='word_1_137' title='bbox 848 2010 1219 2085; x_wconf 78' lang='lat' dir='ltr'><strong>allegavimus.</strong></span> <span class='ocrx_word' id='word_1_138' title='bbox 1253 2013 1354 2071; x_wconf 87' lang='lat' dir='ltr'><strong>Est</strong></span> <span class='ocrx_word' id='word_1_139' title='bbox 1379 2013 1540 2069; x_wconf 90' lang='lat' dir='ltr'><strong>etiam</strong></span> <span class='ocrx_word' id='word_1_140' title='bbox 1568 2015 1879 2071; x_wconf 85' lang='lat' dir='ltr'><strong>communis</strong></span> <span class='ocrx_word' id='word_1_141' title='bbox 1901 2022 2141 2088; x_wconf 87' lang='lat' dir='ltr'><strong>patrum.</strong></span> <span class='ocrx_word' id='word_1_142' title='bbox 2169 2018 2440 2091; x_wconf 82' lang='lat' dir='ltr'><strong>ignatium</strong></span> 
     </span>
     <span class='ocr_line' id='line_1_20' title="bbox 847 2100 2443 2181; baseline 0.006 -25"><span class='ocrx_word' id='word_1_143' title='bbox 847 2116 935 2173; x_wconf 91' lang='lat' dir='ltr'><strong>ep.</strong></span> <span class='ocrx_word' id='word_1_144' title='bbox 950 2100 1015 2158; x_wconf 86' lang='lat' dir='ltr'><strong>ad</strong></span> <span class='ocrx_word' id='word_1_145' title='bbox 1044 2102 1409 2160; x_wconf 85' lang='lat' dir='ltr'><strong>Smirnenses:</strong></span> <span class='ocrx_word' id='word_1_146' title='bbox 1442 2105 1568 2176; x_wconf 75' lang='lat' dir='ltr'><strong>qu</strong></span> <span class='ocrx_word' id='word_1_147' title='bbox 1594 2107 1799 2161; x_wconf 85' lang='lat' dir='ltr'><strong>autem</strong></span> <span class='ocrx_word' id='word_1_148' title='bbox 1825 2100 1973 2174; x_wconf 83' lang='lat' dir='ltr'><strong>dico,</strong></span> <span class='ocrx_word' id='word_1_149' title='bbox 2003 2105 2291 2164; x_wconf 77' lang='lat' dir='ltr'><strong>honorate</strong></span> <span class='ocrx_word' id='word_1_150' title='bbox 2316 2110 2443 2181; x_wconf 79' lang='lat' dir='ltr'><strong>qui-</strong></span> 
     </span>
     <span class='ocr_line' id='line_1_21' title="bbox 845 2188 2432 2262; baseline 0.004 -13"><span class='ocrx_word' id='word_1_151' title='bbox 845 2188 981 2250; x_wconf 82' lang='lat' dir='ltr'><strong>dem</strong></span> <span class='ocrx_word' id='word_1_152' title='bbox 1019 2195 1212 2251; x_wconf 87' lang='lat' dir='ltr'><strong>Deum</strong></span> <span class='ocrx_word' id='word_1_153' title='bbox 1243 2197 1312 2250; x_wconf 88' lang='lat' dir='ltr'><strong>ut</strong></span> <span class='ocrx_word' id='word_1_154' title='bbox 1348 2198 1653 2251; x_wconf 77' lang='lat' dir='ltr'><strong>auctorem</strong></span> <span class='ocrx_word' id='word_1_155' title='bbox 1686 2198 1951 2252; x_wconf 80' lang='lat' dir='ltr'><strong>omnium</strong></span> <span class='ocrx_word' id='word_1_156' title='bbox 1992 2200 2049 2253; x_wconf 88' lang='lat' dir='ltr'><strong>et</strong></span> <span class='ocrx_word' id='word_1_157' title='bbox 2086 2200 2432 2262; x_wconf 85' lang='lat' dir='ltr'><strong>Dominum.</strong></span> 
     </span>
     <span class='ocr_line' id='line_1_22' title="bbox 843 2283 2439 2362; baseline 0.003 -22"><span class='ocrx_word' id='word_1_158' title='bbox 843 2283 1178 2359; x_wconf 76' lang='lat' dir='ltr'><strong>episcopum</strong></span> <span class='ocrx_word' id='word_1_159' title='bbox 1216 2290 1417 2342; x_wconf 87' lang='lat' dir='ltr'><strong>autem</strong></span> <span class='ocrx_word' id='word_1_160' title='bbox 1460 2289 1751 2358; x_wconf 78' lang='lat' dir='ltr'><strong>tanquam</strong></span> <span class='ocrx_word' id='word_1_161' title='bbox 1780 2288 2115 2362; x_wconf 73' lang='lat' dir='ltr'><strong>principem</strong></span> <span class='ocrx_word' id='word_1_162' title='bbox 2159 2286 2439 2347; x_wconf 84' lang='lat' dir='ltr'><strong>sacerdo-</strong></span> 
     </span>
     <span class='ocr_line' id='line_1_23' title="bbox 846 2372 2444 2454; baseline 0.003 -23"><span class='ocrx_word' id='word_1_163' title='bbox 846 2378 1003 2443; x_wconf 82' lang='lat' dir='ltr'><strong>tum,</strong></span> <span class='ocrx_word' id='word_1_164' title='bbox 1035 2378 1357 2451; x_wconf 71' lang='lat' dir='ltr'><strong>imaqinem</strong></span> <span class='ocrx_word' id='word_1_165' title='bbox 1386 2377 1495 2433; x_wconf 82' lang='lat' dir='ltr'><strong>Dei</strong></span> <span class='ocrx_word' id='word_1_166' title='bbox 1512 2372 1837 2447; x_wconf 81' lang='lat' dir='ltr'><strong>serentem,</strong></span> <span class='ocrx_word' id='word_1_167' title='bbox 1871 2380 2285 2454; x_wconf 73' lang='lat' dir='ltr'><strong>principatum</strong></span> <span class='ocrx_word' id='word_1_168' title='bbox 2319 2382 2444 2453; x_wconf 77' lang='lat' dir='ltr'><strong>qui-</strong></span> 
     </span>
     <span class='ocr_line' id='line_1_24' title="bbox 846 2462 2440 2533; baseline 0.003 -12"><span class='ocrx_word' id='word_1_169' title='bbox 846 2462 983 2521; x_wconf 83' lang='lat' dir='ltr'><strong>dem</strong></span> <span class='ocrx_word' id='word_1_170' title='bbox 1002 2464 1323 2523; x_wconf 83' lang='lat' dir='ltr'><strong>secundum</strong></span> <span class='ocrx_word' id='word_1_171' title='bbox 1342 2468 1553 2533; x_wconf 82' lang='lat' dir='ltr'><strong>Deum,</strong></span> <span class='ocrx_word' id='word_1_172' title='bbox 1586 2464 1988 2523; x_wconf 83' lang='lat' dir='ltr'><strong>sacerdotium</strong></span> <span class='ocrx_word' id='word_1_173' title='bbox 2008 2472 2211 2526; x_wconf 85' lang='lat' dir='ltr'><strong>autem</strong></span> <span class='ocrx_word' id='word_1_174' title='bbox 2234 2485 2440 2527; x_wconf 79' lang='lat' dir='ltr'><strong>secun-</strong></span> 
     </span>
     <span class='ocr_line' id='line_1_25' title="bbox 848 2556 2442 2633; baseline 0.004 -24"><span class='ocrx_word' id='word_1_175' title='bbox 848 2556 997 2613; x_wconf 82' lang='lat' dir='ltr'><strong>dum</strong></span> <span class='ocrx_word' id='word_1_176' title='bbox 1041 2556 1349 2613; x_wconf 73' lang='lat' dir='ltr'><strong>Christum</strong></span> <span class='ocrx_word' id='word_1_177' title='bbox 1363 2576 1387 2619; x_wconf 91' lang='grc'><strong>,·</strong></span> <span class='ocrx_word' id='word_1_178' title='bbox 1426 2560 1484 2612; x_wconf 89' lang='lat' dir='ltr'><strong>et</strong></span> <span class='ocrx_word' id='word_1_179' title='bbox 1513 2560 1651 2630; x_wconf 77' lang='lat' dir='ltr'><strong>post</strong></span> <span class='ocrx_word' id='word_1_180' title='bbox 1686 2556 1843 2614; x_wconf 72' lang='lat' dir='ltr'><strong>hunc</strong></span> <span class='ocrx_word' id='word_1_181' title='bbox 1880 2557 2180 2615; x_wconf 79' lang='lat' dir='ltr'><strong>honorare</strong></span> <span class='ocrx_word' id='word_1_182' title='bbox 2219 2564 2442 2633; x_wconf 77' lang='lat' dir='ltr'><strong>oportet</strong></span> 
     </span>
     <span class='ocr_line' id='line_1_26' title="bbox 846 2645 2437 2721; baseline 0.004 -19"><span class='ocrx_word' id='word_1_183' title='bbox 846 2648 1031 2703; x_wconf 87' lang='lat' dir='ltr'><strong>etiam</strong></span> <span class='ocrx_word' id='word_1_184' title='bbox 1047 2660 1265 2719; x_wconf 63' lang='lat' dir='ltr'><strong>recem.</strong></span> <span class='ocrx_word' id='word_1_185' title='bbox 1284 2645 1533 2703; x_wconf 71' lang='lat' dir='ltr'><strong>ambros.</strong></span> <span class='ocrx_word' id='word_1_186' title='bbox 1552 2645 1646 2702; x_wconf 91' lang='lat' dir='ltr'><strong>lib.</strong></span> <span class='ocrx_word' id='word_1_187' title='bbox 1666 2651 1722 2704; x_wconf 82' lang='grc'><strong>2.</strong></span> <span class='ocrx_word' id='word_1_188' title='bbox 1742 2645 1816 2703; x_wconf 82' lang='lat' dir='ltr'><strong>de</strong></span> <span class='ocrx_word' id='word_1_189' title='bbox 1841 2645 2124 2721; x_wconf 75' lang='lat' dir='ltr'><strong>diynitat.</strong></span> <span class='ocrx_word' id='word_1_190' title='bbox 2144 2648 2437 2709; x_wconf 78' lang='lat' dir='ltr'><strong>sacerdot.</strong></span> 
     </span>
     <span class='ocr_line' id='line_1_27' title="bbox 850 2734 2441 2813; baseline 0.004 -22"><span class='ocrx_word' id='word_1_191' title='bbox 850 2734 1029 2808; x_wconf 87' lang='lat' dir='ltr'><strong>capite</strong></span> <span class='ocrx_word' id='word_1_192' title='bbox 1048 2739 1112 2793; x_wconf 82' lang='lat'><strong>2:</strong></span> <span class='ocrx_word' id='word_1_193' title='bbox 1136 2740 1336 2793; x_wconf 84' lang='lat' dir='ltr'><strong>Honor</strong></span> <span class='ocrx_word' id='word_1_194' title='bbox 1362 2739 1418 2792; x_wconf 89' lang='lat' dir='ltr'><strong>et</strong></span> <span class='ocrx_word' id='word_1_195' title='bbox 1442 2734 1781 2793; x_wconf 81' lang='lat' dir='ltr'><strong>sublimitas</strong></span> <span class='ocrx_word' id='word_1_196' title='bbox 1817 2736 2176 2813; x_wconf 81' lang='lat' dir='ltr'><strong>episcopalis</strong></span> <span class='ocrx_word' id='word_1_197' title='bbox 2191 2784 2206 2806; x_wconf 92' lang='lat'><strong>,</strong></span> <span class='ocrx_word' id='word_1_198' title='bbox 2245 2739 2441 2813; x_wconf 89' lang='lat' dir='ltr'><strong>inquit,</strong></span> 
     </span>
     <span class='ocr_line' id='line_1_28' title="bbox 847 2823 2441 2903; baseline 0.004 -22"><span class='ocrx_word' id='word_1_199' title='bbox 847 2823 1033 2883; x_wconf 79' lang='lat' dir='ltr'><strong>nullis</strong></span> <span class='ocrx_word' id='word_1_200' title='bbox 1067 2824 1611 2901; x_wconf 82' lang='lat' dir='ltr'><strong>comparationibus</strong></span> <span class='ocrx_word' id='word_1_201' title='bbox 1638 2828 1857 2901; x_wconf 81' lang='lat' dir='ltr'><strong>poterit</strong></span> <span class='ocrx_word' id='word_1_202' title='bbox 1882 2825 2240 2903; x_wconf 75' lang='lat' dir='ltr'><strong>adaequari.</strong></span> <span class='ocrx_word' id='word_1_203' title='bbox 2263 2830 2328 2887; x_wconf 78' lang='lat' dir='ltr'><strong>Si</strong></span> <span class='ocrx_word' id='word_1_204' title='bbox 2351 2845 2441 2887; x_wconf 90' lang='lat' dir='ltr'><strong>re-</strong></span> 
     </span>
     <span class='ocr_line' id='line_1_29' title="bbox 850 2906 2436 2992; baseline 0.004 -21"><span class='ocrx_word' id='word_1_205' title='bbox 850 2930 996 2988; x_wconf 73' lang='lat' dir='ltr'><strong>qum</strong></span> <span class='ocrx_word' id='word_1_206' title='bbox 1006 2913 1243 2991; x_wconf 63' lang='lat' dir='ltr'><strong>sulcari</strong></span> <span class='ocrx_word' id='word_1_207' title='bbox 1270 2929 1575 2992; x_wconf 85' lang='lat' dir='ltr'><strong>compares</strong></span> <span class='ocrx_word' id='word_1_208' title='bbox 1588 2958 1607 2978; x_wconf 84' lang='lat'><em>,</em></span> <span class='ocrx_word' id='word_1_209' title='bbox 1628 2920 1695 2974; x_wconf 85' lang='lat' dir='ltr'><strong>‘et</strong></span> <span class='ocrx_word' id='word_1_210' title='bbox 1711 2906 2060 2992; x_wconf 79' lang='lat' dir='ltr'><strong>principum</strong></span> <span class='ocrx_word' id='word_1_211' title='bbox 2086 2916 2436 2991; x_wconf 84' lang='lat' dir='ltr'><strong>diademati,</strong></span> 
     </span>
     <span class='ocr_line' id='line_1_30' title="bbox 851 3004 2445 3082; baseline 0.003 -20"><span class='ocrx_word' id='word_1_212' title='bbox 851 3004 1023 3080; x_wconf 75' lang='lat' dir='ltr'><strong>lonqe</strong></span> <span class='ocrx_word' id='word_1_213' title='bbox 1042 3010 1153 3063; x_wconf 85' lang='lat' dir='ltr'><strong>erit</strong></span> <span class='ocrx_word' id='word_1_214' title='bbox 1176 3004 1445 3080; x_wconf 72' lang='lat' dir='ltr'><strong>inferius,</strong></span> <span class='ocrx_word' id='word_1_215' title='bbox 1474 3022 1657 3080; x_wconf 79' lang='lat' dir='ltr'><strong>quam</strong></span> <span class='ocrx_word' id='word_1_216' title='bbox 1684 3009 1739 3063; x_wconf 83' lang='lat' dir='ltr'><strong>si</strong></span> <span class='ocrx_word' id='word_1_217' title='bbox 1756 3004 1993 3082; x_wconf 81' lang='lat' dir='ltr'><strong>plumbi</strong></span> <span class='ocrx_word' id='word_1_218' title='bbox 2018 3008 2330 3067; x_wconf 79' lang='lat' dir='ltr'><strong>metallum</strong></span> <span class='ocrx_word' id='word_1_219' title='bbox 2359 3010 2445 3069; x_wconf 83' lang='lat' dir='ltr'><strong>ad</strong></span> 
     </span>
     <span class='ocr_line' id='line_1_31' title="bbox 852 3094 2447 3172; baseline 0.003 -19"><span class='ocrx_word' id='word_1_220' title='bbox 852 3100 994 3153; x_wconf 82' lang='lat' dir='ltr'><strong>auri</strong></span> <span class='ocrx_word' id='word_1_221' title='bbox 996 3094 1302 3170; x_wconf 75' lang='lat' dir='ltr'><strong>sulyorem</strong></span> <span class='ocrx_word' id='word_1_222' title='bbox 1329 3111 1657 3171; x_wconf 79' lang='lat' dir='ltr'><strong>compares,</strong></span> <span class='ocrx_word' id='word_1_223' title='bbox 1684 3100 1895 3172; x_wconf 80' lang='lat' dir='ltr'><strong>quippe</strong></span> <span class='ocrx_word' id='word_1_224' title='bbox 1924 3114 2063 3158; x_wconf 88' lang='lat' dir='ltr'><strong>cum</strong></span> <span class='ocrx_word' id='word_1_225' title='bbox 2088 3098 2326 3158; x_wconf 82' lang='lat' dir='ltr'><strong>videam</strong></span> <span class='ocrx_word' id='word_1_226' title='bbox 2356 3116 2447 3158; x_wconf 89' lang='lat' dir='ltr'><strong>re-</strong></span> 
     </span>
     <span class='ocr_line' id='line_1_32' title="bbox 849 3186 2446 3263; baseline 0.002 -19"><span class='ocrx_word' id='word_1_227' title='bbox 849 3204 993 3262; x_wconf 73' lang='lat' dir='ltr'><strong>yum</strong></span> <span class='ocrx_word' id='word_1_228' title='bbox 1018 3186 1175 3246; x_wconf 80' lang='lat' dir='ltr'><strong>colla</strong></span> <span class='ocrx_word' id='word_1_229' title='bbox 1199 3192 1255 3243; x_wconf 88' lang='lat' dir='ltr'><strong>et</strong></span> <span class='ocrx_word' id='word_1_230' title='bbox 1284 3190 1623 3263; x_wconf 72' lang='lat' dir='ltr'><strong>principum</strong></span> <span class='ocrx_word' id='word_1_231' title='bbox 1648 3192 1937 3245; x_wconf 83' lang='lat' dir='ltr'><strong>committi</strong></span> <span class='ocrx_word' id='word_1_232' title='bbox 1962 3188 2207 3263; x_wconf 75' lang='lat' dir='ltr'><strong>yenibus</strong></span> <span class='ocrx_word' id='word_1_233' title='bbox 2242 3205 2446 3249; x_wconf 88' lang='lat' dir='ltr'><strong>sacer-</strong></span> 
     </span>
     <span class='ocr_line' id='line_1_33' title="bbox 851 3277 2447 3352; baseline 0.001 -17"><span class='ocrx_word' id='word_1_234' title='bbox 851 3278 1075 3336; x_wconf 83' lang='lat' dir='ltr'><strong>dotum.</strong></span> <span class='ocrx_word' id='word_1_235' title='bbox 1090 3278 1237 3346; x_wconf 88' lang='lat' dir='ltr'><strong>Quae</strong></span> <span class='ocrx_word' id='word_1_236' title='bbox 1259 3278 1423 3335; x_wconf 85' lang='lat' dir='ltr'><strong>verba</strong></span> <span class='ocrx_word' id='word_1_237' title='bbox 1451 3277 1765 3336; x_wconf 80' lang='lat' dir='ltr'><strong>rerenintur</strong></span> <span class='ocrx_word' id='word_1_238' title='bbox 1780 3320 1797 3352; x_wconf 90' lang='lat'><strong>,</strong></span> <span class='ocrx_word' id='word_1_239' title='bbox 1820 3286 1875 3335; x_wconf 92' lang='lat' dir='ltr'><strong>et</strong></span> <span class='ocrx_word' id='word_1_240' title='bbox 1902 3279 2206 3351; x_wconf 85' lang='lat' dir='ltr'><strong>probantur</strong></span> <span class='ocrx_word' id='word_1_241' title='bbox 2234 3296 2267 3337; x_wconf 91' lang='lat' dir='ltr'><strong>a</strong></span> <span class='ocrx_word' id='word_1_242' title='bbox 2292 3280 2447 3337; x_wconf 89' lang='lat' dir='ltr'><strong>Gela-</strong></span> 
     </span>
     <span class='ocr_line' id='line_1_34' title="bbox 856 3368 2446 3449; baseline 0.003 -26"><span class='ocrx_word' id='word_1_243' title='bbox 856 3370 940 3426; x_wconf 86' lang='lat' dir='ltr'><strong>sio</strong></span> <span class='ocrx_word' id='word_1_244' title='bbox 964 3369 1015 3426; x_wconf 91' lang='lat' dir='ltr'><strong>in</strong></span> <span class='ocrx_word' id='word_1_245' title='bbox 1043 3371 1317 3441; x_wconf 78' lang='lat' dir='ltr'><strong>cap.Duo</strong></span> <span class='ocrx_word' id='word_1_246' title='bbox 1342 3372 1499 3437; x_wconf 85' lang='lat' dir='ltr'><strong>sunt,</strong></span> <span class='ocrx_word' id='word_1_247' title='bbox 1530 3370 1622 3426; x_wconf 78' lang='lat'><strong>96.</strong></span> <span class='ocrx_word' id='word_1_248' title='bbox 1647 3368 1773 3426; x_wconf 87' lang='lat' dir='ltr'><strong>dist.</strong></span> <span class='ocrx_word' id='word_1_249' title='bbox 1804 3369 2153 3449; x_wconf 77' lang='lat' dir='ltr'><strong>Innocentius</strong></span> <span class='ocrx_word' id='word_1_250' title='bbox 2181 3376 2363 3429; x_wconf 87' lang='lat' dir='ltr'><strong>autem</strong></span> <span class='ocrx_word' id='word_1_251' title='bbox 2391 3373 2446 3428; x_wconf 91' lang='lat' dir='ltr'><strong>in</strong></span> 
     </span>
     <span class='ocr_line' id='line_1_35' title="bbox 856 3456 2446 3534; baseline 0 -17"><span class='ocrx_word' id='word_1_252' title='bbox 856 3476 980 3533; x_wconf 89' lang='lat' dir='ltr'><strong>cap.</strong></span> <span class='ocrx_word' id='word_1_253' title='bbox 998 3458 1247 3527; x_wconf 86' lang='lat' dir='ltr'><strong>Solitae,</strong></span> <span class='ocrx_word' id='word_1_254' title='bbox 1280 3456 1347 3515; x_wconf 92' lang='lat' dir='ltr'><strong>de</strong></span> <span class='ocrx_word' id='word_1_255' title='bbox 1372 3458 1605 3516; x_wconf 88' lang='lat' dir='ltr'><strong>maiorit.</strong></span> <span class='ocrx_word' id='word_1_256' title='bbox 1630 3465 1689 3515; x_wconf 89' lang='lat' dir='ltr'><strong>et</strong></span> <span class='ocrx_word' id='word_1_257' title='bbox 1714 3458 1981 3517; x_wconf 91' lang='lat' dir='ltr'><strong>obedient.</strong></span> <span class='ocrx_word' id='word_1_258' title='bbox 2011 3459 2153 3534; x_wconf 89' lang='lat' dir='ltr'><strong>Soli,</strong></span> <span class='ocrx_word' id='word_1_259' title='bbox 2181 3467 2237 3517; x_wconf 92' lang='lat' dir='ltr'><strong>et</strong></span> <span class='ocrx_word' id='word_1_260' title='bbox 2263 3462 2446 3518; x_wconf 88' lang='lat' dir='ltr'><strong>Lunae</strong></span> 
     </span>
     <span class='ocr_line' id='line_1_36' title="bbox 851 3549 2445 3627; baseline -0.001 -18"><span class='ocrx_word' id='word_1_261' title='bbox 851 3557 1138 3625; x_wconf 89' lang='lat' dir='ltr'><strong>comparat</strong></span> <span class='ocrx_word' id='word_1_262' title='bbox 1171 3549 1347 3607; x_wconf 83' lang='lat' dir='ltr'><strong>dictas</strong></span> <span class='ocrx_word' id='word_1_263' title='bbox 1384 3555 1705 3622; x_wconf 82' lang='lat' dir='ltr'><strong>potestates.</strong></span> <span class='ocrx_word' id='word_1_264' title='bbox 1745 3552 1816 3607; x_wconf 81' lang='lat' dir='ltr'><strong>At</strong></span> <span class='ocrx_word' id='word_1_265' title='bbox 1852 3565 1981 3608; x_wconf 86' lang='lat' dir='ltr'><strong>vero</strong></span> <span class='ocrx_word' id='word_1_266' title='bbox 2016 3549 2445 3627; x_wconf 80' lang='lat' dir='ltr'><strong>chrysostomus</strong></span> 
     </span>
     <span class='ocr_line' id='line_1_37' title="bbox 853 3637 2447 3712; baseline -0.001 -14"><span class='ocrx_word' id='word_1_267' title='bbox 853 3641 947 3699; x_wconf 90' lang='lat' dir='ltr'><strong>lib.</strong></span> <span class='ocrx_word' id='word_1_268' title='bbox 975 3648 1031 3700; x_wconf 83' lang='grc'><strong>3.</strong></span> <span class='ocrx_word' id='word_1_269' title='bbox 1057 3639 1130 3697; x_wconf 85' lang='lat' dir='ltr'><strong>de</strong></span> <span class='ocrx_word' id='word_1_270' title='bbox 1154 3637 1448 3698; x_wconf 84' lang='lat' dir='ltr'><strong>sacerdot.</strong></span> <span class='ocrx_word' id='word_1_271' title='bbox 1478 3639 1531 3696; x_wconf 89' lang='lat' dir='ltr'><strong>in</strong></span> <span class='ocrx_word' id='word_1_272' title='bbox 1558 3640 1855 3712; x_wconf 86' lang='lat' dir='ltr'><strong>principio:</strong></span> <span class='ocrx_word' id='word_1_273' title='bbox 1888 3637 2335 3709; x_wconf 75' lang='lat' dir='ltr'><strong>Sacerdotium,</strong></span> <span class='ocrx_word' id='word_1_274' title='bbox 2370 3641 2447 3697; x_wconf 88' lang='lat' dir='ltr'><strong>in-</strong></span> 
     </span>
     <span class='ocr_line' id='line_1_38' title="bbox 854 3727 2448 3806; baseline 0 -19"><span class='ocrx_word' id='word_1_275' title='bbox 854 3734 993 3805; x_wconf 86' lang='lat' dir='ltr'><strong>quit,</strong></span> <span class='ocrx_word' id='word_1_276' title='bbox 1017 3734 1184 3789; x_wconf 86' lang='lat' dir='ltr'><strong>tanto</strong></span> <span class='ocrx_word' id='word_1_277' title='bbox 1209 3745 1391 3802; x_wconf 75' lang='lat' dir='ltr'><strong>reyno</strong></span> <span class='ocrx_word' id='word_1_278' title='bbox 1411 3732 1498 3787; x_wconf 87' lang='lat' dir='ltr'><strong>est</strong></span> <span class='ocrx_word' id='word_1_279' title='bbox 1521 3727 1925 3798; x_wconf 75' lang='lat' dir='ltr'><strong>excellentius,</strong></span> <span class='ocrx_word' id='word_1_280' title='bbox 1946 3736 2244 3804; x_wconf 82' lang='lat' dir='ltr'><strong>quantum</strong></span> <span class='ocrx_word' id='word_1_281' title='bbox 2273 3734 2448 3806; x_wconf 84' lang='lat' dir='ltr'><strong>spiri-</strong></span> 
     </span>
     <span class='ocr_line' id='line_1_39' title="bbox 859 3808 2447 3895; baseline 0 -18"><span class='ocrx_word' id='word_1_282' title='bbox 859 3826 955 3878; x_wconf 83' lang='lat' dir='ltr'><strong>tus</strong></span> <span class='ocrx_word' id='word_1_283' title='bbox 998 3827 1054 3879; x_wconf 89' lang='lat' dir='ltr'><strong>et</strong></span> <span class='ocrx_word' id='word_1_284' title='bbox 1090 3823 1289 3879; x_wconf 86' lang='lat' dir='ltr'><strong>carnis</strong></span> <span class='ocrx_word' id='word_1_285' title='bbox 1313 3808 1701 3877; x_wconf 73' lang='lat' dir='ltr'><strong>intervallum</strong></span> <span class='ocrx_word' id='word_1_286' title='bbox 1728 3835 1851 3878; x_wconf 87' lang='lat' dir='ltr'><strong>esse</strong></span> <span class='ocrx_word' id='word_1_287' title='bbox 1882 3826 2093 3895; x_wconf 85' lang='lat' dir='ltr'><strong>potest.</strong></span> <span class='ocrx_word' id='word_1_288' title='bbox 2124 3821 2295 3889; x_wconf 85' lang='lat' dir='ltr'><strong>Quam</strong></span> <span class='ocrx_word' id='word_1_289' title='bbox 2325 3836 2447 3878; x_wconf 90' lang='lat' dir='ltr'><strong>sen-</strong></span> 
     </span>
     <span class='ocr_line' id='line_1_40' title="bbox 856 3910 2449 3983; baseline -0.001 -15"><span class='ocrx_word' id='word_1_290' title='bbox 856 3912 1079 3969; x_wconf 88' lang='lat' dir='ltr'><strong>tentiam</strong></span> <span class='ocrx_word' id='word_1_291' title='bbox 1112 3911 1367 3968; x_wconf 85' lang='lat' dir='ltr'><strong>latissime</strong></span> <span class='ocrx_word' id='word_1_292' title='bbox 1403 3910 1794 3983; x_wconf 85' lang='lat' dir='ltr'><strong>prosequitur,</strong></span> <span class='ocrx_word' id='word_1_293' title='bbox 1835 3916 1890 3967; x_wconf 89' lang='lat' dir='ltr'><strong>et</strong></span> <span class='ocrx_word' id='word_1_294' title='bbox 1927 3911 2222 3983; x_wconf 82' lang='lat' dir='ltr'><strong>amplificat</strong></span> <span class='ocrx_word' id='word_1_295' title='bbox 2256 3913 2310 3968; x_wconf 89' lang='lat' dir='ltr'><strong>in</strong></span> <span class='ocrx_word' id='word_1_296' title='bbox 2345 3910 2449 3968; x_wconf 87' lang='lat' dir='ltr'><strong>bo·</strong></span> 
     </span>
     <span class='ocr_line' id='line_1_41' title="bbox 856 3990 2448 4077; baseline -0.001 -16"><span class='ocrx_word' id='word_1_297' title='bbox 856 4002 970 4061; x_wconf 84' lang='lat' dir='ltr'><strong>mil.</strong></span> <span class='ocrx_word' id='word_1_298' title='bbox 998 4006 1086 4062; x_wconf 83' lang='grc'><strong>83.</strong></span> <span class='ocrx_word' id='word_1_299' title='bbox 1118 4002 1173 4058; x_wconf 89' lang='lat' dir='ltr'><strong>iu</strong></span> <span class='ocrx_word' id='word_1_300' title='bbox 1200 3998 1551 4060; x_wconf 72' lang='lat' dir='ltr'><strong>Matthaeum.</strong></span> <span class='ocrx_word' id='word_1_301' title='bbox 1583 3990 1761 4068; x_wconf 76' lang='lat' dir='ltr'><strong>Sive,&#39;</strong></span> <span class='ocrx_word' id='word_1_302' title='bbox 1780 4000 1982 4073; x_wconf 88' lang='lat' dir='ltr'><strong>inquit,</strong></span> <span class='ocrx_word' id='word_1_303' title='bbox 2006 4004 2288 4077; x_wconf 80' lang='lat' dir='ltr'><strong>princeps</strong></span> <span class='ocrx_word' id='word_1_304' title='bbox 2314 4000 2448 4060; x_wconf 83' lang='lat' dir='ltr'><strong>dia-</strong></span> 
     </span>
     <span class='ocr_line' id='line_1_42' title="bbox 856 4088 2435 4171; baseline -0.002 -19"><span class='ocrx_word' id='word_1_305' title='bbox 856 4093 1090 4151; x_wconf 83' lang='lat' dir='ltr'><strong>demate</strong></span> <span class='ocrx_word' id='word_1_306' title='bbox 1129 4094 1441 4148; x_wconf 88' lang='lat' dir='ltr'><strong>coronatus</strong></span> <span class='ocrx_word' id='word_1_307' title='bbox 1474 4092 1559 4171; x_wconf 66' lang='lat' dir='ltr'><strong>²sit</strong></span> <span class='ocrx_word' id='word_1_308' title='bbox 1576 4134 1591 4157; x_wconf 91' lang='lat'><strong>,</strong></span> <span class='ocrx_word' id='word_1_309' title='bbox 1636 4088 1874 4163; x_wconf 73' lang='lat' dir='ltr'><strong>indique</strong></span> <span class='ocrx_word' id='word_1_310' title='bbox 1913 4096 2115 4148; x_wconf 82' lang='lat' dir='ltr'><strong>autem</strong></span> <span class='ocrx_word' id='word_1_311' title='bbox 2162 4090 2435 4160; x_wconf 82' lang='lat' dir='ltr'><strong>accedat,</strong></span> 
     </span>
     <span class='ocr_line' id='line_1_43' title="bbox 844 4175 2450 4263; baseline -0.002 -23"><span class='ocrx_word' id='word_1_312' title='bbox 844 4181 1113 4263; x_wconf 75' lang='lat' dir='ltr'><strong>prohibe,</strong></span> <span class='ocrx_word' id='word_1_313' title='bbox 1149 4183 1435 4239; x_wconf 80' lang='lat' dir='ltr'><strong>maiorem</strong></span> <span class='ocrx_word' id='word_1_314' title='bbox 1460 4175 1565 4235; x_wconf 80' lang='lat' dir='ltr'><strong>illo</strong></span> <span class='ocrx_word' id='word_1_315' title='bbox 1591 4182 1941 4254; x_wconf 81' lang='lat' dir='ltr'><strong>potestatem</strong></span> <span class='ocrx_word' id='word_1_316' title='bbox 1964 4180 2167 4238; x_wconf 74' lang='lat' dir='ltr'><strong>habes.</strong></span> <span class='ocrx_word' id='word_1_317' title='bbox 2201 4182 2271 4237; x_wconf 90' lang='lat' dir='ltr'><strong>Et</strong></span> <span class='ocrx_word' id='word_1_318' title='bbox 2298 4182 2450 4238; x_wconf 87' lang='lat' dir='ltr'><strong>simi-</strong></span> 
     </span>
     <span class='ocr_line' id='line_1_44' title="bbox 860 4268 2452 4352; baseline -0.003 -20"><span class='ocrx_word' id='word_1_319' title='bbox 860 4275 931 4332; x_wconf 84' lang='lat' dir='ltr'><strong>lia</strong></span> <span class='ocrx_word' id='word_1_320' title='bbox 957 4272 1131 4331; x_wconf 89' lang='lat' dir='ltr'><strong>muita</strong></span> <span class='ocrx_word' id='word_1_321' title='bbox 1159 4270 1319 4327; x_wconf 90' lang='lat' dir='ltr'><strong>babet</strong></span> <span class='ocrx_word' id='word_1_322' title='bbox 1342 4268 1527 4326; x_wconf 88' lang='lat' dir='ltr'><strong>homil.</strong></span> <span class='ocrx_word' id='word_1_323' title='bbox 1549 4272 1605 4327; x_wconf 70' lang='lat'><strong>4.</strong></span> <span class='ocrx_word' id='word_1_324' title='bbox 1637 4275 1693 4326; x_wconf 89' lang='lat' dir='ltr'><strong>et</strong></span> <span class='ocrx_word' id='word_1_325' title='bbox 1724 4274 1778 4326; x_wconf 86' lang='lat'><strong>5.</strong></span> <span class='ocrx_word' id='word_1_326' title='bbox 1808 4271 1862 4352; x_wconf 79' lang='lat' dir='ltr'><strong>in</strong></span> <span class='ocrx_word' id='word_1_327' title='bbox 1894 4269 2059 4328; x_wconf 85' lang='lat' dir='ltr'><strong>verba</strong></span> <span class='ocrx_word' id='word_1_328' title='bbox 2087 4272 2279 4328; x_wconf 87' lang='lat' dir='ltr'><strong>Isaiae.</strong></span> <span class='ocrx_word' id='word_1_329' title='bbox 2317 4269 2452 4330; x_wconf 82' lang='lat' dir='ltr'><strong>Vidi</strong></span> 
     </span>
     <span class='ocr_line' id='line_1_45' title="bbox 860 4357 2443 4443; baseline -0.003 -21"><span class='ocrx_word' id='word_1_330' title='bbox 860 4366 1207 4429; x_wconf 79' lang='lat' dir='ltr'><strong>Dominum,</strong></span> <span class='ocrx_word' id='word_1_331' title='bbox 1240 4366 1349 4418; x_wconf 86' lang='lat' dir='ltr'><strong>etc.</strong></span> <span class='ocrx_word' id='word_1_332' title='bbox 1380 4364 1435 4415; x_wconf 84' lang='lat' dir='ltr'><strong>et</strong></span> <span class='ocrx_word' id='word_1_333' title='bbox 1460 4358 1649 4415; x_wconf 87' lang='lat' dir='ltr'><strong>homil.</strong></span> <span class='ocrx_word' id='word_1_334' title='bbox 1668 4357 2100 4443; x_wconf 31' lang='lat' dir='ltr'><strong>3.ad.populum</strong></span> <span class='ocrx_word' id='word_1_335' title='bbox 2128 4360 2443 4435; x_wconf 88' lang='lat' dir='ltr'><strong>aliquantu·</strong></span> 
     </span>
     <span class='ocr_line' id='line_1_46' title="bbox 861 4447 2446 4526; baseline -0.003 -12"><span class='ocrx_word' id='word_1_336' title='bbox 861 4458 976 4515; x_wconf 90' lang='lat' dir='ltr'><strong>lum</strong></span> <span class='ocrx_word' id='word_1_337' title='bbox 1003 4469 1035 4510; x_wconf 90' lang='lat' dir='ltr'><strong>a</strong></span> <span class='ocrx_word' id='word_1_338' title='bbox 1060 4450 1347 4526; x_wconf 90' lang='lat' dir='ltr'><strong>principio,</strong></span> <span class='ocrx_word' id='word_1_339' title='bbox 1370 4448 1462 4506; x_wconf 90' lang='lat' dir='ltr'><strong>ubi</strong></span> <span class='ocrx_word' id='word_1_340' title='bbox 1490 4448 1719 4523; x_wconf 88' lang='lat' dir='ltr'><strong>loquens</strong></span> <span class='ocrx_word' id='word_1_341' title='bbox 1739 4447 1807 4507; x_wconf 89' lang='lat' dir='ltr'><strong>de</strong></span> <span class='ocrx_word' id='word_1_342' title='bbox 1834 4450 2105 4523; x_wconf 80' lang='lat' dir='ltr'><strong>Flaviano,</strong></span> <span class='ocrx_word' id='word_1_343' title='bbox 2133 4466 2262 4508; x_wconf 89' lang='lat' dir='ltr'><strong>eum</strong></span> <span class='ocrx_word' id='word_1_344' title='bbox 2290 4466 2446 4524; x_wconf 86' lang='lat' dir='ltr'><strong>prae·</strong></span> 
     </span>
     <span class='ocr_line' id='line_1_47' title="bbox 860 4538 2446 4616; baseline -0.003 -12"><span class='ocrx_word' id='word_1_345' title='bbox 860 4548 971 4605; x_wconf 75' lang='lat' dir='ltr'><strong>fert</strong></span> <span class='ocrx_word' id='word_1_346' title='bbox 1007 4540 1349 4616; x_wconf 86' lang='lat' dir='ltr'><strong>imperatori,</strong></span> <span class='ocrx_word' id='word_1_347' title='bbox 1388 4538 1633 4612; x_wconf 86' lang='lat' dir='ltr'><strong>dicitque</strong></span> <span class='ocrx_word' id='word_1_348' title='bbox 1674 4538 1872 4597; x_wconf 86' lang='lat' dir='ltr'><strong>habere</strong></span> <span class='ocrx_word' id='word_1_349' title='bbox 1911 4538 2152 4613; x_wconf 81' lang='lat' dir='ltr'><strong>gladium</strong></span> <span class='ocrx_word' id='word_1_350' title='bbox 2192 4556 2300 4599; x_wconf 89' lang='lat' dir='ltr'><strong>non</strong></span> <span class='ocrx_word' id='word_1_351' title='bbox 2341 4540 2446 4599; x_wconf 78' lang='lat' dir='ltr'><strong>fer·</strong></span> 
     </span>
     <span class='ocr_line' id='line_1_48' title="bbox 864 4628 2453 4707; baseline -0.005 -11"><span class='ocrx_word' id='word_1_352' title='bbox 864 4652 1056 4707; x_wconf 89' lang='lat' dir='ltr'><strong>reum,</strong></span> <span class='ocrx_word' id='word_1_353' title='bbox 1099 4631 1195 4689; x_wconf 89' lang='lat' dir='ltr'><strong>sed</strong></span> <span class='ocrx_word' id='word_1_354' title='bbox 1234 4628 1585 4705; x_wconf 87' lang='lat' dir='ltr'><strong>spiritualem.</strong></span> <span class='ocrx_word' id='word_1_355' title='bbox 1609 4630 1679 4686; x_wconf 88' lang='lat' dir='ltr'><strong>Et</strong></span> <span class='ocrx_word' id='word_1_356' title='bbox 1704 4630 1865 4703; x_wconf 89' lang='lat' dir='ltr'><strong>plura</strong></span> <span class='ocrx_word' id='word_1_357' title='bbox 1893 4647 1962 4688; x_wconf 82' lang='lat' dir='ltr'><strong>ex</strong></span> <span class='ocrx_word' id='word_1_358' title='bbox 1999 4632 2248 4704; x_wconf 87' lang='lat' dir='ltr'><strong>patribus</strong></span> <span class='ocrx_word' id='word_1_359' title='bbox 2275 4632 2327 4688; x_wconf 90' lang='lat' dir='ltr'><strong>in</strong></span> <span class='ocrx_word' id='word_1_360' title='bbox 2367 4648 2453 4689; x_wconf 88' lang='lat' dir='ltr'><strong>se-</strong></span> 
     </span>
     <span class='ocr_line' id='line_1_49' title="bbox 867 4719 2452 4802; baseline -0.004 -17"><span class='ocrx_word' id='word_1_361' title='bbox 867 4726 1055 4802; x_wconf 84' lang='lat' dir='ltr'><strong>quenti</strong></span> <span class='ocrx_word' id='word_1_362' title='bbox 1094 4722 1271 4795; x_wconf 87' lang='lat' dir='ltr'><strong>eapite</strong></span> <span class='ocrx_word' id='word_1_363' title='bbox 1308 4719 1627 4779; x_wconf 77' lang='lat' dir='ltr'><strong>reseremus.</strong></span> <span class='ocrx_word' id='word_1_364' title='bbox 1660 4721 1721 4777; x_wconf 92' lang='lat' dir='ltr'><strong>ln</strong></span> <span class='ocrx_word' id='word_1_365' title='bbox 1760 4722 2051 4793; x_wconf 88' lang='lat' dir='ltr'><strong>praedictis</strong></span> <span class='ocrx_word' id='word_1_366' title='bbox 2088 4731 2274 4779; x_wconf 84' lang='lat' dir='ltr'><strong>autem</strong></span> <span class='ocrx_word' id='word_1_367' title='bbox 2314 4721 2452 4780; x_wconf 88' lang='lat' dir='ltr'><strong>locis</strong></span> 
     </span>
     <span class='ocr_line' id='line_1_50' title="bbox 866 4810 2457 4887; baseline -0.004 -11"><span class='ocrx_word' id='word_1_368' title='bbox 866 4819 979 4877; x_wconf 77' lang='lat' dir='ltr'><strong>iere</strong></span> <span class='ocrx_word' id='word_1_369' title='bbox 1002 4826 1213 4887; x_wconf 86' lang='lat' dir='ltr'><strong>semper</strong></span> <span class='ocrx_word' id='word_1_370' title='bbox 1232 4813 1534 4885; x_wconf 89' lang='lat' dir='ltr'><strong>loquuntur</strong></span> <span class='ocrx_word' id='word_1_371' title='bbox 1561 4812 1858 4884; x_wconf 75' lang='lat' dir='ltr'><strong>generatim</strong></span> <span class='ocrx_word' id='word_1_372' title='bbox 1880 4810 1947 4868; x_wconf 92' lang='lat' dir='ltr'><strong>de</strong></span> <span class='ocrx_word' id='word_1_373' title='bbox 1977 4817 2245 4884; x_wconf 87' lang='lat' dir='ltr'><strong>potestate</strong></span> <span class='ocrx_word' id='word_1_374' title='bbox 2271 4826 2457 4869; x_wconf 86' lang='lat' dir='ltr'><strong>sacer-</strong></span> 
     </span>
     <span class='ocr_line' id='line_1_51' title="bbox 869 4902 2456 4975; baseline -0.005 -5"><span class='ocrx_word' id='word_1_375' title='bbox 869 4907 1039 4970; x_wconf 89' lang='lat' dir='ltr'><strong>dotali</strong></span> <span class='ocrx_word' id='word_1_376' title='bbox 1074 4904 1378 4963; x_wconf 86' lang='lat' dir='ltr'><strong>secundum</strong></span> <span class='ocrx_word' id='word_1_377' title='bbox 1406 4909 1577 4960; x_wconf 91' lang='lat' dir='ltr'><strong>totam</strong></span> <span class='ocrx_word' id='word_1_378' title='bbox 1618 4902 2025 4975; x_wconf 85' lang='lat' dir='ltr'><strong>amplitudinem</strong></span> <span class='ocrx_word' id='word_1_379' title='bbox 2052 4920 2244 4975; x_wconf 89' lang='lat' dir='ltr'><strong>suam,</strong></span> <span class='ocrx_word' id='word_1_380' title='bbox 2275 4903 2456 4962; x_wconf 88' lang='lat' dir='ltr'><strong>inclu-</strong></span> 
     </span>
     <span class='ocr_line' id='line_1_52' title="bbox 868 4992 2454 5070; baseline -0.005 -9"><span class='ocrx_word' id='word_1_381' title='bbox 868 5000 1047 5062; x_wconf 86' lang='lat' dir='ltr'><strong>dendo</strong></span> <span class='ocrx_word' id='word_1_382' title='bbox 1075 5000 1395 5070; x_wconf 86' lang='lat' dir='ltr'><strong>potestatem</strong></span> <span class='ocrx_word' id='word_1_383' title='bbox 1423 4992 1656 5065; x_wconf 82' lang='lat' dir='ltr'><strong>ordinis,</strong></span> <span class='ocrx_word' id='word_1_384' title='bbox 1685 4992 1988 5050; x_wconf 88' lang='lat' dir='ltr'><strong>secundum</strong></span> <span class='ocrx_word' id='word_1_385' title='bbox 2016 5008 2183 5066; x_wconf 89' lang='lat' dir='ltr'><strong>quam</strong></span> <span class='ocrx_word' id='word_1_386' title='bbox 2211 4994 2454 5070; x_wconf 88' lang='lat' dir='ltr'><strong>comple-</strong></span> 
     </span>
     <span class='ocr_line' id='line_1_53' title="bbox 874 5082 2454 5161; baseline -0.005 -10"><span class='ocrx_word' id='word_1_387' title='bbox 874 5094 1041 5152; x_wconf 85' lang='lat' dir='ltr'><strong>ctitur</strong></span> <span class='ocrx_word' id='word_1_388' title='bbox 1086 5090 1405 5161; x_wconf 83' lang='lat' dir='ltr'><strong>potestatem</strong></span> <span class='ocrx_word' id='word_1_389' title='bbox 1452 5082 1816 5152; x_wconf 84' lang='lat' dir='ltr'><strong>censurandi‚</strong></span> <span class='ocrx_word' id='word_1_390' title='bbox 1858 5084 2160 5143; x_wconf 88' lang='lat' dir='ltr'><strong>remittendi</strong></span> <span class='ocrx_word' id='word_1_391' title='bbox 2204 5094 2454 5161; x_wconf 86' lang='lat' dir='ltr'><strong>peccata,</strong></span> 
     </span>
     <span class='ocr_line' id='line_1_54' title="bbox 872 5173 2458 5249; baseline -0.006 -6"><span class='ocrx_word' id='word_1_392' title='bbox 872 5180 1091 5243; x_wconf 87' lang='lat' dir='ltr'><strong>creandi</strong></span> <span class='ocrx_word' id='word_1_393' title='bbox 1117 5175 1461 5248; x_wconf 84' lang='lat' dir='ltr'><strong>sacerdotes,</strong></span> <span class='ocrx_word' id='word_1_394' title='bbox 1490 5182 1597 5232; x_wconf 89' lang='lat' dir='ltr'><strong>etc.</strong></span> <span class='ocrx_word' id='word_1_395' title='bbox 1633 5173 1906 5249; x_wconf 88' lang='lat' dir='ltr'><strong>simulque</strong></span> <span class='ocrx_word' id='word_1_396' title='bbox 1930 5182 2250 5247; x_wconf 88' lang='lat' dir='ltr'><strong>potestatem</strong></span> <span class='ocrx_word' id='word_1_397' title='bbox 2289 5178 2458 5234; x_wconf 91' lang='lat' dir='ltr'><strong>iuris-</strong></span> 
     </span>
     <span class='ocr_line' id='line_1_55' title="bbox 873 5264 2453 5343; baseline -0.006 -9"><span class='ocrx_word' id='word_1_398' title='bbox 873 5272 1158 5343; x_wconf 83' lang='lat' dir='ltr'><strong>dictionis,</strong></span> <span class='ocrx_word' id='word_1_399' title='bbox 1196 5284 1337 5343; x_wconf 89' lang='lat' dir='ltr'><strong>quae</strong></span> <span class='ocrx_word' id='word_1_400' title='bbox 1377 5264 1606 5324; x_wconf 88' lang='lat' dir='ltr'><strong>includit</strong></span> <span class='ocrx_word' id='word_1_401' title='bbox 1638 5266 1799 5322; x_wconf 90' lang='lat' dir='ltr'><strong>etiam</strong></span> <span class='ocrx_word' id='word_1_402' title='bbox 1839 5266 2292 5338; x_wconf 87' lang='lat' dir='ltr'><strong>dispensationem</strong></span> <span class='ocrx_word' id='word_1_403' title='bbox 2335 5265 2453 5325; x_wconf 87' lang='lat' dir='ltr'><strong>the·</strong></span> 
     </span>
     <span class='ocr_line' id='line_1_56' title="bbox 872 5356 2448 5443; baseline -0.009 -14"><span class='ocrx_word' id='word_1_404' title='bbox 872 5366 1022 5429; x_wconf 83' lang='lat' dir='ltr'><strong>sauri</strong></span> <span class='ocrx_word' id='word_1_405' title='bbox 1050 5363 1349 5443; x_wconf 83' lang='lat' dir='ltr'><strong>spiritualis</strong></span> <span class='ocrx_word' id='word_1_406' title='bbox 1376 5357 1673 5431; x_wconf 81' lang='lat' dir='ltr'><strong>Ecclesiae,</strong></span> <span class='ocrx_word' id='word_1_407' title='bbox 1701 5363 1758 5415; x_wconf 90' lang='lat' dir='ltr'><strong>et</strong></span> <span class='ocrx_word' id='word_1_408' title='bbox 1786 5364 2106 5431; x_wconf 82' lang='lat' dir='ltr'><strong>potestatem</strong></span> <span class='ocrx_word' id='word_1_409' title='bbox 2135 5356 2354 5433; x_wconf 84' lang='lat' dir='ltr'><strong>ligandi,</strong></span> <span class='ocrx_word' id='word_1_410' title='bbox 2381 5374 2448 5417; x_wconf 86' lang='lat' dir='ltr'><strong>ac</strong></span> 
     </span>
    </p>
   </div>
   <div class='ocr_carea' id='block_1_4' title="bbox 2308 434 2632 484">
    <p class='ocr_par' dir='ltr' id='par_1_4' title="bbox 2308 434 2632 484">
     <span class='ocr_line' id='line_1_57' title="bbox 2308 434 2632 484; baseline -0.006 0"><span class='ocrx_word' id='word_1_411' title='bbox 2308 434 2510 484; x_wconf 74' lang='lat' dir='ltr'>LIBER</span> <span class='ocrx_word' id='word_1_412' title='bbox 2539 435 2632 483; x_wconf 80' lang='lat' dir='ltr'><strong>w.</strong></span> 
     </span>
    </p>
   </div>
   <div class='ocr_carea' id='block_1_5' title="bbox 2503 559 4120 5435">
    <p class='ocr_par' dir='ltr' id='par_1_5' title="bbox 2503 559 4120 2264">
     <span class='ocr_line' id='line_1_58' title="bbox 2513 559 4100 635; baseline -0.001 -18"><span class='ocrx_word' id='word_1_413' title='bbox 2513 559 2755 618; x_wconf 82' lang='lat' dir='ltr'><strong>solvendi</strong></span> <span class='ocrx_word' id='word_1_414' title='bbox 2782 575 2877 635; x_wconf 89' lang='lat' dir='ltr'><strong>per</strong></span> <span class='ocrx_word' id='word_1_415' title='bbox 2905 575 3192 633; x_wconf 88' lang='lat' dir='ltr'><strong>censuras,</strong></span> <span class='ocrx_word' id='word_1_416' title='bbox 3224 571 3283 619; x_wconf 90' lang='lat' dir='ltr'><strong>et</strong></span> <span class='ocrx_word' id='word_1_417' title='bbox 3307 560 3410 619; x_wconf 89' lang='lat' dir='ltr'><strong>alia</strong></span> <span class='ocrx_word' id='word_1_418' title='bbox 3436 561 3623 618; x_wconf 90' lang='lat' dir='ltr'><strong>multa.</strong></span> <span class='ocrx_word' id='word_1_419' title='bbox 3651 562 3710 617; x_wconf 84' lang='lat' dir='ltr'><strong>ln</strong></span> <span class='ocrx_word' id='word_1_420' title='bbox 3738 576 3848 635; x_wconf 89' lang='lat' dir='ltr'><strong>qua</strong></span> <span class='ocrx_word' id='word_1_421' title='bbox 3875 560 4100 617; x_wconf 78' lang='lat' dir='ltr'><strong>univer-</strong></span> 
     </span>
     <span class='ocr_line' id='line_1_59' title="bbox 2505 651 4110 733; baseline -0.001 -24"><span class='ocrx_word' id='word_1_422' title='bbox 2505 652 2716 710; x_wconf 88' lang='lat' dir='ltr'><strong>salitate</strong></span> <span class='ocrx_word' id='word_1_423' title='bbox 2757 651 3096 709; x_wconf 88' lang='lat' dir='ltr'><strong>considerata</strong></span> <span class='ocrx_word' id='word_1_424' title='bbox 3121 652 3224 709; x_wconf 85' lang='lat' dir='ltr'><strong>bac</strong></span> <span class='ocrx_word' id='word_1_425' title='bbox 3263 658 3564 733; x_wconf 76' lang='lat' dir='ltr'><strong>potestate,</strong></span> <span class='ocrx_word' id='word_1_426' title='bbox 3595 654 3720 710; x_wconf 87' lang='lat' dir='ltr'><strong>luce</strong></span> <span class='ocrx_word' id='word_1_427' title='bbox 3747 652 3952 709; x_wconf 85' lang='lat' dir='ltr'><strong>clarius</strong></span> <span class='ocrx_word' id='word_1_428' title='bbox 3995 658 4110 721; x_wconf 81' lang='lat' dir='ltr'><strong>est,</strong></span> 
     </span>
     <span class='ocr_line' id='line_1_60' title="bbox 2507 740 4112 817; baseline 0 -18"><span class='ocrx_word' id='word_1_429' title='bbox 2507 757 2627 800; x_wconf 88' lang='lat' dir='ltr'><strong>esse</strong></span> <span class='ocrx_word' id='word_1_430' title='bbox 2649 740 2807 817; x_wconf 84' lang='lat' dir='ltr'><strong>longe</strong></span> <span class='ocrx_word' id='word_1_431' title='bbox 2833 740 3272 801; x_wconf 86' lang='lat' dir='ltr'><strong>excellentiorem</strong></span> <span class='ocrx_word' id='word_1_432' title='bbox 3301 742 3443 800; x_wconf 86' lang='lat' dir='ltr'><strong>civili</strong></span> <span class='ocrx_word' id='word_1_433' title='bbox 3472 750 3763 816; x_wconf 86' lang='lat' dir='ltr'><strong>potestate.</strong></span> <span class='ocrx_word' id='word_1_434' title='bbox 3785 744 3884 799; x_wconf 84' lang='lat' dir='ltr'><strong>llic</strong></span> <span class='ocrx_word' id='word_1_435' title='bbox 3909 748 4112 799; x_wconf 83' lang='lat' dir='ltr'><strong>autem</strong></span> 
     </span>
     <span class='ocr_line' id='line_1_61' title="bbox 2509 831 4114 906; baseline -0.001 -16"><span class='ocrx_word' id='word_1_436' title='bbox 2509 850 2616 891; x_wconf 91' lang='lat' dir='ltr'><strong>non</strong></span> <span class='ocrx_word' id='word_1_437' title='bbox 2647 838 2854 890; x_wconf 87' lang='lat' dir='ltr'><strong>tantum</strong></span> <span class='ocrx_word' id='word_1_438' title='bbox 2884 831 2990 889; x_wconf 88' lang='lat' dir='ltr'><strong>hoc</strong></span> <span class='ocrx_word' id='word_1_439' title='bbox 3019 833 3180 890; x_wconf 89' lang='lat' dir='ltr'><strong>modo</strong></span> <span class='ocrx_word' id='word_1_440' title='bbox 3208 833 3513 906; x_wconf 89' lang='lat' dir='ltr'><strong>loquimur,</strong></span> <span class='ocrx_word' id='word_1_441' title='bbox 3539 832 3636 891; x_wconf 88' lang='lat' dir='ltr'><strong>sed</strong></span> <span class='ocrx_word' id='word_1_442' title='bbox 3661 834 3821 890; x_wconf 86' lang='lat' dir='ltr'><strong>etiam</strong></span> <span class='ocrx_word' id='word_1_443' title='bbox 3852 834 4114 905; x_wconf 84' lang='lat' dir='ltr'><strong>praecise</strong></span> 
     </span>
     <span class='ocr_line' id='line_1_62' title="bbox 2507 920 4120 996; baseline 0 -17"><span class='ocrx_word' id='word_1_444' title='bbox 2507 922 2830 980; x_wconf 83' lang='lat' dir='ltr'><strong>conserendo</strong></span> <span class='ocrx_word' id='word_1_445' title='bbox 2855 920 2951 979; x_wconf 86' lang='lat' dir='ltr'><strong>bas</strong></span> <span class='ocrx_word' id='word_1_446' title='bbox 2973 928 3264 995; x_wconf 88' lang='lat' dir='ltr'><strong>potestates</strong></span> <span class='ocrx_word' id='word_1_447' title='bbox 3287 922 3390 980; x_wconf 89' lang='lat' dir='ltr'><strong>sub</strong></span> <span class='ocrx_word' id='word_1_448' title='bbox 3410 924 3621 980; x_wconf 86' lang='lat' dir='ltr'><strong>ratione</strong></span> <span class='ocrx_word' id='word_1_449' title='bbox 3643 922 3986 996; x_wconf 79' lang='lat' dir='ltr'><strong>legislativae</strong></span> <span class='ocrx_word' id='word_1_450' title='bbox 4016 938 4120 995; x_wconf 91' lang='lat' dir='ltr'><strong>po-</strong></span> 
     </span>
     <span class='ocr_line' id='line_1_63' title="bbox 2504 1008 4118 1085; baseline -0.001 -15"><span class='ocrx_word' id='word_1_451' title='bbox 2504 1013 2723 1070; x_wconf 85' lang='lat' dir='ltr'><strong>tentiae.</strong></span> <span class='ocrx_word' id='word_1_452' title='bbox 2741 1014 2809 1069; x_wconf 89' lang='lat' dir='ltr'><strong>Et</strong></span> <span class='ocrx_word' id='word_1_453' title='bbox 2828 1014 2909 1071; x_wconf 90' lang='lat' dir='ltr'><strong>sic</strong></span> <span class='ocrx_word' id='word_1_454' title='bbox 2934 1013 3096 1070; x_wconf 91' lang='lat' dir='ltr'><strong>etiam</strong></span> <span class='ocrx_word' id='word_1_455' title='bbox 3115 1008 3368 1085; x_wconf 90' lang='lat' dir='ltr'><strong>dicimus,</strong></span> <span class='ocrx_word' id='word_1_456' title='bbox 3381 1012 3648 1071; x_wconf 87' lang='lat' dir='ltr'><strong>excellere</strong></span> <span class='ocrx_word' id='word_1_457' title='bbox 3667 1013 4118 1071; x_wconf 80' lang='lat' dir='ltr'><strong>ecclesiasticam</strong></span> 
     </span>
     <span class='ocr_line' id='line_1_64' title="bbox 2505 1102 4116 1182; baseline 0 -23"><span class='ocrx_word' id='word_1_458' title='bbox 2505 1110 2862 1177; x_wconf 87' lang='lat' dir='ltr'><strong>potestatem,</strong></span> <span class='ocrx_word' id='word_1_459' title='bbox 2911 1102 3062 1178; x_wconf 89' lang='lat' dir='ltr'><strong>quod</strong></span> <span class='ocrx_word' id='word_1_460' title='bbox 3109 1103 3274 1161; x_wconf 83' lang='lat' dir='ltr'><strong>tradit</strong></span> <span class='ocrx_word' id='word_1_461' title='bbox 3320 1109 3503 1176; x_wconf 87' lang='lat' dir='ltr'><strong>aperte</strong></span> <span class='ocrx_word' id='word_1_462' title='bbox 3529 1104 3836 1182; x_wconf 76' lang='lat' dir='ltr'><strong>Bonisacius</strong></span> <span class='ocrx_word' id='word_1_463' title='bbox 3879 1120 4029 1177; x_wconf 85' lang='lat' dir='ltr'><strong>papa</strong></span> <span class='ocrx_word' id='word_1_464' title='bbox 4057 1106 4116 1159; x_wconf 88' lang='lat' dir='ltr'><strong>in</strong></span> 
     </span>
     <span class='ocr_line' id='line_1_65' title="bbox 2504 1192 4118 1267; baseline 0.001 -18"><span class='ocrx_word' id='word_1_465' title='bbox 2504 1192 2884 1267; x_wconf 81' lang='lat' dir='ltr'><strong>Extravaganti</strong></span> <span class='ocrx_word' id='word_1_466' title='bbox 2923 1196 3116 1254; x_wconf 83' lang='lat' dir='ltr'><strong>Unam</strong></span> <span class='ocrx_word' id='word_1_467' title='bbox 3154 1199 3464 1262; x_wconf 83' lang='lat' dir='ltr'><strong>sanctam,</strong></span> <span class='ocrx_word' id='word_1_468' title='bbox 3507 1194 3578 1251; x_wconf 91' lang='lat' dir='ltr'><strong>de</strong></span> <span class='ocrx_word' id='word_1_469' title='bbox 3617 1196 3851 1253; x_wconf 84' lang='lat' dir='ltr'><strong>maiorit.</strong></span> <span class='ocrx_word' id='word_1_470' title='bbox 3879 1204 3938 1251; x_wconf 89' lang='lat' dir='ltr'><strong>et</strong></span> <span class='ocrx_word' id='word_1_471' title='bbox 3977 1196 4118 1251; x_wconf 86' lang='lat' dir='ltr'><strong>obe-</strong></span> 
     </span>
     <span class='ocr_line' id='line_1_66' title="bbox 2503 1282 4116 1358; baseline 0 -18"><span class='ocrx_word' id='word_1_472' title='bbox 2503 1283 2666 1341; x_wconf 87' lang='lat' dir='ltr'><strong>dient.</strong></span> <span class='ocrx_word' id='word_1_473' title='bbox 2687 1286 2834 1343; x_wconf 89' lang='lat' dir='ltr'><strong>inter</strong></span> <span class='ocrx_word' id='word_1_474' title='bbox 2859 1299 3201 1343; x_wconf 89' lang='lat' dir='ltr'><strong>communes.</strong></span> <span class='ocrx_word' id='word_1_475' title='bbox 3215 1285 3289 1343; x_wconf 85' lang='lat' dir='ltr'><strong>Et</strong></span> <span class='ocrx_word' id='word_1_476' title='bbox 3311 1286 3452 1342; x_wconf 87' lang='lat' dir='ltr'><strong>ratio</strong></span> <span class='ocrx_word' id='word_1_477' title='bbox 3473 1283 3623 1343; x_wconf 89' lang='lat' dir='ltr'><strong>reddi</strong></span> <span class='ocrx_word' id='word_1_478' title='bbox 3651 1291 3833 1358; x_wconf 88' lang='lat' dir='ltr'><strong>potest</strong></span> <span class='ocrx_word' id='word_1_479' title='bbox 3847 1300 3916 1343; x_wconf 81' lang='lat' dir='ltr'><strong>ex</strong></span> <span class='ocrx_word' id='word_1_480' title='bbox 3935 1282 4116 1341; x_wconf 84' lang='lat' dir='ltr'><strong>dictis</strong></span> 
     </span>
     <span class='ocr_line' id='line_1_67' title="bbox 2504 1374 4110 1449; baseline -0.001 -17"><span class='ocrx_word' id='word_1_481' title='bbox 2504 1375 2561 1432; x_wconf 91' lang='lat' dir='ltr'><strong>in</strong></span> <span class='ocrx_word' id='word_1_482' title='bbox 2591 1390 2713 1447; x_wconf 90' lang='lat' dir='ltr'><strong>cap.</strong></span> <span class='ocrx_word' id='word_1_483' title='bbox 2747 1377 2792 1447; x_wconf 89' lang='lat'><strong>1,</strong></span> <span class='ocrx_word' id='word_1_484' title='bbox 2821 1376 2952 1449; x_wconf 89' lang='lat' dir='ltr'><strong>quia</strong></span> <span class='ocrx_word' id='word_1_485' title='bbox 2990 1381 3230 1448; x_wconf 87' lang='lat' dir='ltr'><strong>potestas</strong></span> <span class='ocrx_word' id='word_1_486' title='bbox 3271 1374 3439 1446; x_wconf 88' lang='lat' dir='ltr'><strong>haec,</strong></span> <span class='ocrx_word' id='word_1_487' title='bbox 3475 1378 3642 1433; x_wconf 89' lang='lat' dir='ltr'><strong>etiam</strong></span> <span class='ocrx_word' id='word_1_488' title='bbox 3681 1383 3745 1433; x_wconf 91' lang='lat' dir='ltr'><strong>ut</strong></span> <span class='ocrx_word' id='word_1_489' title='bbox 3777 1374 4110 1449; x_wconf 76' lang='lat' dir='ltr'><strong>legislatira‚</strong></span> 
     </span>
     <span class='ocr_line' id='line_1_68' title="bbox 2505 1465 4113 1540; baseline -0.001 -19"><span class='ocrx_word' id='word_1_490' title='bbox 2505 1472 2589 1521; x_wconf 86' lang='lat' dir='ltr'><strong>est</strong></span> <span class='ocrx_word' id='word_1_491' title='bbox 2613 1465 2816 1522; x_wconf 87' lang='lat' dir='ltr'><strong>ordinis</strong></span> <span class='ocrx_word' id='word_1_492' title='bbox 2843 1466 3293 1540; x_wconf 81' lang='lat' dir='ltr'><strong>supernaturalis3</strong></span> <span class='ocrx_word' id='word_1_493' title='bbox 3323 1473 3566 1539; x_wconf 88' lang='lat' dir='ltr'><strong>potestas</strong></span> <span class='ocrx_word' id='word_1_494' title='bbox 3593 1472 3776 1523; x_wconf 86' lang='lat' dir='ltr'><strong>autem</strong></span> <span class='ocrx_word' id='word_1_495' title='bbox 3802 1466 3983 1523; x_wconf 84' lang='lat' dir='ltr'><strong>civilis</strong></span> <span class='ocrx_word' id='word_1_496' title='bbox 4015 1482 4113 1521; x_wconf 84' lang='lat' dir='ltr'><strong>na-</strong></span> 
     </span>
     <span class='ocr_line' id='line_1_69' title="bbox 2505 1555 4112 1631; baseline 0 -18"><span class='ocrx_word' id='word_1_497' title='bbox 2505 1555 2695 1613; x_wconf 84' lang='lat' dir='ltr'><strong>taralis</strong></span> <span class='ocrx_word' id='word_1_498' title='bbox 2721 1562 2828 1630; x_wconf 88' lang='lat' dir='ltr'><strong>est,</strong></span> <span class='ocrx_word' id='word_1_499' title='bbox 2859 1564 2924 1614; x_wconf 94' lang='lat' dir='ltr'><strong>ut</strong></span> <span class='ocrx_word' id='word_1_500' title='bbox 2953 1572 3120 1629; x_wconf 87' lang='lat' dir='ltr'><strong>supra</strong></span> <span class='ocrx_word' id='word_1_501' title='bbox 3145 1564 3232 1613; x_wconf 90' lang='lat' dir='ltr'><strong>est</strong></span> <span class='ocrx_word' id='word_1_502' title='bbox 3269 1564 3583 1631; x_wconf 80' lang='lat' dir='ltr'><strong>ostensum3</strong></span> <span class='ocrx_word' id='word_1_503' title='bbox 3611 1571 3743 1630; x_wconf 84' lang='lat' dir='ltr'><strong>ergo</strong></span> <span class='ocrx_word' id='word_1_504' title='bbox 3769 1555 3860 1615; x_wconf 90' lang='lat' dir='ltr'><strong>illa</strong></span> <span class='ocrx_word' id='word_1_505' title='bbox 3897 1564 3990 1614; x_wconf 83' lang='lat' dir='ltr'><strong>est</strong></span> <span class='ocrx_word' id='word_1_506' title='bbox 4015 1572 4112 1613; x_wconf 81' lang='lat' dir='ltr'><strong>ex-</strong></span> 
     </span>
     <span class='ocr_line' id='line_1_70' title="bbox 2506 1646 4112 1719; baseline -0.002 -15"><span class='ocrx_word' id='word_1_507' title='bbox 2506 1646 2786 1704; x_wconf 86' lang='lat' dir='ltr'><strong>cellentior</strong></span> <span class='ocrx_word' id='word_1_508' title='bbox 2813 1646 2864 1702; x_wconf 89' lang='lat' dir='ltr'><strong>in</strong></span> <span class='ocrx_word' id='word_1_509' title='bbox 2891 1662 2992 1704; x_wconf 90' lang='lat' dir='ltr'><strong>suo</strong></span> <span class='ocrx_word' id='word_1_510' title='bbox 3027 1662 3149 1704; x_wconf 88' lang='lat' dir='ltr'><strong>esse</strong></span> <span class='ocrx_word' id='word_1_511' title='bbox 3177 1656 3233 1705; x_wconf 90' lang='lat' dir='ltr'><strong>et</strong></span> <span class='ocrx_word' id='word_1_512' title='bbox 3273 1646 3596 1706; x_wconf 86' lang='lat' dir='ltr'><strong>substantia.</strong></span> <span class='ocrx_word' id='word_1_513' title='bbox 3627 1650 3802 1719; x_wconf 81' lang='lat' dir='ltr'><strong>Atque</strong></span> <span class='ocrx_word' id='word_1_514' title='bbox 3841 1646 3984 1703; x_wconf 87' lang='lat' dir='ltr'><strong>haec</strong></span> <span class='ocrx_word' id='word_1_515' title='bbox 4013 1662 4112 1719; x_wconf 85' lang='lat' dir='ltr'><strong>po·</strong></span> 
     </span>
     <span class='ocr_line' id='line_1_71' title="bbox 2507 1726 4118 1811; baseline 0.001 -17"><span class='ocrx_word' id='word_1_516' title='bbox 2507 1744 2617 1795; x_wconf 91' lang='lat' dir='ltr'><strong>test</strong></span> <span class='ocrx_word' id='word_1_517' title='bbox 2660 1738 2920 1794; x_wconf 87' lang='lat' dir='ltr'><strong>constitui</strong></span> <span class='ocrx_word' id='word_1_518' title='bbox 2967 1735 3264 1796; x_wconf 80' lang='lat' dir='ltr'><strong>differentia</strong></span> <span class='ocrx_word' id='word_1_519' title='bbox 3296 1740 3439 1795; x_wconf 90' lang='lat' dir='ltr'><strong>inter</strong></span> <span class='ocrx_word' id='word_1_520' title='bbox 3465 1726 3564 1795; x_wconf 80' lang='lat' dir='ltr'><strong>bas</strong></span> <span class='ocrx_word' id='word_1_521' title='bbox 3599 1736 3738 1795; x_wconf 90' lang='lat' dir='ltr'><strong>duas</strong></span> <span class='ocrx_word' id='word_1_522' title='bbox 3773 1740 4118 1811; x_wconf 58' lang='lat' dir='ltr'><strong>pateruios,</strong></span> 
     </span>
     <span class='ocr_line' id='line_1_72' title="bbox 2507 1825 4116 1901; baseline 0.001 -17"><span class='ocrx_word' id='word_1_523' title='bbox 2507 1843 2648 1901; x_wconf 88' lang='lat' dir='ltr'><strong>quae</strong></span> <span class='ocrx_word' id='word_1_524' title='bbox 2673 1843 2740 1884; x_wconf 85' lang='lat' dir='ltr'><strong>ex</strong></span> <span class='ocrx_word' id='word_1_525' title='bbox 2766 1825 2926 1885; x_wconf 85' lang='lat' dir='ltr'><strong>dictis</strong></span> <span class='ocrx_word' id='word_1_526' title='bbox 2952 1830 3007 1885; x_wconf 90' lang='lat' dir='ltr'><strong>in</strong></span> <span class='ocrx_word' id='word_1_527' title='bbox 3033 1844 3159 1900; x_wconf 88' lang='lat' dir='ltr'><strong>cap.</strong></span> <span class='ocrx_word' id='word_1_528' title='bbox 3183 1832 3232 1887; x_wconf 90' lang='lat'><strong>1.</strong></span> <span class='ocrx_word' id='word_1_529' title='bbox 3257 1831 3392 1887; x_wconf 88' lang='lat' dir='ltr'><strong>satis</strong></span> <span class='ocrx_word' id='word_1_530' title='bbox 3417 1835 3666 1901; x_wconf 88' lang='lat' dir='ltr'><strong>constat,</strong></span> <span class='ocrx_word' id='word_1_531' title='bbox 3695 1836 3752 1887; x_wconf 84' lang='lat' dir='ltr'><strong>et</strong></span> <span class='ocrx_word' id='word_1_532' title='bbox 3777 1830 3970 1886; x_wconf 84' lang='lat' dir='ltr'><strong>statim</strong></span> <span class='ocrx_word' id='word_1_533' title='bbox 3999 1846 4116 1886; x_wconf 83' lang='lat' dir='ltr'><strong>am·</strong></span> 
     </span>
     <span class='ocr_line' id='line_1_73' title="bbox 2506 1917 4118 1993; baseline 0.001 -18"><span class='ocrx_word' id='word_1_534' title='bbox 2506 1917 2652 1993; x_wconf 89' lang='lat' dir='ltr'><strong>pli-us</strong></span> <span class='ocrx_word' id='word_1_535' title='bbox 2688 1918 3071 1992; x_wconf 81' lang='lat' dir='ltr'><strong>explicabitur.</strong></span> <span class='ocrx_word' id='word_1_536' title='bbox 3099 1920 3172 1976; x_wconf 89' lang='lat' dir='ltr'><strong>Ut</strong></span> <span class='ocrx_word' id='word_1_537' title='bbox 3195 1926 3378 1977; x_wconf 87' lang='lat' dir='ltr'><strong>autem</strong></span> <span class='ocrx_word' id='word_1_538' title='bbox 3407 1918 3725 1977; x_wconf 86' lang='lat' dir='ltr'><strong>excellentia</strong></span> <span class='ocrx_word' id='word_1_539' title='bbox 3757 1918 3921 1977; x_wconf 85' lang='lat' dir='ltr'><strong>buius</strong></span> <span class='ocrx_word' id='word_1_540' title='bbox 3963 1928 4118 1992; x_wconf 87' lang='lat' dir='ltr'><strong>pote-</strong></span> 
     </span>
     <span class='ocr_line' id='line_1_74' title="bbox 2509 2008 4120 2084; baseline 0.002 -20"><span class='ocrx_word' id='word_1_541' title='bbox 2509 2009 2664 2068; x_wconf 86' lang='lat' dir='ltr'><strong>statis</strong></span> <span class='ocrx_word' id='word_1_542' title='bbox 2685 2008 2953 2068; x_wconf 86' lang='lat' dir='ltr'><strong>illustrior</strong></span> <span class='ocrx_word' id='word_1_543' title='bbox 2972 2008 3224 2081; x_wconf 79' lang='lat' dir='ltr'><strong>flat,aliae</strong></span> <span class='ocrx_word' id='word_1_544' title='bbox 3243 2009 3738 2067; x_wconf 80' lang='lat' dir='ltr'><strong>etiamdifl&#39;erentiae</strong></span> <span class='ocrx_word' id='word_1_545' title='bbox 3757 2010 4120 2084; x_wconf 81' lang='lat' dir='ltr'><strong>assignandae</strong></span> 
     </span>
     <span class='ocr_line' id='line_1_75' title="bbox 2509 2096 4118 2174; baseline 0.002 -18"><span class='ocrx_word' id='word_1_546' title='bbox 2509 2107 2640 2158; x_wconf 85' lang='lat' dir='ltr'><strong>sunt</strong></span> <span class='ocrx_word' id='word_1_547' title='bbox 2675 2116 2742 2157; x_wconf 87' lang='lat' dir='ltr'><strong>ex</strong></span> <span class='ocrx_word' id='word_1_548' title='bbox 2768 2107 2924 2174; x_wconf 90' lang='lat' dir='ltr'><strong>parte</strong></span> <span class='ocrx_word' id='word_1_549' title='bbox 2963 2115 3281 2171; x_wconf 88' lang='lat' dir='ltr'><strong>causarum,</strong></span> <span class='ocrx_word' id='word_1_550' title='bbox 3303 2109 3359 2158; x_wconf 90' lang='lat' dir='ltr'><strong>et</strong></span> <span class='ocrx_word' id='word_1_551' title='bbox 3377 2096 3788 2174; x_wconf 76' lang='lat' dir='ltr'><strong>principiorum,</strong></span> <span class='ocrx_word' id='word_1_552' title='bbox 3807 2107 3864 2160; x_wconf 87' lang='lat' dir='ltr'><strong>et</strong></span> <span class='ocrx_word' id='word_1_553' title='bbox 3885 2107 4118 2159; x_wconf 83' lang='lat' dir='ltr'><strong>actuum</strong></span> 
     </span>
     <span class='ocr_line' id='line_1_76' title="bbox 2509 2191 3141 2264; baseline -0.002 -17"><span class='ocrx_word' id='word_1_554' title='bbox 2509 2192 2804 2264; x_wconf 88' lang='lat' dir='ltr'><strong>utriusque</strong></span> <span class='ocrx_word' id='word_1_555' title='bbox 2832 2191 3141 2264; x_wconf 86' lang='lat' dir='ltr'><strong>potestatis.</strong></span> 
     </span>
    </p>

    <p class='ocr_par' dir='ltr' id='par_1_6' title="bbox 2508 2279 4116 5435">
     <span class='ocr_line' id='line_1_77' title="bbox 2583 2279 4114 2355; baseline -0.001 -14"><span class='ocrx_word' id='word_1_556' title='bbox 2583 2287 2640 2341; x_wconf 80' lang='lat'><strong>2.</strong></span> <span class='ocrx_word' id='word_1_557' title='bbox 2673 2281 2923 2340; x_wconf 89' lang='lat' dir='ltr'><strong>Secunda</strong></span> <span class='ocrx_word' id='word_1_558' title='bbox 2956 2296 3092 2355; x_wconf 83' lang='lat' dir='ltr'><strong>ergo</strong></span> <span class='ocrx_word' id='word_1_559' title='bbox 3125 2279 3446 2339; x_wconf 80' lang='lat' dir='ltr'><strong>excellentia</strong></span> <span class='ocrx_word' id='word_1_560' title='bbox 3490 2280 3655 2337; x_wconf 87' lang='lat' dir='ltr'><strong>huius</strong></span> <span class='ocrx_word' id='word_1_561' title='bbox 3689 2284 3980 2353; x_wconf 79' lang='lat' dir='ltr'><strong>potestatis</strong></span> <span class='ocrx_word' id='word_1_562' title='bbox 4019 2299 4114 2339; x_wconf 83' lang='lat' dir='ltr'><strong>su·</strong></span> 
     </span>
     <span class='ocr_line' id='line_1_78' title="bbox 2512 2370 4108 2445; baseline -0.001 -14"><span class='ocrx_word' id='word_1_563' title='bbox 2512 2374 2686 2431; x_wconf 89' lang='lat' dir='ltr'><strong>mitur</strong></span> <span class='ocrx_word' id='word_1_564' title='bbox 2705 2388 2770 2431; x_wconf 88' lang='lat' dir='ltr'><strong>ex</strong></span> <span class='ocrx_word' id='word_1_565' title='bbox 2799 2379 2952 2445; x_wconf 87' lang='lat' dir='ltr'><strong>parte</strong></span> <span class='ocrx_word' id='word_1_566' title='bbox 2979 2372 3100 2427; x_wconf 81' lang='lat' dir='ltr'><strong>finis</strong></span> <span class='ocrx_word' id='word_1_567' title='bbox 3118 2414 3133 2444; x_wconf 91' lang='lat'><strong>,</strong></span> <span class='ocrx_word' id='word_1_568' title='bbox 3163 2386 3291 2429; x_wconf 88' lang='lat' dir='ltr'><strong>nam</strong></span> <span class='ocrx_word' id='word_1_569' title='bbox 3317 2370 3434 2429; x_wconf 81' lang='lat' dir='ltr'><strong>finis</strong></span> <span class='ocrx_word' id='word_1_570' title='bbox 3461 2371 3742 2443; x_wconf 89' lang='lat' dir='ltr'><strong>potestatis</strong></span> <span class='ocrx_word' id='word_1_571' title='bbox 3767 2372 4108 2429; x_wconf 85' lang='lat' dir='ltr'><strong>ecclesiasti·</strong></span> 
     </span>
     <span class='ocr_line' id='line_1_79' title="bbox 2508 2458 4112 2537; baseline -0.002 -14"><span class='ocrx_word' id='word_1_572' title='bbox 2508 2458 2608 2523; x_wconf 84' lang='lat' dir='ltr'><strong>ca‘e</strong></span> <span class='ocrx_word' id='word_1_573' title='bbox 2629 2462 3058 2537; x_wconf 84' lang='lat' dir='ltr'><strong>supernaturalis</strong></span> <span class='ocrx_word' id='word_1_574' title='bbox 3079 2469 3188 2535; x_wconf 89' lang='lat' dir='ltr'><strong>est,</strong></span> <span class='ocrx_word' id='word_1_575' title='bbox 3205 2462 3377 2520; x_wconf 83' lang='lat' dir='ltr'><strong>civilis</strong></span> <span class='ocrx_word' id='word_1_576' title='bbox 3397 2467 3584 2519; x_wconf 87' lang='lat' dir='ltr'><strong>autem</strong></span> <span class='ocrx_word' id='word_1_577' title='bbox 3603 2462 3826 2519; x_wconf 90' lang='lat' dir='ltr'><strong>omnino</strong></span> <span class='ocrx_word' id='word_1_578' title='bbox 3847 2464 4001 2520; x_wconf 87' lang='lat' dir='ltr'><strong>intra</strong></span> <span class='ocrx_word' id='word_1_579' title='bbox 4019 2479 4112 2520; x_wconf 90' lang='lat' dir='ltr'><strong>na·</strong></span> 
     </span>
     <span class='ocr_line' id='line_1_80' title="bbox 2509 2551 4116 2625; baseline -0.002 -10"><span class='ocrx_word' id='word_1_580' title='bbox 2509 2564 2678 2615; x_wconf 85' lang='lat' dir='ltr'><strong>turae</strong></span> <span class='ocrx_word' id='word_1_581' title='bbox 2689 2554 2938 2613; x_wconf 86' lang='lat' dir='ltr'><strong>ordinem</strong></span> <span class='ocrx_word' id='word_1_582' title='bbox 2965 2554 3299 2625; x_wconf 83' lang='lat' dir='ltr'><strong>continetur3</strong></span> <span class='ocrx_word' id='word_1_583' title='bbox 3317 2551 3406 2609; x_wconf 91' lang='lat' dir='ltr'><strong>ille</strong></span> <span class='ocrx_word' id='word_1_584' title='bbox 3417 2551 3708 2625; x_wconf 88' lang='lat' dir='ltr'><strong>spiritualis</strong></span> <span class='ocrx_word' id='word_1_585' title='bbox 3721 2596 3736 2624; x_wconf 93' lang='lat'><strong>,</strong></span> <span class='ocrx_word' id='word_1_586' title='bbox 3749 2552 3842 2611; x_wconf 89' lang='lat' dir='ltr'><strong>hic</strong></span> <span class='ocrx_word' id='word_1_587' title='bbox 3863 2556 4116 2611; x_wconf 84' lang='lat' dir='ltr'><strong>materia-</strong></span> 
     </span>
     <span class='ocr_line' id='line_1_81' title="bbox 2509 2641 4114 2719; baseline -0.001 -16"><span class='ocrx_word' id='word_1_588' title='bbox 2509 2645 2574 2704; x_wconf 89' lang='lat' dir='ltr'><strong>lis</strong></span> <span class='ocrx_word' id='word_1_589' title='bbox 2601 2654 2718 2719; x_wconf 81' lang='lat' dir='ltr'><strong>est3</strong></span> <span class='ocrx_word' id='word_1_590' title='bbox 2750 2644 2836 2702; x_wconf 89' lang='lat' dir='ltr'><strong>ille</strong></span> <span class='ocrx_word' id='word_1_591' title='bbox 2864 2650 3143 2713; x_wconf 85' lang='lat' dir='ltr'><strong>aeternus,</strong></span> <span class='ocrx_word' id='word_1_592' title='bbox 3167 2643 3256 2700; x_wconf 89' lang='lat' dir='ltr'><strong>hic</strong></span> <span class='ocrx_word' id='word_1_593' title='bbox 3287 2641 3620 2714; x_wconf 83' lang='lat' dir='ltr'><strong>temporalis.</strong></span> <span class='ocrx_word' id='word_1_594' title='bbox 3646 2642 3804 2700; x_wconf 84' lang='lat' dir='ltr'><strong>Haec·</strong></span> <span class='ocrx_word' id='word_1_595' title='bbox 3821 2646 3972 2701; x_wconf 89' lang='lat' dir='ltr'><strong>enim</strong></span> <span class='ocrx_word' id='word_1_596' title='bbox 4003 2662 4114 2701; x_wconf 86' lang='lat' dir='ltr'><strong>om-</strong></span> 
     </span>
     <span class='ocr_line' id='line_1_82' title="bbox 2512 2731 4112 2807; baseline -0.003 -13"><span class='ocrx_word' id='word_1_597' title='bbox 2512 2738 2602 2794; x_wconf 88' lang='lat' dir='ltr'><strong>nia</strong></span> <span class='ocrx_word' id='word_1_598' title='bbox 2628 2742 2882 2793; x_wconf 87' lang='lat' dir='ltr'><strong>constant</strong></span> <span class='ocrx_word' id='word_1_599' title='bbox 2908 2752 2974 2792; x_wconf 79' lang='lat' dir='ltr'><strong>ex</strong></span> <span class='ocrx_word' id='word_1_600' title='bbox 3010 2732 3176 2791; x_wconf 85' lang='lat' dir='ltr'><strong>dictis</strong></span> <span class='ocrx_word' id='word_1_601' title='bbox 3203 2734 3259 2790; x_wconf 92' lang='lat' dir='ltr'><strong>in</strong></span> <span class='ocrx_word' id='word_1_602' title='bbox 3297 2733 3402 2789; x_wconf 86' lang='lat' dir='ltr'><strong>hoc</strong></span> <span class='ocrx_word' id='word_1_603' title='bbox 3429 2731 3564 2790; x_wconf 88' lang='lat' dir='ltr'><strong>libro</strong></span> <span class='ocrx_word' id='word_1_604' title='bbox 3593 2747 3717 2807; x_wconf 87' lang='lat' dir='ltr'><strong>cap.</strong></span> <span class='ocrx_word' id='word_1_605' title='bbox 3741 2734 3786 2791; x_wconf 85' lang='lat'><strong>1.</strong></span> <span class='ocrx_word' id='word_1_606' title='bbox 3809 2741 3866 2791; x_wconf 85' lang='lat' dir='ltr'><strong>et</strong></span> <span class='ocrx_word' id='word_1_607' title='bbox 3891 2736 3964 2807; x_wconf 88' lang='lat' dir='ltr'><strong>ss,</strong></span> <span class='ocrx_word' id='word_1_608' title='bbox 3987 2742 4042 2790; x_wconf 88' lang='lat' dir='ltr'><strong>et</strong></span> <span class='ocrx_word' id='word_1_609' title='bbox 4064 2736 4112 2791; x_wconf 83' lang='lat' dir='ltr'><strong>in</strong></span> 
     </span>
     <span class='ocr_line' id='line_1_83' title="bbox 2511 2821 4112 2900; baseline -0.002 -15"><span class='ocrx_word' id='word_1_610' title='bbox 2511 2827 2606 2885; x_wconf 91' lang='lat' dir='ltr'><strong>lib.</strong></span> <span class='ocrx_word' id='word_1_611' title='bbox 2637 2826 2901 2900; x_wconf 85' lang='lat' dir='ltr'><strong>superiori</strong></span> <span class='ocrx_word' id='word_1_612' title='bbox 2921 2841 3046 2899; x_wconf 89' lang='lat' dir='ltr'><strong>cap.</strong></span> <span class='ocrx_word' id='word_1_613' title='bbox 3071 2825 3157 2882; x_wconf 88' lang='lat' dir='ltr'><strong>VI.</strong></span> <span class='ocrx_word' id='word_1_614' title='bbox 3191 2825 3329 2881; x_wconf 83' lang='lat' dir='ltr'><strong>Nam</strong></span> <span class='ocrx_word' id='word_1_615' title='bbox 3355 2823 3428 2881; x_wconf 93' lang='lat' dir='ltr'><strong>ibi</strong></span> <span class='ocrx_word' id='word_1_616' title='bbox 3455 2821 3822 2897; x_wconf 86' lang='lat' dir='ltr'><strong>ostendimus,</strong></span> <span class='ocrx_word' id='word_1_617' title='bbox 3839 2824 4006 2881; x_wconf 87' lang='lat' dir='ltr'><strong>tinem</strong></span> <span class='ocrx_word' id='word_1_618' title='bbox 4027 2842 4112 2897; x_wconf 84' lang='lat' dir='ltr'><strong>po-</strong></span> 
     </span>
     <span class='ocr_line' id='line_1_84' title="bbox 2513 2910 4110 2977; baseline -0.002 -1"><span class='ocrx_word' id='word_1_619' title='bbox 2513 2918 2730 2977; x_wconf 88' lang='lat' dir='ltr'><strong>testatis</strong></span> <span class='ocrx_word' id='word_1_620' title='bbox 2752 2932 2818 2973; x_wconf 84' lang='lat' dir='ltr'><strong>ac</strong></span> <span class='ocrx_word' id='word_1_621' title='bbox 2847 2915 2978 2973; x_wconf 90' lang='lat' dir='ltr'><strong>iuris</strong></span> <span class='ocrx_word' id='word_1_622' title='bbox 3007 2913 3180 2972; x_wconf 84' lang='lat' dir='ltr'><strong>civilis</strong></span> <span class='ocrx_word' id='word_1_623' title='bbox 3209 2928 3322 2971; x_wconf 91' lang='lat' dir='ltr'><strong>non</strong></span> <span class='ocrx_word' id='word_1_624' title='bbox 3345 2928 3468 2972; x_wconf 89' lang='lat' dir='ltr'><strong>esse</strong></span> <span class='ocrx_word' id='word_1_625' title='bbox 3497 2910 3808 2971; x_wconf 70' lang='lat' dir='ltr'><strong>felicitatem</strong></span> <span class='ocrx_word' id='word_1_626' title='bbox 3839 2922 4110 2973; x_wconf 80' lang='lat' dir='ltr'><strong>aeternam</strong></span> 
     </span>
     <span class='ocr_line' id='line_1_85' title="bbox 2516 3002 4114 3080; baseline -0.003 -14"><span class='ocrx_word' id='word_1_627' title='bbox 2516 3024 2582 3066; x_wconf 88' lang='lat' dir='ltr'><strong>ac</strong></span> <span class='ocrx_word' id='word_1_628' title='bbox 2611 3005 3088 3080; x_wconf 83' lang='lat' dir='ltr'><strong>supernaturalem</strong></span> <span class='ocrx_word' id='word_1_629' title='bbox 3105 3048 3120 3076; x_wconf 97' lang='lat'><strong>,</strong></span> <span class='ocrx_word' id='word_1_630' title='bbox 3147 3003 3246 3062; x_wconf 87' lang='lat' dir='ltr'><strong>sed</strong></span> <span class='ocrx_word' id='word_1_631' title='bbox 3275 3002 3344 3061; x_wconf 87' lang='lat' dir='ltr'><strong>ad</strong></span> <span class='ocrx_word' id='word_1_632' title='bbox 3372 3019 3650 3062; x_wconf 87' lang='lat' dir='ltr'><strong>summum</strong></span> <span class='ocrx_word' id='word_1_633' title='bbox 3674 3002 4000 3063; x_wconf 80' lang='lat' dir='ltr'><strong>felicitatem</strong></span> <span class='ocrx_word' id='word_1_634' title='bbox 4027 3022 4114 3061; x_wconf 85' lang='lat' dir='ltr'><strong>na·</strong></span> 
     </span>
     <span class='ocr_line' id='line_1_86' title="bbox 2517 3096 4112 3169; baseline -0.001 -13"><span class='ocrx_word' id='word_1_635' title='bbox 2517 3097 2752 3157; x_wconf 89' lang='lat' dir='ltr'><strong>turalem</strong></span> <span class='ocrx_word' id='word_1_636' title='bbox 2793 3096 2956 3155; x_wconf 86' lang='lat' dir='ltr'><strong>buius</strong></span> <span class='ocrx_word' id='word_1_637' title='bbox 2987 3097 3128 3153; x_wconf 83' lang='lat' dir='ltr'><strong>vitae</strong></span> <span class='ocrx_word' id='word_1_638' title='bbox 3151 3118 3168 3169; x_wconf 82' lang='lat'>3</span> <span class='ocrx_word' id='word_1_639' title='bbox 3203 3109 3432 3167; x_wconf 89' lang='lat' dir='ltr'><strong>eamque</strong></span> <span class='ocrx_word' id='word_1_640' title='bbox 3460 3109 3569 3151; x_wconf 91' lang='lat' dir='ltr'><strong>non</strong></span> <span class='ocrx_word' id='word_1_641' title='bbox 3587 3100 3840 3152; x_wconf 84' lang='lat' dir='ltr'><strong>exactam</strong></span> <span class='ocrx_word' id='word_1_642' title='bbox 3859 3103 3918 3151; x_wconf 84' lang='lat' dir='ltr'><strong>et</strong></span> <span class='ocrx_word' id='word_1_643' title='bbox 3945 3097 4112 3168; x_wconf 86' lang='lat' dir='ltr'><strong>perse-</strong></span> 
     </span>
     <span class='ocr_line' id='line_1_87' title="bbox 2513 3184 4114 3261; baseline -0.003 -13"><span class='ocrx_word' id='word_1_644' title='bbox 2513 3196 2682 3261; x_wconf 86' lang='lat' dir='ltr'><strong>ctam,</strong></span> <span class='ocrx_word' id='word_1_645' title='bbox 2699 3186 2795 3245; x_wconf 91' lang='lat' dir='ltr'><strong>sed</strong></span> <span class='ocrx_word' id='word_1_646' title='bbox 2822 3186 3167 3261; x_wconf 87' lang='lat' dir='ltr'><strong>quantumin</strong></span> <span class='ocrx_word' id='word_1_647' title='bbox 3189 3184 3428 3243; x_wconf 84' lang='lat' dir='ltr'><strong>humana</strong></span> <span class='ocrx_word' id='word_1_648' title='bbox 3455 3185 3854 3243; x_wconf 87' lang='lat' dir='ltr'><strong>communitate</strong></span> <span class='ocrx_word' id='word_1_649' title='bbox 3877 3186 4114 3257; x_wconf 79' lang='lat' dir='ltr'><strong>persecu</strong></span> 
     </span>
     <span class='ocr_line' id='line_1_88' title="bbox 2513 3274 4110 3352; baseline -0.003 -13"><span class='ocrx_word' id='word_1_650' title='bbox 2513 3280 2740 3339; x_wconf 89' lang='lat' dir='ltr'><strong>obtineri</strong></span> <span class='ocrx_word' id='word_1_651' title='bbox 2777 3284 2988 3352; x_wconf 80' lang='lat' dir='ltr'><strong>potest3</strong></span> <span class='ocrx_word' id='word_1_652' title='bbox 3019 3276 3089 3334; x_wconf 90' lang='lat' dir='ltr'><strong>ad</strong></span> <span class='ocrx_word' id='word_1_653' title='bbox 3122 3275 3292 3333; x_wconf 79' lang='lat' dir='ltr'><strong>vitam</strong></span> <span class='ocrx_word' id='word_1_654' title='bbox 3320 3282 3504 3333; x_wconf 86' lang='lat' dir='ltr'><strong>autem</strong></span> <span class='ocrx_word' id='word_1_655' title='bbox 3532 3274 3776 3333; x_wconf 81' lang='lat' dir='ltr'><strong>suturam</strong></span> <span class='ocrx_word' id='word_1_656' title='bbox 3803 3284 3938 3349; x_wconf 83' lang='lat' dir='ltr'><strong>post</strong></span> <span class='ocrx_word' id='word_1_657' title='bbox 3973 3293 4110 3335; x_wconf 87' lang='lat' dir='ltr'><strong>mor·</strong></span> 
     </span>
     <span class='ocr_line' id='line_1_89' title="bbox 2516 3366 4108 3445; baseline -0.003 -16"><span class='ocrx_word' id='word_1_658' title='bbox 2516 3378 2646 3445; x_wconf 85' lang='lat' dir='ltr'><strong>tem,</strong></span> <span class='ocrx_word' id='word_1_659' title='bbox 2670 3368 2755 3427; x_wconf 82' lang='lat' dir='ltr'><strong>vel</strong></span> <span class='ocrx_word' id='word_1_660' title='bbox 2787 3368 2855 3426; x_wconf 91' lang='lat' dir='ltr'><strong>ad</strong></span> <span class='ocrx_word' id='word_1_661' title='bbox 2883 3375 3086 3426; x_wconf 89' lang='lat' dir='ltr'><strong>statum</strong></span> <span class='ocrx_word' id='word_1_662' title='bbox 3113 3367 3232 3423; x_wconf 89' lang='lat' dir='ltr'><strong>eius</strong></span> <span class='ocrx_word' id='word_1_663' title='bbox 3261 3381 3358 3439; x_wconf 89' lang='lat' dir='ltr'><strong>per</strong></span> <span class='ocrx_word' id='word_1_664' title='bbox 3380 3382 3438 3421; x_wconf 87' lang='lat' dir='ltr'><strong>se</strong></span> <span class='ocrx_word' id='word_1_665' title='bbox 3465 3371 3524 3423; x_wconf 90' lang='lat' dir='ltr'><strong>et</strong></span> <span class='ocrx_word' id='word_1_666' title='bbox 3551 3366 3848 3425; x_wconf 87' lang='lat' dir='ltr'><strong>intentione</strong></span> <span class='ocrx_word' id='word_1_667' title='bbox 3877 3382 3982 3426; x_wconf 87' lang='lat' dir='ltr'><strong>sua</strong></span> <span class='ocrx_word' id='word_1_668' title='bbox 4005 3384 4108 3425; x_wconf 85' lang='lat' dir='ltr'><strong>noa</strong></span> 
     </span>
     <span class='ocr_line' id='line_1_90' title="bbox 2513 3458 4108 3533; baseline -0.001 -15"><span class='ocrx_word' id='word_1_669' title='bbox 2513 3460 2730 3519; x_wconf 82' lang='lat' dir='ltr'><strong>extendi</strong></span> <span class='ocrx_word' id='word_1_670' title='bbox 2752 3459 2894 3518; x_wconf 88' lang='lat' dir='ltr'><strong>illam</strong></span> <span class='ocrx_word' id='word_1_671' title='bbox 2923 3463 3268 3530; x_wconf 88' lang='lat' dir='ltr'><strong>potestatem.</strong></span> <span class='ocrx_word' id='word_1_672' title='bbox 3292 3458 3369 3514; x_wconf 85' lang='lat' dir='ltr'><strong>De</strong></span> <span class='ocrx_word' id='word_1_673' title='bbox 3393 3462 3664 3529; x_wconf 83' lang='lat' dir='ltr'><strong>potestate</strong></span> <span class='ocrx_word' id='word_1_674' title='bbox 3687 3463 3874 3515; x_wconf 89' lang='lat' dir='ltr'><strong>autem</strong></span> <span class='ocrx_word' id='word_1_675' title='bbox 3905 3459 4108 3533; x_wconf 79' lang='lat' dir='ltr'><strong>legisla-</strong></span> 
     </span>
     <span class='ocr_line' id='line_1_91' title="bbox 2514 3546 4108 3622; baseline 0 -15"><span class='ocrx_word' id='word_1_676' title='bbox 2514 3553 2626 3620; x_wconf 70' lang='lat' dir='ltr'><strong>‚tiva</strong></span> <span class='ocrx_word' id='word_1_677' title='bbox 2667 3549 3048 3608; x_wconf 86' lang='lat' dir='ltr'><strong>ecclesiastica</strong></span> <span class='ocrx_word' id='word_1_678' title='bbox 3081 3547 3243 3622; x_wconf 81' lang='lat' dir='ltr'><strong>longe</strong></span> <span class='ocrx_word' id='word_1_679' title='bbox 3272 3546 3428 3605; x_wconf 89' lang='lat' dir='ltr'><strong>aliter</strong></span> <span class='ocrx_word' id='word_1_680' title='bbox 3466 3546 3814 3606; x_wconf 85' lang='lat' dir='ltr'><strong>sentiendum</strong></span> <span class='ocrx_word' id='word_1_681' title='bbox 3843 3557 3960 3622; x_wconf 85' lang='lat' dir='ltr'><strong>est3</strong></span> <span class='ocrx_word' id='word_1_682' title='bbox 3993 3568 4108 3607; x_wconf 85' lang='lat' dir='ltr'><strong>nam</strong></span> 
     </span>
     <span class='ocr_line' id='line_1_92' title="bbox 2513 3635 4108 3717; baseline -0.002 -17"><span class='ocrx_word' id='word_1_683' title='bbox 2513 3659 2612 3717; x_wconf 92' lang='lat' dir='ltr'><strong>per</strong></span> <span class='ocrx_word' id='word_1_684' title='bbox 2639 3658 2698 3699; x_wconf 88' lang='lat' dir='ltr'><strong>se</strong></span> <span class='ocrx_word' id='word_1_685' title='bbox 2726 3643 2902 3714; x_wconf 89' lang='lat' dir='ltr'><strong>primo</strong></span> <span class='ocrx_word' id='word_1_686' title='bbox 2928 3638 3054 3697; x_wconf 91' lang='lat' dir='ltr'><strong>data</strong></span> <span class='ocrx_word' id='word_1_687' title='bbox 3077 3645 3165 3696; x_wconf 89' lang='lat' dir='ltr'><strong>est</strong></span> <span class='ocrx_word' id='word_1_688' title='bbox 3189 3637 3258 3694; x_wconf 88' lang='lat' dir='ltr'><strong>ad</strong></span> <span class='ocrx_word' id='word_1_689' title='bbox 3295 3635 3604 3712; x_wconf 79' lang='lat' dir='ltr'><strong>dirigendos</strong></span> <span class='ocrx_word' id='word_1_690' title='bbox 3632 3637 3884 3696; x_wconf 88' lang='lat' dir='ltr'><strong>homines</strong></span> <span class='ocrx_word' id='word_1_691' title='bbox 3913 3641 3966 3696; x_wconf 89' lang='lat' dir='ltr'><strong>in</strong></span> <span class='ocrx_word' id='word_1_692' title='bbox 4001 3641 4108 3697; x_wconf 79' lang='lat' dir='ltr'><strong>seli·</strong></span> 
     </span>
     <span class='ocr_line' id='line_1_93' title="bbox 2516 3727 4102 3803; baseline -0.001 -12"><span class='ocrx_word' id='word_1_693' title='bbox 2516 3735 2732 3791; x_wconf 88' lang='lat' dir='ltr'><strong>citatem</strong></span> <span class='ocrx_word' id='word_1_694' title='bbox 2771 3738 3044 3789; x_wconf 87' lang='lat' dir='ltr'><strong>aeternam</strong></span> <span class='ocrx_word' id='word_1_695' title='bbox 3072 3744 3138 3787; x_wconf 87' lang='lat' dir='ltr'><strong>ac</strong></span> <span class='ocrx_word' id='word_1_696' title='bbox 3177 3727 3655 3801; x_wconf 87' lang='lat' dir='ltr'><strong>supernaturalem</strong></span> <span class='ocrx_word' id='word_1_697' title='bbox 3682 3731 3826 3786; x_wconf 82' lang='lat' dir='ltr'><strong>vitae</strong></span> <span class='ocrx_word' id='word_1_698' title='bbox 3863 3732 4102 3803; x_wconf 71' lang='lat' dir='ltr'><strong>suturae,</strong></span> 
     </span>
     <span class='ocr_line' id='line_1_94' title="bbox 2515 3814 4107 3895; baseline 0.001 -17"><span class='ocrx_word' id='word_1_699' title='bbox 2515 3821 2603 3879; x_wconf 86' lang='lat' dir='ltr'><strong>hic</strong></span> <span class='ocrx_word' id='word_1_700' title='bbox 2634 3824 2782 3880; x_wconf 89' lang='lat' dir='ltr'><strong>enim</strong></span> <span class='ocrx_word' id='word_1_701' title='bbox 2805 3829 2891 3878; x_wconf 88' lang='lat' dir='ltr'><strong>est</strong></span> <span class='ocrx_word' id='word_1_702' title='bbox 2919 3814 3292 3878; x_wconf 72' lang='lat' dir='ltr'><strong>finis‘ultimus</strong></span> <span class='ocrx_word' id='word_1_703' title='bbox 3321 3834 3416 3891; x_wconf 91' lang='lat' dir='ltr'><strong>per</strong></span> <span class='ocrx_word' id='word_1_704' title='bbox 3444 3833 3502 3874; x_wconf 91' lang='lat' dir='ltr'><strong>se</strong></span> <span class='ocrx_word' id='word_1_705' title='bbox 3539 3822 3718 3891; x_wconf 89' lang='lat' dir='ltr'><strong>primo</strong></span> <span class='ocrx_word' id='word_1_706' title='bbox 3749 3826 3992 3879; x_wconf 71' lang='lat' dir='ltr'><strong>ntentus</strong></span> <span class='ocrx_word' id='word_1_707' title='bbox 4017 3838 4107 3895; x_wconf 88' lang='lat' dir='ltr'><strong>per</strong></span> 
     </span>
     <span class='ocr_line' id='line_1_95' title="bbox 2515 3908 4106 3986; baseline 0.001 -17"><span class='ocrx_word' id='word_1_708' title='bbox 2515 3912 2656 3969; x_wconf 87' lang='lat' dir='ltr'><strong>hanc</strong></span> <span class='ocrx_word' id='word_1_709' title='bbox 2699 3918 3042 3985; x_wconf 88' lang='lat' dir='ltr'><strong>potestatem.</strong></span> <span class='ocrx_word' id='word_1_710' title='bbox 3065 3911 3202 3967; x_wconf 82' lang='lat' dir='ltr'><strong>Nam</strong></span> <span class='ocrx_word' id='word_1_711' title='bbox 3243 3910 3391 3968; x_wconf 86' lang='lat' dir='ltr'><strong>sicut</strong></span> <span class='ocrx_word' id='word_1_712' title='bbox 3413 3908 3664 3968; x_wconf 88' lang='lat' dir='ltr'><strong>Christus</strong></span> <span class='ocrx_word' id='word_1_713' title='bbox 3691 3912 3958 3969; x_wconf 85' lang='lat' dir='ltr'><strong>Dominus</strong></span> <span class='ocrx_word' id='word_1_714' title='bbox 3987 3930 4106 3986; x_wconf 87' lang='lat' dir='ltr'><strong>pro-</strong></span> 
     </span>
     <span class='ocr_line' id='line_1_96' title="bbox 2516 3999 4106 4077; baseline 0.002 -18"><span class='ocrx_word' id='word_1_715' title='bbox 2516 4012 2637 4077; x_wconf 89' lang='lat' dir='ltr'><strong>pter</strong></span> <span class='ocrx_word' id='word_1_716' title='bbox 2675 4002 2823 4060; x_wconf 86' lang='lat' dir='ltr'><strong>hunc</strong></span> <span class='ocrx_word' id='word_1_717' title='bbox 2863 4002 3024 4059; x_wconf 82' lang='lat' dir='ltr'><strong>finem</strong></span> <span class='ocrx_word' id='word_1_718' title='bbox 3077 4000 3395 4075; x_wconf 80' lang='lat' dir='ltr'><strong>sanguinem</strong></span> <span class='ocrx_word' id='word_1_719' title='bbox 3441 4016 3604 4059; x_wconf 88' lang='lat' dir='ltr'><strong>suum</strong></span> <span class='ocrx_word' id='word_1_720' title='bbox 3639 3999 3779 4059; x_wconf 85' lang='lat' dir='ltr'><strong>l&#39;udit</strong></span> <span class='ocrx_word' id='word_1_721' title='bbox 3813 4018 3918 4075; x_wconf 91' lang='lat' dir='ltr'><strong>pro</strong></span> <span class='ocrx_word' id='word_1_722' title='bbox 3947 4004 4106 4062; x_wconf 86' lang='lat' dir='ltr'><strong>bomi-</strong></span> 
     </span>
     <span class='ocr_line' id='line_1_97' title="bbox 2516 4089 4104 4167; baseline 0 -16"><span class='ocrx_word' id='word_1_723' title='bbox 2516 4093 2696 4165; x_wconf 87' lang='lat' dir='ltr'><strong>nibus,</strong></span> <span class='ocrx_word' id='word_1_724' title='bbox 2715 4095 2793 4151; x_wconf 84' lang='lat' dir='ltr'><strong>ita</strong></span> <span class='ocrx_word' id='word_1_725' title='bbox 2818 4099 3044 4167; x_wconf 90' lang='lat' dir='ltr'><strong>propter</strong></span> <span class='ocrx_word' id='word_1_726' title='bbox 3068 4089 3320 4149; x_wconf 88' lang='lat' dir='ltr'><strong>eumdem</strong></span> <span class='ocrx_word' id='word_1_727' title='bbox 3347 4091 3580 4148; x_wconf 87' lang='lat' dir='ltr'><strong>instituit</strong></span> <span class='ocrx_word' id='word_1_728' title='bbox 3597 4091 3911 4151; x_wconf 85' lang='lat' dir='ltr'><strong>Ecclesiam</strong></span> <span class='ocrx_word' id='word_1_729' title='bbox 3931 4110 4104 4163; x_wconf 84' lang='lat' dir='ltr'><strong>suam,</strong></span> 
     </span>
     <span class='ocr_line' id='line_1_98' title="bbox 2514 4179 4104 4257; baseline 0 -16"><span class='ocrx_word' id='word_1_730' title='bbox 2514 4192 2571 4241; x_wconf 92' lang='lat' dir='ltr'><strong>et</strong></span> <span class='ocrx_word' id='word_1_731' title='bbox 2600 4190 2922 4257; x_wconf 88' lang='lat' dir='ltr'><strong>potestatem</strong></span> <span class='ocrx_word' id='word_1_732' title='bbox 2954 4181 3024 4239; x_wconf 90' lang='lat' dir='ltr'><strong>ad</strong></span> <span class='ocrx_word' id='word_1_733' title='bbox 3063 4180 3206 4239; x_wconf 84' lang='lat' dir='ltr'><strong>illam</strong></span> <span class='ocrx_word' id='word_1_734' title='bbox 3229 4179 3519 4254; x_wconf 81' lang='lat' dir='ltr'><strong>regendam</strong></span> <span class='ocrx_word' id='word_1_735' title='bbox 3547 4180 3600 4237; x_wconf 92' lang='lat' dir='ltr'><strong>in</strong></span> <span class='ocrx_word' id='word_1_736' title='bbox 3640 4181 3832 4240; x_wconf 87' lang='lat' dir='ltr'><strong>ordine</strong></span> <span class='ocrx_word' id='word_1_737' title='bbox 3859 4182 3936 4240; x_wconf 84' lang='lat' dir='ltr'><strong>ad</strong></span> <span class='ocrx_word' id='word_1_738' title='bbox 3959 4200 4104 4241; x_wconf 83' lang='lat' dir='ltr'><strong>eum·</strong></span> 
     </span>
     <span class='ocr_line' id='line_1_99' title="bbox 2515 4270 4102 4331; baseline -0.002 0"><span class='ocrx_word' id='word_1_739' title='bbox 2515 4274 2642 4331; x_wconf 88' lang='lat' dir='ltr'><strong>dem</strong></span> <span class='ocrx_word' id='word_1_740' title='bbox 2674 4274 2831 4329; x_wconf 80' lang='lat' dir='ltr'><strong>linem</strong></span> <span class='ocrx_word' id='word_1_741' title='bbox 2873 4270 3178 4328; x_wconf 85' lang='lat' dir='ltr'><strong>hominibus</strong></span> <span class='ocrx_word' id='word_1_742' title='bbox 3221 4270 3474 4328; x_wconf 87' lang='lat' dir='ltr'><strong>contulit.</strong></span> <span class='ocrx_word' id='word_1_743' title='bbox 3517 4272 3588 4327; x_wconf 90' lang='lat' dir='ltr'><strong>Et</strong></span> <span class='ocrx_word' id='word_1_744' title='bbox 3640 4271 3730 4329; x_wconf 84' lang='lat' dir='ltr'><strong>bie</strong></span> <span class='ocrx_word' id='word_1_745' title='bbox 3775 4279 3865 4331; x_wconf 88' lang='lat' dir='ltr'><strong>est</strong></span> <span class='ocrx_word' id='word_1_746' title='bbox 3911 4289 4102 4330; x_wconf 80' lang='lat' dir='ltr'><strong>sensus</strong></span> 
     </span>
     <span class='ocr_line' id='line_1_100' title="bbox 2515 4358 4104 4435; baseline 0.001 -16"><span class='ocrx_word' id='word_1_747' title='bbox 2515 4364 2734 4421; x_wconf 87' lang='lat' dir='ltr'><strong>illerum</strong></span> <span class='ocrx_word' id='word_1_748' title='bbox 2770 4361 3093 4419; x_wconf 81' lang='lat' dir='ltr'><strong>verborum:</strong></span> <span class='ocrx_word' id='word_1_749' title='bbox 3131 4359 3259 4419; x_wconf 70' lang='grc' dir='ltr'><strong>Ίῖὁὶ</strong></span> <span class='ocrx_word' id='word_1_750' title='bbox 3296 4358 3455 4417; x_wconf 82' lang='lat' dir='ltr'><strong>dabo</strong></span> <span class='ocrx_word' id='word_1_751' title='bbox 3491 4358 3687 4419; x_wconf 83' lang='lat' dir='ltr'><strong>claves</strong></span> <span class='ocrx_word' id='word_1_752' title='bbox 3722 4366 3892 4435; x_wconf 72' lang='lat' dir='ltr'><strong>reyni</strong></span> <span class='ocrx_word' id='word_1_753' title='bbox 3921 4364 4104 4423; x_wconf 81' lang='lat' dir='ltr'><strong>caelo-</strong></span> 
     </span>
     <span class='ocr_line' id='line_1_101' title="bbox 2515 4451 4106 4529; baseline 0.001 -18"><span class='ocrx_word' id='word_1_754' title='bbox 2515 4470 2671 4522; x_wconf 86' lang='lat' dir='ltr'><strong>rum,</strong></span> <span class='ocrx_word' id='word_1_755' title='bbox 2711 4459 2907 4512; x_wconf 74' lang='lat' dir='ltr'><strong>etc.‘et</strong></span> <span class='ocrx_word' id='word_1_756' title='bbox 2932 4452 3180 4510; x_wconf 87' lang='lat' dir='ltr'><strong>illorum:</strong></span> <span class='ocrx_word' id='word_1_757' title='bbox 3207 4451 3416 4509; x_wconf 86' lang='lat' dir='ltr'><strong>Posuit</strong></span> <span class='ocrx_word' id='word_1_758' title='bbox 3457 4467 3556 4509; x_wconf 84' lang='lat' dir='ltr'><strong>vos</strong></span> <span class='ocrx_word' id='word_1_759' title='bbox 3585 4452 3848 4529; x_wconf 71' lang='lat' dir='ltr'><strong>Spiritus</strong></span> <span class='ocrx_word' id='word_1_760' title='bbox 3865 4461 4106 4513; x_wconf 76' lang='lat' dir='ltr'><strong>sanctus</strong></span> 
     </span>
     <span class='ocr_line' id='line_1_102' title="bbox 2519 4538 4104 4621; baseline 0.001 -21"><span class='ocrx_word' id='word_1_761' title='bbox 2519 4546 2822 4621; x_wconf 80' lang='lat' dir='ltr'><strong>episcopos</strong></span> <span class='ocrx_word' id='word_1_762' title='bbox 2843 4557 3042 4617; x_wconf 66' lang='lat' dir='ltr'><strong>repere</strong></span> <span class='ocrx_word' id='word_1_763' title='bbox 3060 4538 3399 4599; x_wconf 74' lang='lat' dir='ltr'><strong>Ecclesiam</strong></span> <span class='ocrx_word' id='word_1_764' title='bbox 3425 4544 3548 4609; x_wconf 79' lang='lat' dir='ltr'><strong>Dei,</strong></span> <span class='ocrx_word' id='word_1_765' title='bbox 3584 4557 3772 4616; x_wconf 78' lang='lat' dir='ltr'><strong>quam</strong></span> <span class='ocrx_word' id='word_1_766' title='bbox 3795 4548 4104 4618; x_wconf 77' lang='lat' dir='ltr'><strong>acquisivit</strong></span> 
     </span>
     <span class='ocr_line' id='line_1_103' title="bbox 2519 4615 4104 4708; baseline -0.001 -16"><span class='ocrx_word' id='word_1_767' title='bbox 2519 4634 2813 4708; x_wconf 74' lang='lat' dir='ltr'><strong>sanquine</strong></span> <span class='ocrx_word' id='word_1_768' title='bbox 2839 4649 2966 4690; x_wconf 88' lang='lat' dir='ltr'><strong>suo.</strong></span> <span class='ocrx_word' id='word_1_769' title='bbox 2998 4632 3070 4689; x_wconf 90' lang='lat' dir='ltr'><strong>Et</strong></span> <span class='ocrx_word' id='word_1_770' title='bbox 3109 4631 3183 4688; x_wconf 87' lang='lat' dir='ltr'><strong>ita</strong></span> <span class='ocrx_word' id='word_1_771' title='bbox 3221 4646 3383 4703; x_wconf 87' lang='lat' dir='ltr'><strong>saepe</strong></span> <span class='ocrx_word' id='word_1_772' title='bbox 3418 4631 3474 4688; x_wconf 90' lang='lat' dir='ltr'><strong>in</strong></span> <span class='ocrx_word' id='word_1_773' title='bbox 3510 4615 3723 4705; x_wconf 75' lang='lat' dir='ltr'><strong>legibus</strong></span> <span class='ocrx_word' id='word_1_774' title='bbox 3749 4638 4032 4693; x_wconf 86' lang='lat' dir='ltr'><strong>canonicis</strong></span> <span class='ocrx_word' id='word_1_775' title='bbox 4055 4638 4104 4692; x_wconf 85' lang='lat' dir='ltr'><strong>iit</strong></span> 
     </span>
     <span class='ocr_line' id='line_1_104' title="bbox 2519 4721 4100 4799; baseline 0.002 -17"><span class='ocrx_word' id='word_1_776' title='bbox 2519 4738 2774 4799; x_wconf 86' lang='lat' dir='ltr'><strong>expressa</strong></span> <span class='ocrx_word' id='word_1_777' title='bbox 2801 4722 3002 4781; x_wconf 90' lang='lat' dir='ltr'><strong>mentio</strong></span> <span class='ocrx_word' id='word_1_778' title='bbox 3029 4721 3194 4779; x_wconf 87' lang='lat' dir='ltr'><strong>huius</strong></span> <span class='ocrx_word' id='word_1_779' title='bbox 3234 4722 3352 4777; x_wconf 77' lang='lat' dir='ltr'><strong>linis</strong></span> <span class='ocrx_word' id='word_1_780' title='bbox 3369 4763 3386 4796; x_wconf 86' lang='lat'><strong>,</strong></span> <span class='ocrx_word' id='word_1_781' title='bbox 3409 4722 3547 4779; x_wconf 85' lang='lat' dir='ltr'><strong>utin</strong></span> <span class='ocrx_word' id='word_1_782' title='bbox 3571 4724 3751 4795; x_wconf 86' lang='lat' dir='ltr'><strong>capite</strong></span> <span class='ocrx_word' id='word_1_783' title='bbox 3787 4726 3956 4783; x_wconf 79' lang='lat' dir='ltr'><strong>Inter</strong></span> <span class='ocrx_word' id='word_1_784' title='bbox 3981 4743 4100 4785; x_wconf 85' lang='lat' dir='ltr'><strong>cae-</strong></span> 
     </span>
     <span class='ocr_line' id='line_1_105' title="bbox 2518 4811 4106 4889; baseline -0.001 -15"><span class='ocrx_word' id='word_1_785' title='bbox 2518 4820 2669 4884; x_wconf 86' lang='lat' dir='ltr'><strong>tera,</strong></span> <span class='ocrx_word' id='word_1_786' title='bbox 2703 4815 2770 4874; x_wconf 90' lang='lat' dir='ltr'><strong>de</strong></span> <span class='ocrx_word' id='word_1_787' title='bbox 2797 4813 2946 4872; x_wconf 83' lang='lat' dir='ltr'><strong>offic.</strong></span> <span class='ocrx_word' id='word_1_788' title='bbox 2977 4811 3152 4871; x_wconf 90' lang='lat' dir='ltr'><strong>ordin.</strong></span> <span class='ocrx_word' id='word_1_789' title='bbox 3179 4814 3342 4869; x_wconf 86' lang='lat' dir='ltr'><strong>Inter</strong></span> <span class='ocrx_word' id='word_1_790' title='bbox 3380 4816 3642 4880; x_wconf 81' lang='lat' dir='ltr'><strong>caetera,</strong></span> <span class='ocrx_word' id='word_1_791' title='bbox 3677 4812 3882 4872; x_wconf 86' lang='lat' dir='ltr'><strong>dicitur</strong></span> <span class='ocrx_word' id='word_1_792' title='bbox 3901 4857 3918 4887; x_wconf 88' lang='lat'><strong>,</strong></span> <span class='ocrx_word' id='word_1_793' title='bbox 3963 4831 4106 4889; x_wconf 74' lang='lat' dir='ltr'><strong>quae</strong></span> 
     </span>
     <span class='ocr_line' id='line_1_106' title="bbox 2521 4900 4109 4979; baseline -0.004 -12"><span class='ocrx_word' id='word_1_794' title='bbox 2521 4906 2606 4967; x_wconf 82' lang='lat' dir='ltr'><strong>ad</strong></span> <span class='ocrx_word' id='word_1_795' title='bbox 2639 4905 2897 4965; x_wconf 84' lang='lat' dir='ltr'><strong>salutem</strong></span> <span class='ocrx_word' id='word_1_796' title='bbox 2939 4906 3232 4979; x_wconf 76' lang='lat' dir='ltr'><strong>pertinent</strong></span> <span class='ocrx_word' id='word_1_797' title='bbox 3270 4900 3480 4977; x_wconf 82' lang='lat' dir='ltr'><strong>populi</strong></span> <span class='ocrx_word' id='word_1_798' title='bbox 3527 4904 3845 4963; x_wconf 79' lang='lat' dir='ltr'><strong>christiani</strong></span> <span class='ocrx_word' id='word_1_799' title='bbox 3860 4950 3876 4972; x_wconf 91' lang='lat'><strong>,</strong></span> <span class='ocrx_word' id='word_1_800' title='bbox 3911 4914 4024 4965; x_wconf 89' lang='lat' dir='ltr'><strong>etc.</strong></span> <span class='ocrx_word' id='word_1_801' title='bbox 4061 4912 4109 4961; x_wconf 85' lang='lat' dir='ltr'><strong>et</strong></span> 
     </span>
     <span class='ocr_line' id='line_1_107' title="bbox 2521 4990 4106 5072; baseline -0.003 -16"><span class='ocrx_word' id='word_1_802' title='bbox 2521 5000 2578 5057; x_wconf 91' lang='lat' dir='ltr'><strong>in</strong></span> <span class='ocrx_word' id='word_1_803' title='bbox 2613 5013 2736 5070; x_wconf 87' lang='lat' dir='ltr'><strong>cap.</strong></span> <span class='ocrx_word' id='word_1_804' title='bbox 2775 4996 3127 5072; x_wconf 69' lang='lat' dir='ltr'><strong>Quoniam,g</strong></span> <span class='ocrx_word' id='word_1_805' title='bbox 3155 4991 3286 5049; x_wconf 88' lang='lat' dir='ltr'><strong>dist.</strong></span> <span class='ocrx_word' id='word_1_806' title='bbox 3339 4997 3427 5050; x_wconf 84' lang='lat'><strong>1⁰.</strong></span> <span class='ocrx_word' id='word_1_807' title='bbox 3469 4990 3702 5066; x_wconf 78' lang='lat' dir='ltr'><strong>dicitur,</strong></span> <span class='ocrx_word' id='word_1_808' title='bbox 3751 4996 4106 5067; x_wconf 79' lang='lat' dir='ltr'><strong>imperatores</strong></span> 
     </span>
     <span class='ocr_line' id='line_1_108' title="bbox 2518 5084 4098 5163; baseline -0.004 -17"><span class='ocrx_word' id='word_1_809' title='bbox 2518 5089 2758 5163; x_wconf 79' lang='lat' dir='ltr'><strong>indigere</strong></span> <span class='ocrx_word' id='word_1_810' title='bbox 2783 5084 3134 5143; x_wconf 80' lang='lat' dir='ltr'><strong>Pontificibus</strong></span> <span class='ocrx_word' id='word_1_811' title='bbox 3173 5098 3288 5158; x_wconf 85' lang='lat' dir='ltr'><strong>pro</strong></span> <span class='ocrx_word' id='word_1_812' title='bbox 3313 5086 3563 5141; x_wconf 84' lang='lat' dir='ltr'><strong>aeterna</strong></span> <span class='ocrx_word' id='word_1_813' title='bbox 3585 5087 3730 5152; x_wconf 81' lang='lat' dir='ltr'><strong>vita,</strong></span> <span class='ocrx_word' id='word_1_814' title='bbox 3767 5085 3916 5143; x_wconf 87' lang='lat' dir='ltr'><strong>idem</strong></span> <span class='ocrx_word' id='word_1_815' title='bbox 3957 5088 4012 5144; x_wconf 85' lang='lat' dir='ltr'><strong>in</strong></span> <span class='ocrx_word' id='word_1_816' title='bbox 4051 5104 4098 5143; x_wconf 91' lang='lat' dir='ltr'><strong>c.</strong></span> 
     </span>
     <span class='ocr_line' id='line_1_109' title="bbox 2525 5172 4108 5248; baseline -0.003 -10"><span class='ocrx_word' id='word_1_817' title='bbox 2525 5182 2680 5238; x_wconf 81' lang='lat' dir='ltr'><strong>Cum</strong></span> <span class='ocrx_word' id='word_1_818' title='bbox 2708 5175 2792 5237; x_wconf 84' lang='lat' dir='ltr'><strong>ad</strong></span> <span class='ocrx_word' id='word_1_819' title='bbox 2816 5192 3044 5243; x_wconf 87' lang='lat' dir='ltr'><strong>verum,</strong></span> <span class='ocrx_word' id='word_1_820' title='bbox 3078 5172 3211 5231; x_wconf 89' lang='lat' dir='ltr'><strong>dist.</strong></span> <span class='ocrx_word' id='word_1_821' title='bbox 3252 5176 3346 5233; x_wconf 84' lang='grc'><strong>96.</strong></span> <span class='ocrx_word' id='word_1_822' title='bbox 3393 5174 3463 5230; x_wconf 83' lang='lat' dir='ltr'><strong>Et</strong></span> <span class='ocrx_word' id='word_1_823' title='bbox 3505 5174 3628 5231; x_wconf 89' lang='lat' dir='ltr'><strong>binc</strong></span> <span class='ocrx_word' id='word_1_824' title='bbox 3675 5176 3846 5233; x_wconf 82' lang='lat' dir='ltr'><strong>etiam</strong></span> <span class='ocrx_word' id='word_1_825' title='bbox 3908 5184 4026 5248; x_wconf 88' lang='lat' dir='ltr'><strong>est,</strong></span> <span class='ocrx_word' id='word_1_826' title='bbox 4055 5184 4108 5233; x_wconf 89' lang='lat' dir='ltr'><strong>ut</strong></span> 
     </span>
     <span class='ocr_line' id='line_1_110' title="bbox 2520 5264 4104 5341; baseline -0.003 -14"><span class='ocrx_word' id='word_1_827' title='bbox 2520 5269 2655 5327; x_wconf 89' lang='lat' dir='ltr'><strong>haec</strong></span> <span class='ocrx_word' id='word_1_828' title='bbox 2703 5274 2944 5341; x_wconf 87' lang='lat' dir='ltr'><strong>potestas</strong></span> <span class='ocrx_word' id='word_1_829' title='bbox 2988 5281 3087 5339; x_wconf 89' lang='lat' dir='ltr'><strong>per</strong></span> <span class='ocrx_word' id='word_1_830' title='bbox 3135 5264 3280 5339; x_wconf 80' lang='lat' dir='ltr'><strong>leges</strong></span> <span class='ocrx_word' id='word_1_831' title='bbox 3310 5280 3439 5321; x_wconf 85' lang='lat' dir='ltr'><strong>suas</strong></span> <span class='ocrx_word' id='word_1_832' title='bbox 3467 5266 3836 5338; x_wconf 83' lang='lat' dir='ltr'><strong>principaliter</strong></span> <span class='ocrx_word' id='word_1_833' title='bbox 3879 5267 4104 5326; x_wconf 86' lang='lat' dir='ltr'><strong>intendat</strong></span> 
     </span>
     <span class='ocr_line' id='line_1_111' title="bbox 2524 5358 4102 5435; baseline -0.001 -18"><span class='ocrx_word' id='word_1_834' title='bbox 2524 5360 2826 5417; x_wconf 86' lang='lat' dir='ltr'><strong>animarum</strong></span> <span class='ocrx_word' id='word_1_835' title='bbox 2855 5358 3107 5430; x_wconf 84' lang='lat' dir='ltr'><strong>salutem,</strong></span> <span class='ocrx_word' id='word_1_836' title='bbox 3137 5362 3193 5414; x_wconf 87' lang='lat' dir='ltr'><strong>et</strong></span> <span class='ocrx_word' id='word_1_837' title='bbox 3231 5362 3294 5414; x_wconf 90' lang='lat' dir='ltr'><strong>ut</strong></span> <span class='ocrx_word' id='word_1_838' title='bbox 3339 5362 3564 5429; x_wconf 89' lang='lat' dir='ltr'><strong>peccata</strong></span> <span class='ocrx_word' id='word_1_839' title='bbox 3591 5365 3919 5435; x_wconf 80' lang='lat' dir='ltr'><strong>caveantur,</strong></span> <span class='ocrx_word' id='word_1_840' title='bbox 3953 5368 4015 5419; x_wconf 89' lang='lat' dir='ltr'><strong>ut</strong></span> <span class='ocrx_word' id='word_1_841' title='bbox 4045 5376 4102 5416; x_wconf 81' lang='lat' dir='ltr'><strong>ex</strong></span> 
     </span>
    </p>
   </div>
  </div>
 </body>
</html>
