4325 6267
834 324 958 389 294

754 468 846 527 tali
872 483 1065 541 causa,
1094 470 1159 524 ut
1186 464 1444 523 indicavit
1470 464 1659 524 Glossa
1684 464 1737 522 in
1768 479 1891 538 cap.
1924 466 2086 523 Licet
2116 480 2331 534 canon,

751 558 919 617 verbo
944 559 1303 619 executione,
1336 554 1405 613 de
1430 556 1593 613 elect.
1624 556 1678 612 in
1707 558 1760 613 6.
1791 554 1989 613 Nullus
2012 563 2199 614 autem
2221 571 2342 613 esse

752 656 935 723 potest
960 648 1122 707 iudex
1144 649 1197 703 in
1219 663 1321 703 sua
1340 662 1531 717 causa,
1556 661 1678 719 cap.
1704 650 1866 703 Inter
1888 645 2177 719 querelas,
2211 663 2343 703 cum

750 741 927 800 Gloss.
960 740 1029 797 ibi
1058 743 1151 813 23,
1183 754 1240 811 q.
1270 742 1329 809 4,
1360 753 1462 794 nec
1494 738 1696 811 ligatur
1724 738 1921 812 aliquis
1943 738 2101 795 nisia
2121 738 2339 812 proprio

750 832 952 905 iudice,
983 847 1105 904 cap.
1138 831 1219 887 At
1245 832 1297 886 si
1324 827 1549 901 clerici,
1586 828 1653 885 de
1682 827 1919 895 iudiciis,
1950 836 2008 886 et
2034 829 2155 887 ideo
2185 829 2342 901 legis-

748 924 892 983 lator
918 923 987 980 ad
1016 921 1179 979 talem
1206 935 1440 993 poenam
1476 936 1583 977 non
1616 918 1833 994 ligatur.
1870 919 2095 978 Accedit
2122 919 2340 977 tandem

750 1013 1111 1088 congruentia
1146 1026 1313 1082 supra
1342 1015 1523 1081 tacta,
1553 1011 1682 1082 quia
1708 1026 1879 1082 poena
1910 1026 2017 1066 non
2048 1016 2128 1067 est
2158 1025 2254 1084 per
2282 1026 2341 1066 se

749 1103 973 1173 intenta,
1007 1116 1183 1175 neque
1212 1116 1310 1173 per
1338 1116 1399 1155 se
1428 1099 1735 1156 necessaria
1761 1098 1828 1155 ad
1858 1100 2194 1158 honestatem
2224 1115 2339 1156 mo-

751 1209 899 1265 rum,
930 1199 985 1249 et
1012 1191 1132 1248 ideo
1162 1190 1422 1264 obligatio
1449 1190 1520 1247 ad
1546 1189 1712 1264 illam,
1743 1191 1957 1248 etiamsi
1984 1191 2037 1247 in
2059 1191 2340 1248 eonscien-

749 1284 824 1341 tia
860 1282 1069 1340 oriatur
1094 1286 1354 1353 respectu
1388 1278 1639 1351 aliorum,
1670 1297 1779 1338 non
1808 1287 1894 1338 est
1923 1288 2033 1338 tam
2064 1282 2342 1346 universa·

749 1374 845 1445 lis,
890 1369 1035 1430 sicut
1072 1370 1323 1445 obligatio
1365 1369 1435 1427 ad
1462 1372 1743 1428 materiam
1774 1386 1875 1444 per
1905 1388 1965 1428 se
1994 1372 2259 1429 intentam
2284 1373 2340 1429 in

746 1463 888 1539 lege.

832 1558 917 1613 19.
946 1553 1125 1610 Tertio
1167 1552 1357 1608 instari
1396 1556 1611 1624 potest,
1654 1551 1785 1624 quia
1824 1552 1906 1607 vis
1934 1551 2200 1609 directiva
2227 1553 2339 1609 sive

750 1647 1001 1703 coactiva
1026 1651 1111 1701 est
1142 1641 1297 1698 valde
1325 1642 1535 1697 infirma
1562 1647 1619 1696 et
1641 1640 1918 1714 inefficax,
1943 1648 2167 1715 propter
2189 1642 2338 1715 quod

746 1735 991 1794 nonnulli
1020 1739 1277 1804 censent,
1308 1749 1415 1790 non
1444 1748 1608 1805 posse
1637 1734 1909 1803 separari,
1940 1734 2071 1805 quia
2095 1740 2184 1789 est
2208 1750 2339 1791 con·

748 1832 833 1883 tra
874 1832 1129 1882 naturam
1171 1824 1333 1896 legis3
1378 1821 1465 1879 alii
1502 1837 1632 1877 vero
1661 1830 1909 1895 censent,
1940 1822 2158 1896 quando
2187 1839 2342 1897 sepa-

745 1921 971 1987 rantur,
1004 1914 1138 1972 adeo
1166 1928 1286 1969 esse
1314 1912 1577 1969 infirmam
1607 1928 1800 1984 puram
1830 1914 2090 1973 virtutem
2118 1913 2340 1971 directi-

746 2021 905 2077 vam,
946 2011 1007 2062 ut
1046 2019 1155 2062 non
1192 2001 1432 2060 sufficiat
1458 2002 1525 2059 ad
1557 2000 1935 2075 obligationem
1963 2004 2067 2060 sub
2096 2004 2336 2061 mortali.

748 2095 901 2153 Unde
940 2096 1111 2151 Caiet.
1157 2100 1292 2151 tom.
1324 2096 1382 2151 2.
1427 2106 1625 2163 opusc.
1659 2098 1825 2148 tract.
1858 2096 1954 2162 23,
1986 2108 2041 2166 q.
2073 2098 2141 2166 2,
2174 2110 2340 2167 quem

750 2186 998 2261 sequitur
1026 2186 1192 2243 sotus
1220 2182 1311 2240 lib.
1353 2189 1439 2241 10.
1470 2180 1543 2238 de
1568 2184 1815 2250 iustitia,
1850 2199 1905 2256 q.
1937 2190 1993 2255 5,
2024 2191 2128 2241 art.
2156 2184 2258 2241 ult.
2285 2187 2339 2241 in

749 2279 872 2348 tine,
901 2275 1116 2349 dicunt,
1145 2274 1461 2347 religiosum
1490 2272 1695 2329 sactum
1723 2276 2043 2347 episcopum
2072 2292 2182 2331 uon
2213 2292 2342 2347 pec-

747 2384 877 2425 care
918 2367 1221 2425 mortaliter
1260 2362 1709 2438 transgrediendo
1748 2372 2038 2437 praecepta
2063 2366 2340 2440 religionis

747 2459 1002 2517 distincta
1042 2476 1074 2515 a
1108 2460 1284 2515 tribus
1314 2458 1475 2529 votis,
1506 2456 1636 2513 licet
1662 2456 1793 2514 talia
1820 2459 1947 2531 sint,
1981 2466 2045 2516 ut
2070 2466 2198 2516 ante
2225 2463 2341 2533 epi-

748 2557 1036 2621 scopatum
1061 2547 1303 2621 obligent
1326 2547 1430 2604 sub
1452 2545 1687 2621 mortali,
1704 2555 1761 2604 et
1783 2550 2041 2605 rationem
2074 2550 2334 2625 reddunt,

747 2642 879 2713 quia
926 2640 1219 2711 episcopus
1266 2638 1371 2694 iam
1418 2652 1527 2691 non
1575 2635 1844 2711 obligatur
1880 2638 1984 2694 illis
2029 2643 2337 2713 praeceptis

747 2731 929 2805 quoad
953 2732 1059 2787 vim
1080 2729 1408 2800 coactivam,
1433 2726 1531 2785 sed
1551 2733 1763 2785 tantum
1786 2728 1970 2802 quoad
1990 2728 2328 2805 directivam;

747 2838 880 2895 ergo
918 2820 1063 2877 idem
1102 2817 1397 2876 dicendum
1437 2824 1581 2874 esset
1608 2819 1659 2874 in
1688 2820 1978 2891 praesenti,
2008 2820 2157 2893 quod
2185 2828 2335 2880 esset

746 2912 905 2969 valde
936 2908 1258 2968 absurdum.

822 3008 917 3061 20.
949 2996 1291 3073 Respondeo,
1324 3000 1429 3054 vim
1458 2996 1776 3055 directivam
1803 2996 1939 3071 legis
1966 3014 2089 3055 esse
2116 3016 2338 3073 separa·

748 3093 909 3150 bilem
938 3107 971 3148 a
997 3090 1047 3146 vi
1076 3091 1327 3147 coactiva
1356 3089 1487 3161 legis
1516 3095 1776 3160 respectu
1805 3088 2117 3163 aliquarum
2146 3106 2338 3163 perso-

744 3198 973 3253 narum,
1014 3187 1076 3237 ut
1104 3180 1282 3251 capite
1310 3178 1654 3252 praecedenti
1682 3178 1889 3237 dictum
1914 3186 2000 3236 est
2026 3179 2091 3236 de
2118 3182 2334 3255 legibus

744 3272 991 3329 civilibus
1032 3276 1288 3342 respectu
1331 3268 1691 3339 clericorum,
1722 3276 1780 3327 et
1806 3268 1873 3326 de
1900 3276 2047 3327 statu
2073 3273 2336 3330 innocen-

744 3365 850 3421 tiae
896 3360 1301 3429 universaliter,
1353 3365 1409 3416 et
1456 3359 1805 3432 probabiliter
1850 3359 2016 3433 aliqui
2065 3364 2328 3438 sentiunt,

655 3524 659 3527 ,
744 3453 891 3528 quod
918 3453 1047 3509 licet
1073 3452 1123 3507 in
1154 3467 1244 3522 eo,
1276 3450 1317 3505 si
1348 3450 1620 3518 durasset,
1651 3449 1839 3507 sutura
1860 3451 2089 3507 fuissent
2111 3468 2334 3525 praece·

742 3552 836 3617 pta
866 3544 1101 3600 humana
1128 3540 1437 3615 obligantia,
1468 3555 1577 3596 non
1604 3546 1785 3595 tamen
1812 3542 2063 3614 cogentia
2084 3559 2180 3616 per
2203 3562 2332 3615 poe-

744 3652 864 3707 nas,
906 3634 1053 3690 sicut
1086 3648 1233 3689 nunc
1278 3632 1441 3689 etiam
1481 3645 1642 3701 saepe
1683 3629 1769 3686 lex
1804 3632 2096 3704 praecipit,
2124 3639 2180 3689 et
2205 3651 2333 3692 vere

744 3725 982 3799 obligat,
1026 3724 1152 3781 licet
1192 3722 1396 3779 nullam
1437 3722 1681 3793 imponat
1714 3736 1961 3793 poenam.
1993 3724 2232 3797 Denique
2259 3726 2332 3783 illi

741 3823 903 3873 actus
945 3820 1075 3871 sunt
1096 3856 1112 3882 ,
1154 3819 1217 3870 ut
1244 3816 1321 3869 sic
1350 3812 1556 3881 dicam,
1590 3810 1807 3867 realiter
1836 3810 2109 3886 distincti,
2139 3822 2198 3870 et
2225 3832 2330 3872 non

742 3904 944 3962 habent
990 3906 1133 3960 inter
1182 3918 1240 3960 se
1286 3901 1629 3960 essentialem
1674 3901 2096 3973 connexionem,
2148 3911 2332 3975 potest

740 4011 873 4069 ergo
913 4011 1059 4051 unus
1102 3996 1217 4050 sine
1254 3992 1357 4049 alio
1398 3994 1528 4048 fieri.
1564 3991 1645 4049 Ad
1672 3992 1974 4049 efficaciam
2000 3995 2169 4067 igitur
2197 3995 2329 4068 legis

742 4087 1011 4145 humanae
1030 4085 1160 4141 satis
1180 4078 1287 4155 est,
1306 4090 1370 4141 ut
1390 4084 1711 4157 regulariter
1734 4090 2023 4158 utramque
2046 4087 2151 4142 vim
2176 4102 2329 4143 exer·

738 4184 892 4248 caat,
924 4175 1013 4232 ubi
1054 4173 1303 4247 specialis
1338 4174 1474 4230 ratio
1515 4174 1849 4245 exceptionis
1877 4190 1982 4231 non
2012 4175 2323 4234 intervenit:

739 4268 874 4324 haec
896 4273 1078 4324 autem
1098 4264 1234 4321 ratio
1258 4265 1308 4320 in
1332 4252 1607 4336 praesenti
1628 4264 1911 4319 manifesta
1930 4270 2034 4336 est,
2051 4265 2178 4339 quia
2193 4281 2326 4323 cum

737 4357 1041 4432 legislator,
1084 4354 1171 4411 vel
1207 4354 1549 4425 simpliciter,
1592 4354 1676 4411 vel
1714 4360 1777 4411 ut
1802 4361 2019 4412 exercet
2046 4354 2176 4413 illud
2205 4373 2328 4413 mu-

740 4466 865 4517 nuS,
896 4464 1003 4503 non
1034 4448 1107 4503 sit
1135 4445 1419 4502 subiectus
1447 4444 1570 4517 sibi,
1600 4460 1707 4501 non
1734 4451 1915 4517 potest
1936 4447 2324 4504 convenienter

740 4538 899 4597 subdi
926 4537 1031 4610 legi
1058 4551 1189 4593 suae
1216 4535 1395 4609 quoad
1416 4536 1530 4591 vim
1549 4536 1883 4609 coactivam3
1912 4537 2043 4593 satis
2066 4552 2196 4611 ergo
2217 4542 2321 4609 est,

738 4628 890 4703 quod
927 4626 1075 4699 apud
1111 4629 1283 4683 Deum
1322 4625 1521 4697 possit,
1552 4632 1608 4682 et
1631 4624 1825 4683 debeat
1854 4626 2039 4683 timere
2068 4642 2316 4699 poenam.

738 4718 1096 4776 Nihilominus
1132 4715 1443 4774 addendum
1479 4722 1593 4786 est,
1622 4716 1732 4773 vim
1759 4716 2075 4774 directivam
2104 4734 2324 4789 separa·

738 4818 849 4869 tam
876 4808 1036 4865 etiam
1066 4823 1096 4863 a
1124 4807 1372 4864 coactiva
1400 4822 1563 4879 posse
1590 4806 1852 4863 inducere
1873 4821 2097 4879 gravem
2118 4806 2325 4879 obliga-

740 4902 971 4961 tionem,
1019 4902 1081 4953 ut
1117 4912 1183 4953 ex
1224 4896 1384 4953 dictis
1421 4898 1478 4953 in
1505 4898 1684 4970 capite
1713 4895 2058 4969 praecedenti
2086 4903 2321 4955 constat.

738 4992 807 5047 Et
831 4990 972 5047 ratio
998 4997 1100 5056 est,
1126 4987 1253 5061 quia
1275 4987 1529 5061 obligatio
1554 4988 1875 5061 proveniens
1898 5003 1965 5045 ex
1988 4989 2041 5044 vi
2063 4986 2325 5045 directiva

739 5079 871 5155 legis
893 5096 1001 5138 non
1022 5077 1141 5135 ideo
1162 5077 1343 5151 gravis
1362 5083 1468 5151 est,
1488 5079 1617 5151 quia
1637 5077 1799 5134 habet
1822 5076 2174 5135 coniunctam
2197 5093 2324 5136 coa·

740 5172 1005 5241 ctionem,
1050 5184 1174 5225 nam
1206 5168 1336 5225 baec
1365 5168 1635 5240 posterior
1674 5172 1789 5239 est,
1818 5174 1874 5224 et
1901 5169 2083 5240 potius
2109 5170 2324 5225 coactio

738 5260 920 5335 gravis
945 5259 1207 5332 supponit
1233 5257 1617 5332 obligationem
1642 5273 1885 5334 gravem,
1916 5259 2041 5332 quia
2067 5274 2133 5318 ex
2152 5265 2322 5318 mate-

2215 338 2418 391 Luam
2445 340 2551 391 111.

2410 468 2493 524 ria
2531 474 2587 525 et
2626 484 2706 526 ex·
2732 467 2834 526 fine
2876 468 3009 542 legis
3051 470 3342 543 praecipue
3371 468 3650 542 nascitur3
3681 485 3812 544 ergo
3841 470 3888 527 si
3918 469 4010 529 lex

2409 557 2592 633 quoad
2620 558 2724 616 vim
2755 562 3063 617 coactivam
3088 576 3155 617 ex
3177 565 3327 631 parte
3350 562 3604 618 materiae
3625 565 3680 619 et
3700 562 3818 618 tinis
3841 560 4012 619 habet

2409 648 2691 706 sufficiens
2712 648 3126 707 fundamentum
3149 653 3334 724 gravis
3355 651 3724 726 obligationis,
3747 651 3898 709 illam
3921 652 4005 709 in-

2408 739 2598 811 ducet,
2628 741 2838 798 etiamsi
2859 748 3147 814 separetur
3170 758 3201 798 a
3227 744 3535 801 coactione.
3561 744 3884 816 Exemplum
3902 758 4010 801 au-

2409 838 2520 888 tem
2563 831 2698 888 illud
2724 832 2790 889 de
2821 830 3072 905 religioso
3100 834 3361 907 episcopo
3390 832 3576 907 quoad
3603 836 3886 892 veritatem
3923 835 4005 890 rei

2407 925 2682 980 incertum
2703 929 2820 996 est,
2845 923 2991 996 apud
3012 923 3129 980 illos
3151 932 3338 981 autem
3357 932 3636 997 auctores,
3663 927 3760 999 qui
3782 926 3854 981 ita
3876 941 4004 982 sen-

2407 1014 2573 1085 tiunt,
2604 1014 2675 1070 ibi
2709 1015 2790 1069 vis
2817 1010 3078 1069 directiva
3108 1029 3216 1070 non
3237 1016 3456 1087 proprie
3478 1015 3716 1072 sumitur
3739 1029 3836 1087 pro
3862 1013 4004 1089 legis

2407 1102 2733 1175 obligatione
2752 1143 2768 1176 ,
2802 1103 2898 1160 sed
2932 1104 3110 1159 solum
3150 1119 3249 1175 pro
3277 1102 3512 1178 quadam
3541 1105 3792 1162 decentia
3818 1110 3877 1163 et
3904 1104 4006 1161 bo·

2407 1200 2614 1250 nestate
2645 1192 2858 1250 morali.
2891 1193 2996 1250 Sed
3024 1192 3090 1251 de
3117 1194 3210 1251 illo
3241 1200 3448 1265 puncto
3475 1194 3599 1251 alibi
3628 1194 3812 1251 latius.

2483 1287 2578 1342 21.
2609 1283 2806 1342 Ultima
2829 1283 3058 1341 obiectio
3078 1284 3191 1341 fieri
3211 1292 3407 1357 potest,
3434 1287 3564 1359 quia
3583 1287 3840 1357 princeps
3863 1286 4004 1343 obli-

2407 1379 2574 1444 gatur
2601 1374 2856 1442 civiliter3
2887 1389 3019 1447 ergo
3049 1380 3230 1445 potest
3253 1374 3412 1431 etiam
3434 1375 3668 1451 civiliter
3695 1376 3995 1449 cogi;.nam

2407 1463 2543 1520 haec
2570 1470 2657 1520 est
2682 1463 2928 1521 efficacia
2961 1463 3300 1537 obligationis
3330 1465 3521 1538 civilis,
3551 1482 3684 1539 ergo
3713 1468 3872 1524 etiam
3899 1484 4002 1539 po-

2408 1555 2537 1611 terit
2563 1554 2631 1611 ad
2652 1568 2881 1626 poenam
2913 1555 3060 1629 cogi.
3091 1554 3436 1613 Antecedens
3459 1562 3612 1629 patet
3634 1572 3701 1615 ex
3722 1560 3892 1630 priori
3913 1574 4006 1615 as-

2409 1644 2675 1717 sertione3
2707 1660 2832 1701 nam
2861 1648 3117 1717 princeps
3145 1644 3420 1719 obligatur
3447 1647 3562 1703 suis
3592 1647 3799 1721 legibus
3827 1650 4003 1706 civili-

2407 1734 2532 1791 bus:
2568 1735 2824 1809 obligatio
2848 1742 3030 1792 autem
3059 1734 3238 1791 civilis
3264 1744 3372 1810 est,
3397 1752 3539 1811 quae
3567 1741 3812 1811 provenit
3835 1755 3901 1797 ex
3922 1739 4004 1797 le-

2407 1840 2475 1897 ge
2504 1823 2643 1881 civili
2672 1829 2698 1899 g
2732 1829 2780 1882 1.
2813 1825 2990 1881 Instit.
3023 1824 3090 1881 de
3111 1826 3477 1897 exceptionib.
3501 1828 3664 1885 Circa
3685 1829 3826 1886 banc
3855 1828 4001 1885 diffi-

2409 1915 2673 1973 cultatem
2699 1915 2994 1987 iurisperiti
3023 1916 3161 1972 inter
3188 1932 3246 1973 se
3267 1916 3631 1991 contendunt,
3649 1934 3717 1975 an
3737 1920 3998 1992 princeps

2409 2005 2683 2079 obligetur
2713 2004 2944 2063 civiliter
2972 2005 3182 2062 ratione
3213 2021 3346 2062 suae
3368 2007 3522 2081 legis.
3551 2008 3750 2065 Decius
3778 2010 4000 2066 enimin

2409 2095 2546 2154 dict.
2567 2112 2691 2167 cap.
2711 2098 2931 2163 Saitae,
2957 2094 3120 2151 etalii
3141 2102 3366 2167 propter
3385 2104 3767 2171 argumentum
3787 2098 3998 2156 sactum

2407 2185 2464 2243 id
2494 2194 2723 2259 negant,
2755 2193 2918 2261 atque
2957 2185 3030 2242 ita
3068 2185 3228 2243 facile
3269 2186 3566 2259 expediunt
3609 2188 3998 2245 obiectionem.

2407 2276 2630 2336 Felinus
2658 2284 2841 2334 autem
2869 2276 2940 2333 ibi
2967 2292 3120 2333 num.
3155 2282 3220 2348 3,
3258 2277 3390 2333 etin
3431 2294 3553 2349 cap.
3586 2277 3883 2347 Ecclesia,
3905 2278 4000 2336 .de

2408 2368 2628 2425 constit.
2663 2383 2792 2425 cum
2821 2366 3009 2435 Baldo,
3040 2374 3098 2424 et
3118 2365 3232 2423 aliis
3256 2366 3511 2437 affirmat:
3538 2370 3634 2441 qui
3656 2383 3998 2441 consequen-

2407 2464 2492 2515 ter
2517 2458 2732 2531 negabit
2760 2455 2825 2513 ad
2855 2455 3066 2512 civilem
3096 2454 3472 2529 obligationem
3501 2459 3656 2531 sequi
3684 2460 3996 2515 necessario

2409 2550 2773 2620 coactionem3
2795 2562 2918 2603 nam
2945 2547 3177 2618 ipsamet
3198 2548 3372 2604 civilis
3393 2548 3645 2621 obligatio
3668 2555 3996 2621 potestesse

2407 2644 2628 2695 tantum
2657 2637 2938 2693 directiva.
2971 2637 3040 2693 Et
3068 2636 3201 2693 haec
3231 2638 3492 2694 sententia
3513 2637 3644 2694 mihi
3664 2637 3844 2713 placet
3865 2640 3996 2695 sim-

2407 2730 2653 2801 pliciter,
2683 2727 2935 2801 quamvis
2964 2729 3142 2800 possit
3165 2743 3286 2783 esse
3315 2728 3693 2801 aequivocatio
3715 2730 3768 2785 in
3791 2729 3988 2785 verbis.

2405 2818 2488 2876 Ad
2517 2834 2682 2891 quam
2713 2816 3008 2873 tollendam
3033 2816 3282 2889 adverto,
3317 2817 3464 2891 quod
3494 2817 3750 2890 obligatio
3777 2821 3832 2875 in
3859 2835 3995 2876 con-

2407 2910 2641 2967 scientia
2667 2910 2853 2964 vocari
2880 2912 3063 2980 potest
3087 2907 3363 2965 interdum
3393 2907 3583 2981 civilis,
3609 2910 3734 2983 quia
3757 2926 3866 2967 non
3887 2911 3996 2967 ori·

2405 3006 2497 3057 tur
2523 3015 2592 3055 ex
2621 2997 2734 3055 sola
2762 2998 2878 3070 lege
2907 2998 3162 3067 naturali,
3181 2997 3275 3054 sed
3296 3014 3362 3055 ex
3392 2998 3506 3072 lege
3535 2999 3682 3055 civili
3708 2999 3990 3072 adiuncta,

2407 3098 2471 3147 ut
2497 3106 2550 3146 v.
2579 3106 2634 3163 g.
2661 3090 2707 3145 si
2729 3104 2794 3145 ex
2816 3093 3108 3144 contractu
3131 3104 3262 3144 cum
3286 3088 3478 3145 minori
3499 3086 3649 3145 sacto
3669 3104 3777 3146 non
3799 3092 3992 3163 acqui-

2406 3180 2551 3237 ritur
2577 3178 2873 3238 dominium
2901 3178 3108 3234 ratione
3143 3176 3273 3250 legis
3305 3177 3503 3247 civilis,
3537 3184 3751 3235 tenetur
3779 3179 3904 3252 quis
3932 3180 3988 3236 in

2405 3270 2744 3328 conscientia
2785 3284 2902 3325 rem
2940 3269 3262 3341 restituere,
3310 3266 3398 3324 illa
3433 3282 3564 3325 vero
3593 3268 3850 3342 obligatio
3879 3286 3990 3325 non

2401 3367 2488 3418 est
2515 3377 2582 3418 ex
2613 3360 2728 3418 sola
2759 3366 2955 3416 natura
2983 3358 3090 3429 rei,
3121 3357 3218 3414 sed
3246 3373 3312 3415 ex
3337 3357 3478 3415 civili
3507 3357 3624 3432 lege
3644 3400 3659 3430 ,
3689 3365 3747 3417 et
3770 3358 3895 3415 ideo
3913 3360 3994 3415 ci-

2403 3451 2529 3507 vilis
2557 3448 2663 3507 dici
2694 3454 2907 3521 potest,
2940 3446 3082 3504 idem
3109 3447 3288 3505 videre
3321 3447 3518 3503 licetin
3547 3450 3990 3521 praescriptioni-

2401 3541 2505 3598 bus
2529 3584 2543 3612 ,
2575 3547 2630 3598 et
2669 3538 2950 3595 similibus,
2997 3537 3114 3593 Alio
3157 3536 3320 3597 modo
3359 3536 3465 3595 dici
3503 3544 3686 3610 potest
3727 3538 3986 3611 obligatio

2403 3630 2609 3699 civilis,
2640 3645 2704 3687 ex
2735 3644 2844 3702 qua
2873 3628 3051 3685 oritur
3079 3626 3221 3684 actio
3247 3627 3302 3681 in
3331 3626 3475 3683 civili
3501 3626 3710 3684 iudicio
3737 3668 3752 3699 ,
3793 3634 3860 3684 ut
3887 3628 3985 3685 de-

2402 3722 2544 3779 bitor
2573 3728 2808 3794 cogatur
2838 3717 3050 3774 solvere
3077 3714 3495 3789 obligationem,
3524 3715 3799 3789 quomodo
3819 3732 3986 3789 saepe

2402 3813 2597 3870 dicunt
2621 3810 2867 3881 iuristae,
2897 3824 2962 3865 ex
2983 3807 3251 3880 aliquibus
3273 3806 3730 3879 stipulationibus,
3759 3808 3842 3864 vel
3864 3808 3984 3863 aliis

2401 3900 2774 3960 contractibus
2813 3898 2941 3955 oriri
2968 3897 3347 3970 obligationem
3389 3895 3737 3971 naturalem,
3776 3903 3832 3954 et
3868 3913 3983 3955 non

2399 3992 2635 4049 civilem.
2977 4030 2982 4035 -

2474 4079 2646 4139 Priori
2683 4094 2814 4153 ergo
2853 4077 3018 4135 modo
3063 4078 3179 4133 sine
3219 4076 3384 4134 dubio
3427 4076 3676 4149 princeps
3708 4077 3982 4153 obligatur

2397 4171 2643 4241 civiliter,
2667 4171 2803 4245 quia
2827 4174 3043 4227 tenetur
3063 4168 3116 4223 in
3139 4167 3472 4224 conscientia
3492 4174 3636 4223 stare
3657 4170 3980 4226 contractui

2397 4260 2614 4318 habenti
2642 4260 2780 4315 vires
2807 4264 2864 4314 et
2891 4257 3122 4313 valorem
3152 4272 3220 4313 ex
3249 4256 3578 4314 adminiculo
3611 4257 3743 4313 iuris
3781 4258 3975 4317 civilis:

2397 4350 2541 4407 unde
2570 4364 2676 4405 non
2709 4354 2890 4421 potest
2917 4345 2984 4403 ab
3012 4345 3114 4403 alio
3143 4346 3357 4403 auferre
3394 4360 3509 4403 rem
3547 4346 3783 4419 legitime
3821 4364 3980 4421 prae-

2397 4442 2664 4514 scriptam
2691 4444 2886 4495 contra
2914 4440 3208 4510 ipsummet
3234 4439 3385 4493 iuxta
3425 4439 3510 4493 ius
3539 4438 3728 4509 civile,
3758 4440 3977 4497 etiamsi

2396 4540 2554 4590 antea
2590 4530 2785 4587 suisset
2812 4528 3096 4601 ipsiusmet
3119 4528 3400 4601 principis,
3433 4528 3502 4584 Et
3526 4528 3664 4584 ratio
3691 4535 3807 4601 est,
3849 4530 3978 4603 quia

2395 4628 2576 4679 totum
2615 4620 2719 4676 boc
2762 4620 3006 4675 nascitur
3044 4634 3108 4675 ex
3151 4618 3202 4673 vi
3243 4616 3506 4675 directiva
3545 4616 3715 4691 legis,
3753 4620 3974 4692 quaein

2393 4714 2572 4785 ipsum
2605 4709 2900 4784 principem
2929 4706 3107 4779 cadit,
3139 4712 3204 4763 ut
3237 4705 3448 4765 dictum
3476 4713 3578 4763 est.
3626 4710 3694 4764 At
3733 4723 3862 4765 vero
3900 4707 3980 4765 lo-

2395 4801 2612 4877 quendo
2640 4800 2922 4874 posteriori
2953 4796 3150 4871 modo,
3181 4795 3724 4870 subdistinguendum
3747 4797 3875 4855 mihi
3899 4799 3978 4855 vi·

2394 4894 2586 4965 detur,
2617 4908 2742 4949 nam
2770 4889 2814 4947 si
2841 4890 2986 4947 actio
3017 4890 3068 4945 in
3095 4887 3326 4945 iudicio.
3349 4887 3534 4944 tendat
3559 4886 3628 4943 ad
3662 4888 3974 4961 cogendum

2391 4999 2519 5041 vere
2546 4982 2871 5048 debitorem,
2903 4982 2984 5036 sic
3007 4978 3122 5036 dari
3155 4994 3262 5036 non
3299 4984 3480 5051 potest
3517 4976 3780 5035 adversus
3821 4980 3975 5052 prin-

2393 5076 2604 5148 cipem,
2637 5081 2693 5130 et
2729 5072 2808 5129 sic
2849 5070 2955 5129 dici
2995 5076 3176 5143 potest
3216 5084 3322 5125 non
3365 5068 3591 5142 obligari
3633 5068 3883 5127 civiliter.
3917 5072 3973 5127 Si

2391 5181 2522 5223 vero
2551 5163 2737 5222 tendat
2765 5162 2974 5234 solum,
3007 5168 3068 5218 ut
3091 5176 3188 5233 per
3213 5159 3411 5217 iudicis
3437 5161 3759 5217 sententiam
3788 5160 3974 5219 decla·

2391 5264 2549 5315 retur
2575 5257 2663 5313 ius
2686 5252 2998 5312 creditionis
3024 5250 3289 5308 adversus
3311 5252 3632 5325 principem,
3657 5257 3722 5308 ut
3745 5251 3972 5309 iuridice
