4325 6267
831 371 953 435 218

2185 379 2385 428 namt
2412 377 2516 428 tlt.

751 531 845 572 ore
887 515 1126 586 prolata,
1161 512 1244 570 vel
1285 527 1478 569 eorum
1522 510 1843 567 auctoritate
1881 509 2117 580 scripta,
2147 513 2207 562 et
2232 507 2340 562 imo
2408 505 2794 578 impossibilis,
2826 513 2881 564 et
2918 523 2983 564 ex
3024 503 3297 564 accidenti
3338 512 3515 580 potest
3544 505 3593 564 in
3625 503 3807 564 multis
3836 505 4005 579 impe-

751 603 878 660 licet
917 607 987 661 sit
1017 605 1158 680 typis
1193 601 1484 673 mandata,
1515 600 1757 656 nondum
1785 606 1872 656 est
1897 597 2014 671 lex,
2045 596 2221 654 donec
2249 597 2343 654 ali-

2414 597 2547 668 diri3
2582 597 2666 654 lex
2695 605 2878 654 autem
2920 598 3232 654 considerat
3265 613 3359 670 ea,
3390 614 3531 672 quae
3559 604 3688 654 sunt
3716 613 3810 671 per
3838 613 3919 666 se,
3952 603 4009 652 et

747 709 858 766 quo
888 693 992 750 alio
1022 691 1186 776 modo
1216 690 1433 764 publico
1457 691 1527 747 sit
1555 688 1936 748 communitati
1967 686 2267 760 proposita,
2291 689 2345 740 et
2414 701 2557 759 quae
2598 687 2876 744 moraliter
2914 687 3227 760 sufficiunt3
3266 695 3323 745 et
3351 685 3467 744 ideo
3508 688 3636 744 licet
3662 686 4007 760 particularis

749 783 890 841 banc
913 799 1178 840 vocamus
1207 781 1717 854 promulgationem.
1735 781 1938 836 sivero
1957 776 2211 834 solemnis
2231 774 2343 833 edi-

744 875 820 929 tio
851 873 980 948 legis
1009 873 1078 928 sit
1105 873 1156 928 in
1185 878 1492 944 conspectu
1524 872 1685 927 totius
1719 869 1935 943 populi,
1960 874 2023 925 ut
2044 867 2337 925 Panormit.

701 1007 708 1016 .
745 963 892 1037 loqui
923 963 1158 1032 videtur3
1204 968 1342 1020 tunc
1372 961 1630 1019 solemnis
1658 961 1821 1018 editio
1843 958 2072 1017 includit
2099 955 2342 1030 promul-

745 1053 1014 1126 gationem
1032 1095 1046 1124 ,
1077 1054 1460 1126 immeritoque
1486 1051 1922 1124 distinguuntur.
1945 1051 2233 1122 Nunquam
2250 1061 2342 1103 er-

743 1159 811 1215 go
851 1143 1014 1200 editio
1055 1142 1184 1216 legis
1226 1142 1387 1199 habet
1443 1141 1838 1198 solemnitatem
1876 1141 2200 1214 requisitam
2227 1137 2340 1192 sine

745 1235 1212 1308 promulgatione,
1245 1248 1420 1306 neque
1447 1249 1476 1288 e
1505 1247 1774 1289 converso
1815 1229 2188 1303 promulgatio
2216 1241 2337 1284 esse

745 1331 926 1396 potest
965 1324 1078 1380 sine
1119 1325 1342 1380 solemni
1381 1322 1648 1385 editione.
1693 1321 1818 1395 quia
1862 1320 1947 1377 vel
1986 1334 2116 1375 cum
2140 1318 2231 1375 illa
2258 1317 2335 1390 tit,

747 1414 830 1471 vel
869 1422 1018 1471 certe
1057 1413 1286 1488 additur⁸
1315 1412 1532 1470 editioni
1571 1412 1703 1486 legis
1742 1411 1892 1483 prins
1929 1411 2136 1481 sactae,
2166 1415 2225 1465 et
2250 1424 2337 1464 so-

745 1504 999 1561 lemnizat
1022 1504 1188 1577 illam,
1221 1511 1282 1559 ut
1309 1503 1385 1559 sic
1415 1503 1612 1559 dicam.
1639 1503 1706 1558 Et
1734 1502 1854 1558 ideo
1883 1501 1974 1557 ubi
2004 1499 2094 1557 illa
2119 1498 2231 1556 duo
2260 1497 2339 1554 di-

743 1595 1133 1668 stinguuntur,
1171 1600 1229 1650 et
1272 1592 1502 1650 diversis
1545 1591 1852 1649 actionibus
1893 1607 1958 1647 ac
2001 1588 2336 1662 temporibus

743 1686 908 1756 fiunt,
955 1700 1179 1741 necesse
1219 1689 1335 1754 est,
1383 1692 1445 1740 ut
1485 1690 1783 1755 utrumque
1812 1687 2131 1738 concurrat.
2165 1679 2236 1736 Et
2262 1681 2338 1735 ita

743 1777 910 1831 sentit
929 1774 1277 1833 Innocentius
1298 1769 1446 1830 'dicto
1469 1787 1596 1845 cap.
1634 1776 1694 1845 1,
1718 1787 1870 1827 num.
1900 1775 1957 1842 6,
1980 1777 2040 1826 et
2057 1769 2329 1826 Hostiens.

745 1881 897 1921 num.
923 1869 1018 1923 21.
1043 1869 1214 1937 εῑ22,
1236 1862 1422 1935 etalii,
1447 1863 1542 1937 qui
1563 1863 1874 1934 copulative
1895 1860 2203 1934 intelligunt
2221 1868 2335 1918 tex

743 1963 861 2012 tum
901 1955 1080 2028 illum,
1125 1970 1223 2011 nos
1265 1960 1448 2010 autem
1491 1959 1790 2026 utrumque
1827 1950 1931 2009 sub
1961 1952 2180 2008 nomine
2208 1966 2335 2024 pro·

746 2043 1098 2118 mulgationis
1126 2043 1210 2102 vel
1241 2044 1498 2102 solemnis
1527 2044 1772 2101 editionis
1795 2041 2329 2115 comprehendimus.

751 2175 758 2184 .
825 2140 880 2192 3.
913 2138 984 2194 Ut
1009 2142 1191 2192 autem
1219 2134 1482 2207 explicem
1505 2134 1738 2207 clarius,
1764 2133 1942 2208 qualis
1971 2132 2333 2207 promulgatio

751 2226 1020 2299 sufficiat,
1053 2240 1119 2282 ac
1155 2227 1463 2282 necessaria
1491 2226 1593 2298 sit,
1621 2224 1899 2298 distinguo
1929 2225 2064 2282 inter
2092 2222 2336 2297 promul-

745 2317 1013 2389 gationem
1033 2325 1088 2373 et
1109 2315 1530 2390 divulgationem
1554 2317 1707 2388 legis.
1727 2315 2222 2390 promulgationem
2243 2329 2338 2386 ap-

742 2406 884 2480 pello
923 2406 1070 2463 illam
1111 2406 1386 2479 publicam
1425 2407 1881 2478 propositionem,
1912 2421 2014 2462 seu
2040 2405 2337 2463 denuncia-

741 2498 943 2552 tionem
985 2496 1147 2570 legis,
1192 2512 1332 2569 quae
1373 2497 1430 2552 tit
1458 2503 1556 2553 aut
1583 2511 1719 2552 voce
1747 2495 2064 2568 praeconis,
2095 2501 2195 2551 aut
2220 2493 2338 2550 affi-

746 2585 923 2659 gendo
967 2586 1140 2659 legem
1181 2587 1441 2659 scriptam
1479 2586 1532 2642 in
1574 2586 1794 2658 publico
1825 2585 1984 2656 loco,
2015 2593 2112 2643 aut
2137 2584 2242 2641 alio
2270 2587 2340 2642 si·

741 2679 852 2734 mili
894 2678 1076 2734 modo.
1107 2677 1538 2750 Divulgationem
1575 2684 1758 2734 antem
1787 2677 1999 2750 appello
2028 2675 2339 2748 applicatio-

740 2784 865 2825 nem
903 2768 1045 2825 illius
1089 2769 1293 2840 primae
1335 2767 1782 2840 promulgationis
1823 2768 1894 2824 ad
1936 2767 2224 2841 notitiam,
2257 2766 2339 2824 vel

742 2875 905 2916 aures
946 2857 1298 2916 subditorum
1344 2858 1683 2929 absentium,
1727 2859 1822 2932 qui
1861 2865 1958 2917 aut
1997 2858 2215 2931 legere,
2244 2864 2342 2915 aut

743 2950 928 3008 audire
953 2952 1182 3023 primam
1205 2949 1354 3006 illam
1375 2937 1867 3022 promulgationem
1885 2965 1996 3005 non
2014 2954 2337 3020 potuerunt3

745 3049 1042 3114 utrumque
1065 3057 1196 3114 ergo
1217 3039 1606 3114 explicandum
1627 3047 1872 3124 estztnam
1894 3056 1954 3098 re
1975 3055 2106 3098 vera
2123 3047 2340 3097 utrum·

741 3148 848 3206 que
869 3138 1052 3205 potest
1069 3147 1190 3189 esse
1213 3132 1396 3206 aliquo
1423 3131 1587 3190 modo
1607 3133 1976 3190 necessarium
1994 3173 2010 3205 ,
2035 3133 2166 3190 etin
2191 3139 2342 3190 utro·

742 3237 851 3295 que
889 3229 1104 3294 oportet
1145 3221 1360 3296 aliquos
1385 3222 1601 3280 dicendi
1629 3223 1824 3281 modos
1851 3230 2091 3281 extreme
2119 3228 2341 3281 contra·

742 3315 851 3370 rios
879 3327 1094 3370 cavere.

817 3408 872 3461 4.
905 3405 1036 3461 Dico
1065 3404 1235 3477 igitur
1267 3405 1482 3475 primo:
1513 3393 1594 3462 Ex
1622 3398 1818 3461 natura
1844 3403 1926 3460 rei
1951 3417 2058 3460 non
2087 3407 2174 3460 est
2199 3401 2343 3474 posi·

745 3495 852 3552 tive
901 3493 1260 3551 determinata
1298 3501 1454 3552 certa
1504 3493 1812 3552 solemnitas
1851 3492 1936 3549 vel
1975 3491 2341 3566 promulgatio

743 3585 991 3659 publica,
1017 3585 1108 3642 sed
1140 3585 1308 3642 haec
1296 3602 1344 3640 tn
1369 3584 1580 3658 legibus
1605 3585 1856 3642 civilibus
1878 3599 1946 3642 ex
1968 3583 2202 3656 ipsomet
2222 3585 2340 3640 iure

747 3676 921 3750 civili,
949 3676 1033 3733 vel
1067 3692 1132 3733 ex
1165 3683 1390 3748 recepta
1409 3677 1841 3750 consuetudine,
1865 3677 1948 3734 vel
1972 3693 2038 3734 ex
2059 3676 2343 3734 voluntate

743 3781 1000 3839 expressa
1039 3765 1363 3840 legislatoris
1405 3765 1816 3828 determinanda
1855 3774 1960 3825 est.
1995 3767 2179 3825 Prima
2215 3783 2340 3840 pars

745 3875 842 3940 per
873 3874 930 3914 se
959 3864 1088 3914 nota
1119 3857 1355 3928 videtur,
1384 3857 1510 3930 quia
1539 3873 1606 3914 ex
1635 3858 1753 3916 iure
1782 3865 2010 3916 naturae
2039 3857 2219 3916 solum
2250 3859 2344 3916 ha·

745 3950 938 4006 bemus
966 3948 1115 4022 quod
1145 3948 1412 4005 hactenus
1440 3947 1702 4021 diximus,
1727 3947 1902 4022 legem
1923 3949 2219 4006 humanam
2249 3932 2343 4007 de-

743 4039 874 4097 bere
902 4055 1022 4096 esse
1051 4040 1436 4096 communitati
1465 4040 1802 4097 sufficienter
1831 4041 2195 4113 propositam,
2225 4055 2345 4096 mo—

746 4130 850 4187 dus
891 4135 1070 4187 autem
1112 4130 1273 4186 huius
1304 4129 1664 4188 sufficientiae
1696 4147 1805 4188 non
1833 4137 1919 4187 est
1945 4146 2011 4188 ex
2041 4139 2233 4186 natura
2266 4131 2343 4186 rei

747 4222 1026 4294 definitus3
1060 4236 1191 4292 ergo
1229 4219 1608 4276 determinatio
1639 4222 1759 4276 eius
1787 4237 1894 4277 non
1926 4227 2106 4292 potest
2132 4235 2197 4277 ex
2230 4218 2345 4276 sola

746 4310 952 4369 ratione
973 4309 1202 4366 naturali
1226 4309 1590 4366 determinari.
1606 4308 1801 4367 Addidi
1825 4320 2032 4383 autem,
2048 4326 2153 4366 non
2179 4325 2339 4382 posse

745 4401 972 4472 positive
1001 4398 1374 4469 determinari,
1405 4388 1534 4472 quia
1559 4401 1812 4474 negative
1839 4399 2043 4474 aliquid
2065 4398 2342 4474 designari

653 4565 660 4570 ὁ
747 4498 928 4564 potest
953 4492 1004 4547 in
1035 4490 1387 4564 particulari,
1418 4490 1564 4564 quod
1593 4490 1662 4548 ad
1688 4491 2181 4564 promulgationem
2211 4485 2343 4564 legis

749 4575 1118 4638 necessarium
1148 4598 1252 4638 non
1282 4584 1385 4655 sit,
1416 4589 1480 4639 ut
1504 4599 1558 4639 v.
1591 4599 1645 4656 g.
1678 4581 1824 4656 quod
1855 4583 2082 4656 singulis
2113 4580 2342 4638 subditis

749 4674 804 4728 in
836 4672 1145 4743 particulari
1169 4675 1481 4745 intimetur,
1506 4673 1882 4731 necessarium
1906 4689 2011 4730 non
2033 4679 2137 4744 est,
2163 4680 2229 4730 ut
2250 4688 2343 4730 ex-

751 4779 937 4836 presse
978 4763 1177 4820 dicitur
1215 4765 1268 4820 in
1310 4779 1432 4837 cap.
1467 4769 1514 4822 1.
1547 4761 1619 4820 de
1637 4763 1926 4839 postulat.
1951 4762 2219 4838 praelat.
2251 4763 2345 4820 ubi

751 4869 940 4909 omnes
972 4852 1022 4910 id
1051 4860 1242 4910 notant
1268 4869 1372 4910 non
1405 4861 1662 4928 tanquam
1692 4855 1744 4910 in
1765 4853 1882 4910 iure
1907 4860 2126 4911 tantum
2154 4854 2348 4926 positi-

753 4961 821 5001 vo
853 4944 1287 5016 praescriptum,
1321 4943 1414 5000 sed
1444 4951 1504 5000 ut
1541 4961 1606 5001 ex
1635 4950 1830 5002 natura
1859 4946 1936 5001 rei
1975 4959 2338 5018 consequens,

755 5042 871 5091 tum
901 5035 1030 5106 quia
1057 5034 1140 5090 lex
1169 5048 1264 5105 per
1295 5049 1352 5089 se
1380 5036 1606 5106 respicit
1635 5035 2115 5108 communitatem,
2139 5043 2197 5092 et
2222 5035 2343 5092 ideo

751 5130 1004 5197 respectu
1023 5124 1166 5180 illius
1195 5123 1505 5195 postulatur
1521 5121 1832 5183 necessaria
1852 5125 2218 5200 promulgatio
2239 5141 2345 5183 non

755 5223 1014 5288 respectu
1045 5215 1417 5290 singulorum3
1448 5222 1563 5273 tum
1593 5219 1758 5275 etiam
1786 5219 1917 5291 quia
1945 5216 2032 5274 illa
2063 5215 2195 5288 legis
2223 5216 2345 5272 inti-

755 5308 921 5366 matio
951 5306 1292 5380 particularis
1314 5305 1382 5364 ad
1409 5306 1652 5384 singula-s
1672 5324 1936 5381 personas
1957 5315 2044 5366 est
2064 5309 2345 5365 moraliter

2414 779 2601 834 notitia
2628 777 2711 850 vel
2743 777 3052 852 ignorantia
3079 778 3214 852 legis
3244 779 3413 851 possit
3439 779 3639 852 requiri
3677 777 3746 835 ad
3775 792 4007 835 accusa-

2413 867 2609 924 tionem
2661 868 2747 924 vel
2788 870 3197 926 excusationem
3237 870 3677 942 uniuscuiusque
3718 883 4002 942 personae,

2410 957 2756 1015 nihilominus
2798 958 3077 1016 sufficiens
3117 959 3481 1032 promulgatio
3524 959 3653 1031 legis
3694 975 3758 1014 ex
3790 957 3873 1014 his
3900 958 4008 1014 cir·

2408 1049 2754 1105 cumstantiis
2782 1065 2889 1106 non
2920 1050 3135 1121 pendet.
3162 1051 3250 1107 Sic
3278 1065 3411 1122 ergo
3439 1049 3623 1124 quoad
3646 1048 3883 1122 aliquam
3908 1063 4003 1105 ne·

2407 1139 2675 1212 gationem
2719 1138 2879 1203 habet
2917 1141 3422 1199 determinationem
3463 1139 3598 1197 haec
3628 1139 4000 1212 promulgatio

2406 1226 2539 1300 legis
2562 1271 2577 1300 ,
2610 1229 2823 1287 scilicet
2862 1236 2927 1288 ut
2962 1231 3230 1306 generalis
3260 1231 3357 1298 sit,
3389 1235 3446 1287 et
3472 1229 3631 1287 modo
3660 1229 3881 1301 publico
3910 1231 4002 1284 fiat

2406 1320 2612 1394 absque
2642 1323 2851 1393 privata
2877 1323 3239 1379 intimatione:
3273 1320 3457 1396 quoad
3482 1319 3634 1377 illum
3667 1327 3853 1377 autem
3882 1335 4003 1375 mo-

2406 1410 2535 1468 dum
2559 1413 2845 1485 publicum
2868 1430 2975 1471 non
2998 1413 3161 1471 habet
3180 1413 3465 1487 positivam
3486 1410 3999 1470 determinationem

2405 1500 2541 1559 haec
2570 1503 2937 1578 promulgatio
2964 1518 3029 1560 ex
3059 1503 3175 1560 sola
3202 1503 3281 1560 rei
3308 1508 3523 1560 natura.

2481 1591 2631 1650 Unde
2652 1593 2809 1649 facile
2838 1593 3176 1666 colliguntur
3204 1593 3337 1649 aliae
3366 1597 3581 1665 partes3
3609 1591 3736 1664 quia
3758 1589 3824 1646 de
3846 1589 3993 1646 tacto

2404 1697 2620 1754 semper
2648 1683 3019 1740 necessarium
3040 1690 3155 1755 est,
3185 1691 3247 1740 ut
3268 1683 3400 1740 haec
3426 1681 3789 1755 promulgatio
3811 1679 3993 1737 deter-

2404 1775 2607 1830 minato
2635 1766 2797 1830 modo
2824 1778 2942 1847 fiat,
2969 1775 3064 1848 qui
3084 1773 3153 1832 ad
3181 1774 3353 1848 legem
3374 1770 3812 1830 constituendam
3835 1779 3893 1828 et
3914 1787 3999 1828 re·

2404 1863 2687 1939 quiratur,
2712 1870 2770 1921 et
2790 1863 3024 1921 sufficiat
3044 1885 3063 1936 ·,
3087 1864 3218 1924 alias
3242 1879 3525 1938 nunquam
3548 1867 3735 1936 posset
3756 1860 4003 1919 subditos

2404 1955 2955 2032 constare„quando
2996 1951 3082 2012 lex
3108 1955 3179 2013 sit
3205 1954 3539 2012 sufficienter
3568 1955 3898 2025 constituta,
3931 1953 4003 2010 ita

2404 2051 2468 2102 ut
2494 2045 2724 2120 obliget:
2770 2063 2903 2121 ergo
2944 2062 3075 2104 cum
3118 2045 3223 2103 hoc
3260 2061 3365 2103 non
3394 2045 3463 2102 sit
3488 2061 3553 2103 ex
3582 2051 3777 2102 natura
3804 2044 3883 2102 rei
3912 2042 4005 2100 de-

2406 2137 2793 2211 terminatum,
2828 2143 3080 2210 oportet,
3112 2152 3209 2209 per
3236 2135 3508 2193 hominem
3546 2141 3874 2209 potestatem
3904 2133 4002 2190 ha-

2402 2226 2633 2304 bentem,
2658 2228 2948 2298 constitui,
2991 2241 3125 2301 ergo
3166 2225 3347 2300 quoad
3376 2227 3525 2300 leges
3551 2226 3740 2283 civiles
3776 2225 4005 2283 maxime

2405 2316 2461 2375 id
2504 2318 2619 2374 fieri
2648 2321 2833 2389 potest
2856 2333 2954 2390 per
2982 2318 3069 2374 ius
3096 2316 3283 2390 civile,
3314 2317 3464 2374 iuxta
3490 2315 3637 2390 quod
3666 2317 3778 2373 fieri
3804 2315 4004 2374 debent

2408 2406 2722 2465 huiusmodi
2759 2407 2949 2481 leges,
2980 2408 3064 2464 vel
3106 2423 3203 2480 per
3238 2405 3696 2464 consuetudinem
3717 2447 3732 2478 ,
3762 2422 3903 2480 quae
3930 2405 3996 2462 ad

2406 2500 2581 2572 legem
2612 2496 3063 2555 introducendam
3094 2497 3333 2570 sufficit,
3358 2503 3423 2554 ut
3448 2495 3586 2552 infra
3614 2494 3891 2568 dicemus,
3914 2495 3996 2552 vel

2408 2603 2505 2660 per
2533 2588 2873 2646 voluntatem
2900 2587 3261 2660 legislatoris3
3295 2603 3419 2644 nam
3449 2588 3595 2644 sicut
3620 2593 3804 2657 potest
3829 2586 4003 2660 legem

2406 2678 2580 2747 serre,
2613 2681 2693 2736 ita
2719 2685 2777 2736 et
2804 2677 3027 2737 modum
3055 2677 3175 2735 eius
3201 2676 3592 2751 determinare,
3624 2683 3687 2735 ut
3713 2678 3899 2733 statim
3926 2675 4006 2732 di-

2411 2785 2629 2828 cemus.

2494 2865 2548 2919 5.
2592 2860 2994 2919 Declarandum
3040 2876 3170 2934 ergo
3219 2867 3499 2935 superest,
3538 2873 3675 2934 qnae
3720 2863 3875 2916 certa
3920 2874 4003 2915 so·

2410 2952 2660 3024 lemnitas
2690 2953 3145 3027 promulgationis
3175 2967 3322 3012 nunc
3352 2951 3613 3024 sufficiat,
3642 2949 3728 3006 vel
3754 2965 4005 3007 necessa-

2409 3043 2491 3100 ria
2516 3046 2587 3100 sit
2614 3058 2714 3116 pro
2742 3043 2955 3117 legibus
2982 3042 3262 3114 civilibus,
3286 3049 3345 3098 et
3362 3057 3475 3116 quo
3502 3041 3620 3098 iure
3648 3041 3722 3098 sit
3740 3039 3997 3096 determi-

2408 3139 2555 3190 nata.
2597 3133 2668 3189 Et
2706 3133 2757 3189 in
2795 3133 3117 3206 particulari
3158 3131 3299 3189 solet
3337 3129 3605 3204 dubitari,
3648 3147 3715 3189 an
3758 3129 4005 3188 sufficiat

2413 3224 2575 3282 unica
2615 3223 2977 3297 promulgatio
3018 3223 3069 3279 in
3110 3223 3267 3280 curia
3292 3223 3571 3296 principis,
3605 3221 3690 3278 vel
3719 3223 3775 3278 in
3802 3227 4005 3278 metro·

2409 3312 2521 3388 poli
2548 3315 2717 3372 totius
2743 3315 2916 3388 regni,
2947 3313 3031 3370 vel
3059 3313 3247 3386 plures
3276 3315 3649 3386 requirantur,
3674 3317 3731 3368 et
3750 3317 3904 3385 quot.
3928 3312 4003 3370 Ut

2410 3411 2593 3462 autem
2624 3403 2689 3462 ad
2730 3403 2834 3461 hoc
2870 3404 3018 3462 clare
3048 3403 3509 3478 respondeamus,
3540 3417 3739 3475 operae
3766 3401 3999 3475 pretium

2409 3496 2514 3552 erit
2534 3494 2859 3569 distinguere
2883 3494 3131 3569 duplices
3153 3494 3321 3569 leges.
3338 3493 3615 3562 Quaedam
3636 3499 3765 3564 sunt
3785 3492 4001 3550 inferio-

2410 3601 2536 3644 rum
2564 3585 3056 3657 communitatum,
3088 3600 3185 3642 seu
3213 3585 3393 3641 minus
3424 3583 3843 3657 universalium3
3868 3583 3999 3641 aliae

2412 3674 2867 3747 amplissimarum
2911 3675 3392 3732 communitatum.
3424 3673 3536 3731 Sub
3564 3673 3729 3746 priori
3758 3673 4001 3730 membro

2413 3765 2955 3838 comprehenduntur
2992 3763 3345 3836 municipales
3384 3763 3526 3838 leges
3568 3765 3858 3822 civitatum
3879 3780 4003 3837 par·

2412 3853 2753 3928 ticularium3
2796 3857 2927 3912 item
2964 3854 3114 3929 leges
3154 3856 3315 3912 unius
3341 3855 3683 3928 provinciae,
3729 3855 3810 3911 vel
3840 3856 4003 3912 etiam

2415 3948 2579 4004 unius
2610 3947 2761 4018 parvi
2790 3945 2964 4018 regni,
2989 3945 3038 4000 in
3068 3960 3180 4017 quo
3210 3960 3317 4001 una
3346 3951 3556 4002 tantum
3583 3952 3670 4003 est
3692 3945 4003 4019 principalis

2410 4036 2602 4094 civitas
2630 4051 2728 4092 seu
2752 4033 3087 4108 metropolis,
3111 4050 3251 4109 quae
3274 4042 3360 4092 est
3380 4036 3543 4093 veluti
3565 4042 3735 4109 caput
3756 4038 4001 4094 omnium

2412 4128 2643 4186 aliorum
2674 4126 3025 4201 populorum.
3056 4127 3171 4184 Sub
3198 4125 3304 4183 alio
3332 4128 3511 4198 capite
3542 4129 3900 4186 continentur
3925 4127 4000 4185 le-

2412 4233 2505 4292 ges
2526 4259 2541 4290 ,
2574 4233 2714 4291 quae
2742 4218 2997 4275 feruntur
3022 4231 3053 4272 a
3080 4231 3339 4288 supremo
3368 4217 3613 4289 principe
3642 4217 3871 4274 habente
3898 4216 4005 4274 sub

2412 4325 2473 4366 se
2513 4309 2829 4366 latissimam
2868 4307 3150 4365 ditionem.
3190 4307 3347 4375 Quod
3386 4305 3679 4380 dupliciter
3718 4309 3999 4382 contingit:

2412 4415 2523 4456 uno
2546 4398 2705 4456 modo
2724 4413 2823 4472 per
2847 4399 3103 4455 unionem
3126 4397 3365 4468 plurium
3389 4398 3792 4469 provinciarum
3812 4399 3865 4454 in
3890 4414 4003 4455 uno

2410 4505 2615 4564 regno,
2649 4489 2725 4546 ita
2760 4495 2827 4546 ut
2851 4487 3091 4561 singulae
3118 4487 3430 4560 provinciae
3456 4503 3554 4561 per
3580 4504 3638 4546 se
3666 4497 4001 4562 componant

2412 4581 2595 4654 aliquo
2638 4577 2798 4636 modo
2840 4594 3012 4635 unum
3051 4593 3293 4652 corpus,
3333 4585 3390 4635 et
3420 4595 3781 4654 unaquaeque
3811 4579 4009 4637 haheat

2413 4685 2571 4726 suam
2608 4659 2889 4726 civitatem
2928 4669 3307 4742 praecipuam,
3338 4676 3395 4726 et
3430 4673 3587 4744 quasi
3624 4669 4003 4743 metropolita·

2412 4775 2569 4834 nam,
2596 4761 2730 4818 licet
2753 4776 2819 4818 ex
2846 4758 2946 4816 illis
2973 4759 3225 4816 omnibus
3255 4760 3541 4838 provinciis
3571 4776 3741 4817 unum
3770 4776 4005 4834 regnum

2413 4850 2722 4924 coalescat,
2753 4848 2902 4923 quod
2931 4848 3117 4906 iisdem
3154 4848 3367 4924 legibus
3394 4849 3762 4923 gubernatur,
3792 4857 3853 4907 et
3886 4866 4009 4906 mo·

2414 4941 2597 4998 raliter
2636 4947 2723 4997 est
2758 4941 2920 5012 quasi
2946 4955 3119 4996 unum
3154 4947 3209 4996 et
3238 4955 3335 5011 per
3371 4955 3428 4996 se
3455 4939 3790 4998 indivisibile.
3822 4940 4010 5009 Quan-

2415 5033 2487 5091 do
2518 5038 2701 5089 autem
2742 5031 3052 5103 provinciae
3088 5029 3333 5086 eiusdem
3360 5031 3509 5103 regni
3537 5032 3743 5088 censeri
3771 5031 4009 5088 debeant

2415 5141 2538 5183 esse
2565 5125 2639 5181 ita
2664 5121 2978 5196 distinctae,
3003 5126 3060 5178 et
3086 5121 3283 5178 habere
3304 5119 3559 5178 distincta
3588 5122 3766 5192 capita
3787 5123 4013 5194 provin-

2416 5217 2653 5286 ciarum,
2684 5227 2752 5270 ex
2778 5227 2885 5268 usu
2912 5216 2972 5268 et
2997 5210 3241 5267 moribus
3271 5211 3624 5284 populorum,
3653 5218 3711 5267 et
3736 5221 4009 5270 consueto

2416 5305 2681 5380 regimine
2708 5309 2767 5361 et
2794 5303 3161 5361 aestimatione
3188 5300 3408 5362 illarum
3449 5302 3725 5362 credimus
3764 5317 3887 5360 esse
3916 5319 4014 5361 ac-
