<?xml version="1.0" encoding="UTF-8"?>
<!DOCTYPE html PUBLIC "-//W3C//DTD XHTML 1.0 Transitional//EN"
    "http://www.w3.org/TR/xhtml1/DTD/xhtml1-transitional.dtd">
<html xmlns="http://www.w3.org/1999/xhtml" xml:lang="en" lang="en">
 <head>
  <title>
</title>
<meta http-equiv="Content-Type" content="text/html;charset=utf-8" />
  <meta name='ocr-system' content='tesseract 3.04.00' />
  <meta name='ocr-capabilities' content='ocr_page ocr_carea ocr_par ocr_line ocrx_word'/>
</head>
<body>
  <div class='ocr_page' id='page_1' title='image "./tractatusdelegi01sugoog_0210.png"; bbox 0 0 4325 6267; ppageno 0'>
   <div class='ocr_carea' id='block_1_1' title="bbox 837 347 963 414">
    <p class='ocr_par' dir='ltr' id='par_1_1' title="bbox 837 347 963 414">
     <span class='ocr_line' id='line_1_1' title="bbox 837 347 963 414; baseline -0.016 0"><span class='ocrx_word' id='word_1_1' title='bbox 837 347 963 414; x_wconf 84' lang='lat'><strong>198</strong></span> 
     </span>
    </p>
   </div>
   <div class='ocr_carea' id='block_1_2' title="bbox 757 483 2359 1374">
    <p class='ocr_par' dir='ltr' id='par_1_2' title="bbox 757 483 2359 1374">
     <span class='ocr_line' id='line_1_2' title="bbox 757 483 2356 563; baseline -0.006 -13"><span class='ocrx_word' id='word_1_2' title='bbox 757 499 877 551; x_wconf 89' lang='lat' dir='ltr'><strong>tum</strong></span> <span class='ocrx_word' id='word_1_3' title='bbox 903 494 960 549; x_wconf 89' lang='lat' dir='ltr'><strong>in</strong></span> <span class='ocrx_word' id='word_1_4' title='bbox 981 491 1070 550; x_wconf 89' lang='lat' dir='ltr'><strong>illa</strong></span> <span class='ocrx_word' id='word_1_5' title='bbox 1091 490 1318 549; x_wconf 88' lang='lat' dir='ltr'><strong>materia</strong></span> <span class='ocrx_word' id='word_1_6' title='bbox 1339 493 1522 563; x_wconf 87' lang='lat' dir='ltr'><strong>potest</strong></span> <span class='ocrx_word' id='word_1_7' title='bbox 1541 486 1689 560; x_wconf 87' lang='lat' dir='ltr'><strong>leges</strong></span> <span class='ocrx_word' id='word_1_8' title='bbox 1710 484 1875 544; x_wconf 81' lang='lat' dir='ltr'><strong>serre.</strong></span> <span class='ocrx_word' id='word_1_9' title='bbox 1900 483 2074 542; x_wconf 71' lang='lat' dir='ltr'><strong>Minor</strong></span> <span class='ocrx_word' id='word_1_10' title='bbox 2093 483 2238 541; x_wconf 90' lang='lat' dir='ltr'><strong>sumi</strong></span> <span class='ocrx_word' id='word_1_11' title='bbox 2258 499 2356 555; x_wconf 89' lang='lat' dir='ltr'><strong>po-</strong></span> 
     </span>
     <span class='ocr_line' id='line_1_3' title="bbox 757 574 2354 656; baseline -0.008 -12"><span class='ocrx_word' id='word_1_12' title='bbox 757 591 866 644; x_wconf 88' lang='lat' dir='ltr'><strong>test</strong></span> <span class='ocrx_word' id='word_1_13' title='bbox 889 598 962 644; x_wconf 70' lang='lat' dir='ltr'><strong>ex</strong></span> <span class='ocrx_word' id='word_1_14' title='bbox 983 587 1126 656; x_wconf 78' lang='lat' dir='ltr'><strong>Aug.</strong></span> <span class='ocrx_word' id='word_1_15' title='bbox 1153 581 1244 638; x_wconf 88' lang='lat' dir='ltr'><strong>lib.</strong></span> <span class='ocrx_word' id='word_1_16' title='bbox 1269 586 1323 640; x_wconf 89' lang='grc'><strong>2.</strong></span> <span class='ocrx_word' id='word_1_17' title='bbox 1348 578 1420 637; x_wconf 87' lang='lat' dir='ltr'><strong>de</strong></span> <span class='ocrx_word' id='word_1_18' title='bbox 1450 580 1621 638; x_wconf 76' lang='lat' dir='ltr'><strong>Civtt.</strong></span> <span class='ocrx_word' id='word_1_19' title='bbox 1647 593 1770 650; x_wconf 87' lang='lat' dir='ltr'><strong>cap.</strong></span> <span class='ocrx_word' id='word_1_20' title='bbox 1797 578 1900 649; x_wconf 84' lang='lat'><strong>21,</strong></span> <span class='ocrx_word' id='word_1_21' title='bbox 1926 575 2018 633; x_wconf 92' lang='lat' dir='ltr'><strong>ubi</strong></span> <span class='ocrx_word' id='word_1_22' title='bbox 2038 589 2106 632; x_wconf 85' lang='lat' dir='ltr'><strong>ex</strong></span> <span class='ocrx_word' id='word_1_23' title='bbox 2133 574 2354 632; x_wconf 89' lang='lat' dir='ltr'><strong>Cicero-</strong></span> 
     </span>
     <span class='ocr_line' id='line_1_4' title="bbox 761 667 2359 744; baseline -0.006 -13"><span class='ocrx_word' id='word_1_24' title='bbox 761 690 829 732; x_wconf 89' lang='lat' dir='ltr'><strong>ne</strong></span> <span class='ocrx_word' id='word_1_25' title='bbox 856 673 1044 744; x_wconf 76' lang='lat' dir='ltr'><strong>refert,</strong></span> <span class='ocrx_word' id='word_1_26' title='bbox 1075 669 1459 729; x_wconf 75' lang='lat' dir='ltr'><strong><em>concordiam</em></strong></span> <span class='ocrx_word' id='word_1_27' title='bbox 1485 684 1607 726; x_wconf 88' lang='lat' dir='ltr'><strong>esse</strong></span> <span class='ocrx_word' id='word_1_28' title='bbox 1633 667 2034 725; x_wconf 73' lang='lat' dir='ltr'><strong>arctissimum</strong></span> <span class='ocrx_word' id='word_1_29' title='bbox 2062 669 2238 738; x_wconf 78' lang='lat' dir='ltr'><strong>atquc</strong></span> <span class='ocrx_word' id='word_1_30' title='bbox 2258 681 2359 742; x_wconf 84' lang='lat' dir='ltr'><strong>op-</strong></span> 
     </span>
     <span class='ocr_line' id='line_1_5' title="bbox 759 753 2347 836; baseline -0.007 -13"><span class='ocrx_word' id='word_1_31' title='bbox 759 769 972 822; x_wconf 78' lang='lat' dir='ltr'><strong>timum</strong></span> <span class='ocrx_word' id='word_1_32' title='bbox 991 767 1054 821; x_wconf 82' lang='lat' dir='ltr'><strong>tn</strong></span> <span class='ocrx_word' id='word_1_33' title='bbox 1073 763 1238 820; x_wconf 80' lang='lat' dir='ltr'><strong>omni</strong></span> <span class='ocrx_word' id='word_1_34' title='bbox 1253 758 1563 836; x_wconf 71' lang='lat' dir='ltr'><strong><em>republica</em></strong></span> <span class='ocrx_word' id='word_1_35' title='bbox 1573 755 1880 816; x_wconf 73' lang='lat' dir='ltr'><strong>vinculum</strong></span> <span class='ocrx_word' id='word_1_36' title='bbox 1899 753 2347 821; x_wconf 77' lang='lat' dir='ltr'><strong>incolumitatis,</strong></span> 
     </span>
     <span class='ocr_line' id='line_1_6' title="bbox 757 847 2355 928; baseline -0.006 -15"><span class='ocrx_word' id='word_1_37' title='bbox 757 870 1004 928; x_wconf 77' lang='lat' dir='ltr'><strong>eamque</strong></span> <span class='ocrx_word' id='word_1_38' title='bbox 1029 857 1154 910; x_wconf 75' lang='lat' dir='ltr'><strong>sine</strong></span> <span class='ocrx_word' id='word_1_39' title='bbox 1181 853 1418 910; x_wconf 76' lang='lat' dir='ltr'><strong>iustitia</strong></span> <span class='ocrx_word' id='word_1_40' title='bbox 1440 847 1606 907; x_wconf 79' lang='lat' dir='ltr'><strong>nullo</strong></span> <span class='ocrx_word' id='word_1_41' title='bbox 1629 852 1810 924; x_wconf 88' lang='lat' dir='ltr'><strong>pacto</strong></span> <span class='ocrx_word' id='word_1_42' title='bbox 1829 863 1952 904; x_wconf 85' lang='lat' dir='ltr'><strong>esse</strong></span> <span class='ocrx_word' id='word_1_43' title='bbox 1966 862 2158 922; x_wconf 84' lang='lat' dir='ltr'><strong>posse,</strong></span> <span class='ocrx_word' id='word_1_44' title='bbox 2192 847 2355 920; x_wconf 88' lang='lat' dir='ltr'><strong>signi-</strong></span> 
     </span>
     <span class='ocr_line' id='line_1_7' title="bbox 758 935 2359 1014; baseline -0.006 -12"><span class='ocrx_word' id='word_1_45' title='bbox 758 946 926 1004; x_wconf 79' lang='lat' dir='ltr'><strong>ficans</strong></span> <span class='ocrx_word' id='word_1_46' title='bbox 953 943 1084 1002; x_wconf 85' lang='lat' dir='ltr'><strong>cum</strong></span> <span class='ocrx_word' id='word_1_47' title='bbox 1111 942 1203 1000; x_wconf 89' lang='lat' dir='ltr'><strong>illa</strong></span> <span class='ocrx_word' id='word_1_48' title='bbox 1227 957 1349 998; x_wconf 88' lang='lat' dir='ltr'><strong>esse</strong></span> <span class='ocrx_word' id='word_1_49' title='bbox 1371 955 1554 1014; x_wconf 89' lang='lat' dir='ltr'><strong>posse,</strong></span> <span class='ocrx_word' id='word_1_50' title='bbox 1577 945 1633 997; x_wconf 89' lang='lat' dir='ltr'><strong>et</strong></span> <span class='ocrx_word' id='word_1_51' title='bbox 1653 938 1800 996; x_wconf 90' lang='lat' dir='ltr'><strong>illam</strong></span> <span class='ocrx_word' id='word_1_52' title='bbox 1823 935 1994 994; x_wconf 83' lang='lat' dir='ltr'><strong>solam</strong></span> <span class='ocrx_word' id='word_1_53' title='bbox 2015 935 2272 993; x_wconf 81' lang='lat' dir='ltr'><strong>sufficere</strong></span> <span class='ocrx_word' id='word_1_54' title='bbox 2288 935 2359 993; x_wconf 87' lang='lat' dir='ltr'><strong>ad</strong></span> 
     </span>
     <span class='ocr_line' id='line_1_8' title="bbox 759 1028 2359 1104; baseline -0.006 -11"><span class='ocrx_word' id='word_1_55' title='bbox 759 1035 1122 1093; x_wconf 67' lang='lat' dir='ltr'><strong>illum-tinem.</strong></span> <span class='ocrx_word' id='word_1_56' title='bbox 1151 1033 1308 1104; x_wconf 88' lang='lat' dir='ltr'><strong>Quod</strong></span> <span class='ocrx_word' id='word_1_57' title='bbox 1333 1034 1494 1089; x_wconf 86' lang='lat' dir='ltr'><strong>etiam</strong></span> <span class='ocrx_word' id='word_1_58' title='bbox 1525 1031 1805 1104; x_wconf 79' lang='lat' dir='ltr'><strong>colligitur</strong></span> <span class='ocrx_word' id='word_1_59' title='bbox 1831 1045 1899 1086; x_wconf 76' lang='lat' dir='ltr'><strong>ex</strong></span> <span class='ocrx_word' id='word_1_60' title='bbox 1928 1028 2234 1086; x_wconf 82' lang='lat' dir='ltr'><strong>delinitione</strong></span> <span class='ocrx_word' id='word_1_61' title='bbox 2261 1043 2359 1101; x_wconf 90' lang='lat' dir='ltr'><strong>po-</strong></span> 
     </span>
     <span class='ocr_line' id='line_1_9' title="bbox 761 1117 2357 1200; baseline -0.006 -16"><span class='ocrx_word' id='word_1_62' title='bbox 761 1125 897 1200; x_wconf 68' lang='lat' dir='ltr'><strong>puli,</strong></span> <span class='ocrx_word' id='word_1_63' title='bbox 928 1141 1092 1199; x_wconf 89' lang='lat' dir='ltr'><strong>quam</strong></span> <span class='ocrx_word' id='word_1_64' title='bbox 1117 1141 1183 1182; x_wconf 82' lang='lat' dir='ltr'><strong>ex</strong></span> <span class='ocrx_word' id='word_1_65' title='bbox 1213 1122 1404 1194; x_wconf 77' lang='lat' dir='ltr'><strong>eodem</strong></span> <span class='ocrx_word' id='word_1_66' title='bbox 1433 1121 1618 1191; x_wconf 88' lang='lat' dir='ltr'><strong>rel&#39;ert,</strong></span> <span class='ocrx_word' id='word_1_67' title='bbox 1653 1119 1895 1190; x_wconf 90' lang='lat' dir='ltr'><strong>scilicet,</strong></span> <span class='ocrx_word' id='word_1_68' title='bbox 1923 1117 2212 1194; x_wconf 70' lang='lat' dir='ltr'><strong>populum</strong></span> <span class='ocrx_word' id='word_1_69' title='bbox 2236 1132 2357 1175; x_wconf 85' lang='lat' dir='ltr'><strong>esse</strong></span> 
     </span>
     <span class='ocr_line' id='line_1_10' title="bbox 759 1208 2359 1276; baseline -0.007 0"><span class='ocrx_word' id='word_1_70' title='bbox 759 1225 986 1276; x_wconf 81' lang='lat' dir='ltr'><strong>coetum</strong></span> <span class='ocrx_word' id='word_1_71' title='bbox 1013 1217 1162 1273; x_wconf 78' lang='lat' dir='ltr'><strong>turis</strong></span> <span class='ocrx_word' id='word_1_72' title='bbox 1188 1227 1500 1274; x_wconf 81' lang='lat' dir='ltr'><strong>consensu,</strong></span> <span class='ocrx_word' id='word_1_73' title='bbox 1546 1215 1601 1268; x_wconf 89' lang='lat' dir='ltr'><strong>ct</strong></span> <span class='ocrx_word' id='word_1_74' title='bbox 1626 1208 1906 1268; x_wconf 72' lang='lat' dir='ltr'><strong><em>utilitatis</em></strong></span> <span class='ocrx_word' id='word_1_75' title='bbox 1943 1210 2359 1265; x_wconf 78' lang='lat' dir='ltr'><strong>communione</strong></span> 
     </span>
     <span class='ocr_line' id='line_1_11' title="bbox 761 1299 2357 1374; baseline -0.007 -8"><span class='ocrx_word' id='word_1_76' title='bbox 761 1310 1076 1366; x_wconf 77' lang='lat' dir='ltr'><strong>sociatum:</strong></span> <span class='ocrx_word' id='word_1_77' title='bbox 1103 1321 1230 1363; x_wconf 87' lang='lat' dir='ltr'><strong>nam</strong></span> <span class='ocrx_word' id='word_1_78' title='bbox 1258 1304 1364 1361; x_wconf 90' lang='lat' dir='ltr'><strong>hoc</strong></span> <span class='ocrx_word' id='word_1_79' title='bbox 1396 1309 1575 1361; x_wconf 89' lang='lat' dir='ltr'><strong>totum</strong></span> <span class='ocrx_word' id='word_1_80' title='bbox 1602 1302 1822 1360; x_wconf 87' lang='lat' dir='ltr'><strong>habebit</strong></span> <span class='ocrx_word' id='word_1_81' title='bbox 1845 1299 2102 1374; x_wconf 88' lang='lat' dir='ltr'><strong>populus,</strong></span> <span class='ocrx_word' id='word_1_82' title='bbox 2135 1301 2183 1354; x_wconf 89' lang='lat' dir='ltr'><strong>si</strong></span> <span class='ocrx_word' id='word_1_83' title='bbox 2204 1299 2357 1356; x_wconf 86' lang='lat' dir='ltr'><strong>iusti-</strong></span> 
     </span>
    </p>
   </div>
   <div class='ocr_carea' id='block_1_3' title="bbox 742 1381 2377 1472">
    <p class='ocr_par' dir='ltr' id='par_1_3' title="bbox 742 1381 2377 1472">
     <span class='ocr_line' id='line_1_12' title="bbox 742 1381 2377 1472; baseline -0.007 -16"><span class='ocrx_word' id='word_1_84' title='bbox 742 1381 833 1456; x_wconf 65' lang='lat' dir='ltr'><strong>⁸tia</strong></span> <span class='ocrx_word' id='word_1_85' title='bbox 860 1400 1002 1455; x_wconf 88' lang='lat' dir='ltr'><strong>inter</strong></span> <span class='ocrx_word' id='word_1_86' title='bbox 1027 1394 1175 1452; x_wconf 80' lang='lat' dir='ltr'><strong>cives</strong></span> <span class='ocrx_word' id='word_1_87' title='bbox 1198 1401 1466 1454; x_wconf 72' lang='lat' dir='ltr'><strong>servetur:</strong></span> <span class='ocrx_word' id='word_1_88' title='bbox 1485 1408 1618 1464; x_wconf 89' lang='lat' dir='ltr'><strong>ergo</strong></span> <span class='ocrx_word' id='word_1_89' title='bbox 1639 1391 1730 1448; x_wconf 89' lang='lat' dir='ltr'><strong>illa</strong></span> <span class='ocrx_word' id='word_1_90' title='bbox 1750 1391 1868 1448; x_wconf 88' lang='lat' dir='ltr'><strong>sola</strong></span> <span class='ocrx_word' id='word_1_91' title='bbox 1887 1397 1974 1447; x_wconf 88' lang='lat' dir='ltr'><strong>est</strong></span> <span class='ocrx_word' id='word_1_92' title='bbox 1998 1389 2219 1463; x_wconf 86' lang='lat' dir='ltr'><strong>propria</strong></span> <span class='ocrx_word' id='word_1_93' title='bbox 2243 1405 2377 1472; x_wconf 44' lang='lat' dir='ltr'><strong>mas</strong></span> 
     </span>
    </p>
   </div>
   <div class='ocr_carea' id='block_1_4' title="bbox 743 1479 2365 5356">
    <p class='ocr_par' dir='ltr' id='par_1_4' title="bbox 743 1479 2362 2377">
     <span class='ocr_line' id='line_1_13' title="bbox 763 1479 2353 1561; baseline -0.008 -13"><span class='ocrx_word' id='word_1_94' title='bbox 763 1490 898 1548; x_wconf 88' lang='lat' dir='ltr'><strong>teria</strong></span> <span class='ocrx_word' id='word_1_95' title='bbox 925 1487 1056 1561; x_wconf 89' lang='lat' dir='ltr'><strong>legis</strong></span> <span class='ocrx_word' id='word_1_96' title='bbox 1084 1485 1278 1544; x_wconf 90' lang='lat' dir='ltr'><strong>civilis.</strong></span> <span class='ocrx_word' id='word_1_97' title='bbox 1312 1487 1428 1542; x_wconf 86' lang='lat' dir='ltr'><strong>Hoc</strong></span> <span class='ocrx_word' id='word_1_98' title='bbox 1460 1483 1589 1541; x_wconf 88' lang='lat' dir='ltr'><strong>item</strong></span> <span class='ocrx_word' id='word_1_99' title='bbox 1620 1481 1834 1539; x_wconf 88' lang='lat' dir='ltr'><strong>videtur</strong></span> <span class='ocrx_word' id='word_1_100' title='bbox 1862 1479 2093 1538; x_wconf 89' lang='lat' dir='ltr'><strong>suadere</strong></span> <span class='ocrx_word' id='word_1_101' title='bbox 2116 1496 2253 1536; x_wconf 89' lang='lat' dir='ltr'><strong>usus</strong></span> <span class='ocrx_word' id='word_1_102' title='bbox 2278 1479 2353 1536; x_wconf 90' lang='lat' dir='ltr'><strong>le-</strong></span> 
     </span>
     <span class='ocr_line' id='line_1_14' title="bbox 760 1569 2349 1654; baseline -0.006 -18"><span class='ocrx_word' id='word_1_103' title='bbox 760 1595 892 1654; x_wconf 87' lang='lat' dir='ltr'><strong>gum</strong></span> <span class='ocrx_word' id='word_1_104' title='bbox 920 1577 1183 1648; x_wconf 79' lang='lat' dir='ltr'><strong>civilium3</strong></span> <span class='ocrx_word' id='word_1_105' title='bbox 1215 1589 1429 1647; x_wconf 79' lang='lat' dir='ltr'><strong>semper</strong></span> <span class='ocrx_word' id='word_1_106' title='bbox 1456 1573 1599 1631; x_wconf 89' lang='lat' dir='ltr'><strong>enim</strong></span> <span class='ocrx_word' id='word_1_107' title='bbox 1627 1577 1920 1629; x_wconf 76' lang='lat' dir='ltr'>versantur</span> <span class='ocrx_word' id='word_1_108' title='bbox 1939 1573 1992 1626; x_wconf 87' lang='lat' dir='ltr'><strong>in</strong></span> <span class='ocrx_word' id='word_1_109' title='bbox 2015 1569 2244 1627; x_wconf 88' lang='lat' dir='ltr'><strong>materia</strong></span> <span class='ocrx_word' id='word_1_110' title='bbox 2265 1570 2349 1627; x_wconf 91' lang='lat' dir='ltr'><strong>iu·</strong></span> 
     </span>
     <span class='ocr_line' id='line_1_15' title="bbox 761 1659 2357 1740; baseline -0.006 -14"><span class='ocrx_word' id='word_1_111' title='bbox 761 1669 970 1740; x_wconf 86' lang='lat' dir='ltr'><strong>stitiae,</strong></span> <span class='ocrx_word' id='word_1_112' title='bbox 999 1674 1059 1726; x_wconf 87' lang='lat' dir='ltr'><strong>et</strong></span> <span class='ocrx_word' id='word_1_113' title='bbox 1085 1667 1150 1725; x_wconf 90' lang='lat' dir='ltr'><strong>de</strong></span> <span class='ocrx_word' id='word_1_114' title='bbox 1181 1665 1298 1724; x_wconf 89' lang='lat' dir='ltr'><strong>aliis</strong></span> <span class='ocrx_word' id='word_1_115' title='bbox 1326 1681 1435 1721; x_wconf 89' lang='lat' dir='ltr'><strong>non</strong></span> <span class='ocrx_word' id='word_1_116' title='bbox 1463 1663 1790 1736; x_wconf 88' lang='lat' dir='ltr'><strong>disponunt,</strong></span> <span class='ocrx_word' id='word_1_117' title='bbox 1821 1661 1921 1718; x_wconf 89' lang='lat' dir='ltr'><strong>nisi</strong></span> <span class='ocrx_word' id='word_1_118' title='bbox 1952 1661 2004 1718; x_wconf 87' lang='lat' dir='ltr'><strong>in</strong></span> <span class='ocrx_word' id='word_1_119' title='bbox 2045 1659 2239 1718; x_wconf 82' lang='lat' dir='ltr'><strong>ordine</strong></span> <span class='ocrx_word' id='word_1_120' title='bbox 2289 1659 2357 1717; x_wconf 90' lang='lat' dir='ltr'><strong>ad</strong></span> 
     </span>
     <span class='ocr_line' id='line_1_16' title="bbox 763 1751 2357 1834; baseline -0.007 -16"><span class='ocrx_word' id='word_1_121' title='bbox 763 1761 1095 1834; x_wconf 89' lang='lat' dir='ltr'><strong>aequitatem</strong></span> <span class='ocrx_word' id='word_1_122' title='bbox 1125 1757 1267 1814; x_wconf 86' lang='lat' dir='ltr'><strong>inter</strong></span> <span class='ocrx_word' id='word_1_123' title='bbox 1293 1757 1444 1813; x_wconf 82' lang='lat' dir='ltr'><strong>cives</strong></span> <span class='ocrx_word' id='word_1_124' title='bbox 1473 1751 1816 1824; x_wconf 87' lang='lat' dir='ltr'><strong>servandam,</strong></span> <span class='ocrx_word' id='word_1_125' title='bbox 1847 1759 1902 1809; x_wconf 90' lang='lat' dir='ltr'><strong>et</strong></span> <span class='ocrx_word' id='word_1_126' title='bbox 1932 1757 1996 1809; x_wconf 89' lang='lat' dir='ltr'><strong>ut</strong></span> <span class='ocrx_word' id='word_1_127' title='bbox 2035 1752 2357 1808; x_wconf 80' lang='lat' dir='ltr'><strong><em>occasiones</em></strong></span> 
     </span>
     <span class='ocr_line' id='line_1_17' title="bbox 764 1839 2359 1918; baseline -0.006 -10"><span class='ocrx_word' id='word_1_128' title='bbox 764 1851 1085 1909; x_wconf 89' lang='lat' dir='ltr'><strong>iniuriarum</strong></span> <span class='ocrx_word' id='word_1_129' title='bbox 1104 1847 1398 1906; x_wconf 74' lang='lat' dir='ltr'><strong>evitentur.</strong></span> <span class='ocrx_word' id='word_1_130' title='bbox 1425 1849 1824 1918; x_wconf 80' lang='lat' dir='ltr'><strong>Argumentum</strong></span> <span class='ocrx_word' id='word_1_131' title='bbox 1845 1841 1882 1897; x_wconf 93' lang='lat' dir='ltr'><strong>l.</strong></span> <span class='ocrx_word' id='word_1_132' title='bbox 1910 1841 2026 1899; x_wconf 75' lang='lat' dir='ltr'><strong>hac</strong></span> <span class='ocrx_word' id='word_1_133' title='bbox 2053 1839 2194 1915; x_wconf 74' lang='lat' dir='ltr'><strong>leqe,</strong></span> <span class='ocrx_word' id='word_1_134' title='bbox 2211 1841 2270 1898; x_wconf 94' lang='lat' dir='ltr'><strong>C.</strong></span> <span class='ocrx_word' id='word_1_135' title='bbox 2292 1839 2359 1898; x_wconf 90' lang='lat' dir='ltr'><strong>de</strong></span> 
     </span>
     <span class='ocr_line' id='line_1_18' title="bbox 764 1931 2362 2015; baseline -0.006 -18"><span class='ocrx_word' id='word_1_136' title='bbox 764 1947 916 2015; x_wconf 91' lang='lat' dir='ltr'><strong>pact.</strong></span> <span class='ocrx_word' id='word_1_137' title='bbox 935 1945 1193 1997; x_wconf 87' lang='lat' dir='ltr'><strong>convent.</strong></span> <span class='ocrx_word' id='word_1_138' title='bbox 1213 1938 1304 1995; x_wconf 85' lang='lat' dir='ltr'><strong>ibi:</strong></span> <span class='ocrx_word' id='word_1_139' title='bbox 1329 1937 1614 2013; x_wconf 80' lang='lat' dir='ltr'><strong>Quamvis</strong></span> <span class='ocrx_word' id='word_1_140' title='bbox 1636 1936 1794 1991; x_wconf 80' lang='lat' dir='ltr'><strong>enim</strong></span> <span class='ocrx_word' id='word_1_141' title='bbox 1816 1931 2033 1989; x_wconf 79' lang='lat' dir='ltr'><strong>bonum</strong></span> <span class='ocrx_word' id='word_1_142' title='bbox 2053 1937 2201 2000; x_wconf 83' lang='lat' dir='ltr'><strong>erat,</strong></span> <span class='ocrx_word' id='word_1_143' title='bbox 2230 1948 2362 1988; x_wconf 77' lang='lat' dir='ltr'><strong>mu-</strong></span> 
     </span>
     <span class='ocr_line' id='line_1_19' title="bbox 765 2025 2360 2104; baseline -0.004 -18"><span class='ocrx_word' id='word_1_144' title='bbox 765 2029 991 2097; x_wconf 79' lang='lat' dir='ltr'><strong>tierem,</strong></span> <span class='ocrx_word' id='word_1_145' title='bbox 1019 2044 1171 2104; x_wconf 78' lang='lat' dir='ltr'><strong>quae</strong></span> <span class='ocrx_word' id='word_1_146' title='bbox 1191 2031 1448 2103; x_wconf 77' lang='lat' dir='ltr'><strong>seipsam</strong></span> <span class='ocrx_word' id='word_1_147' title='bbox 1469 2027 1689 2082; x_wconf 85' lang='lat' dir='ltr'><strong>marito</strong></span> <span class='ocrx_word' id='word_1_148' title='bbox 1709 2025 2034 2091; x_wconf 76' lang='lat' dir='ltr'><strong><em>committit,</em></strong></span> <span class='ocrx_word' id='word_1_149' title='bbox 2058 2037 2152 2080; x_wconf 85' lang='lat' dir='ltr'><strong>res</strong></span> <span class='ocrx_word' id='word_1_150' title='bbox 2174 2025 2360 2080; x_wconf 80' lang='lat' dir='ltr'><strong>ettam</strong></span> 
     </span>
     <span class='ocr_line' id='line_1_20' title="bbox 759 2113 2358 2196; baseline -0.005 -18"><span class='ocrx_word' id='word_1_151' title='bbox 759 2118 1021 2178; x_wconf 77' lang='lat' dir='ltr'><strong>eiusdem</strong></span> <span class='ocrx_word' id='word_1_152' title='bbox 1047 2121 1194 2196; x_wconf 75' lang='lat' dir='ltr'><strong>pari</strong></span> <span class='ocrx_word' id='word_1_153' title='bbox 1227 2117 1482 2174; x_wconf 76' lang='lat' dir='ltr'><strong>arbitrio</strong></span> <span class='ocrx_word' id='word_1_154' title='bbox 1515 2113 1844 2190; x_wconf 61' lang='lat' dir='ltr'><strong>gnbernare</strong></span> <span class='ocrx_word' id='word_1_155' title='bbox 1861 2135 1877 2168; x_wconf 89' lang='lat'><em>:</em></span> <span class='ocrx_word' id='word_1_156' title='bbox 1905 2117 2177 2171; x_wconf 80' lang='lat' dir='ltr'><strong>attamen</strong></span> <span class='ocrx_word' id='word_1_157' title='bbox 2218 2127 2358 2186; x_wconf 76' lang='lat' dir='ltr'><strong>quo-</strong></span> 
     </span>
     <span class='ocr_line' id='line_1_21' title="bbox 758 2205 2359 2282; baseline -0.006 -13"><span class='ocrx_word' id='word_1_158' title='bbox 758 2213 926 2269; x_wconf 78' lang='lat' dir='ltr'><strong>niam</strong></span> <span class='ocrx_word' id='word_1_159' title='bbox 953 2208 1282 2268; x_wconf 79' lang='lat' dir='ltr'><strong>conditores</strong></span> <span class='ocrx_word' id='word_1_160' title='bbox 1325 2206 1536 2282; x_wconf 64' lang='lat' dir='ltr'><strong>legum,</strong></span> <span class='ocrx_word' id='word_1_161' title='bbox 1573 2206 1897 2280; x_wconf 69' lang='lat' dir='ltr'><strong>aequitatis</strong></span> <span class='ocrx_word' id='word_1_162' title='bbox 1933 2205 2202 2261; x_wconf 73' lang='lat' dir='ltr'><strong>convenit</strong></span> <span class='ocrx_word' id='word_1_163' title='bbox 2236 2219 2359 2261; x_wconf 85' lang='lat' dir='ltr'><strong>esse</strong></span> 
     </span>
     <span class='ocr_line' id='line_1_22' title="bbox 743 2295 1911 2377; baseline -0.009 -17"><span class='ocrx_word' id='word_1_164' title='bbox 743 2301 1045 2377; x_wconf 76' lang='lat' dir='ltr'><strong>fautores,</strong></span> <span class='ocrx_word' id='word_1_165' title='bbox 1082 2299 1248 2358; x_wconf 79' lang='lat' dir='ltr'><strong>nullo</strong></span> <span class='ocrx_word' id='word_1_166' title='bbox 1275 2295 1450 2356; x_wconf 85' lang='lat' dir='ltr'><strong>modo</strong></span> <span class='ocrx_word' id='word_1_167' title='bbox 1477 2296 1767 2361; x_wconf 76' lang='lat' dir='ltr'><strong>volumus,</strong></span> <span class='ocrx_word' id='word_1_168' title='bbox 1803 2301 1911 2352; x_wconf 89' lang='lat' dir='ltr'><strong>etc.</strong></span> 
     </span>
    </p>

    <p class='ocr_par' dir='ltr' id='par_1_5' title="bbox 756 2384 2365 5249">
     <span class='ocr_line' id='line_1_23' title="bbox 835 2384 2359 2451; baseline -0.006 0"><span class='ocrx_word' id='word_1_169' title='bbox 835 2396 888 2451; x_wconf 75' lang='lat'><strong>4.</strong></span> <span class='ocrx_word' id='word_1_170' title='bbox 921 2391 1078 2448; x_wconf 88' lang='lat' dir='ltr'><strong>Prior</strong></span> <span class='ocrx_word' id='word_1_171' title='bbox 1103 2405 1170 2447; x_wconf 84' lang='lat' dir='ltr'><strong>ex</strong></span> <span class='ocrx_word' id='word_1_172' title='bbox 1199 2389 1279 2446; x_wconf 88' lang='lat' dir='ltr'><strong>his</strong></span> <span class='ocrx_word' id='word_1_173' title='bbox 1309 2387 1593 2445; x_wconf 79' lang='lat' dir='ltr'><strong>sententiis</strong></span> <span class='ocrx_word' id='word_1_174' title='bbox 1622 2387 1842 2443; x_wconf 89' lang='lat' dir='ltr'><strong>omnino</strong></span> <span class='ocrx_word' id='word_1_175' title='bbox 1871 2384 2006 2442; x_wconf 81' lang='lat' dir='ltr'><strong>salsa</strong></span> <span class='ocrx_word' id='word_1_176' title='bbox 2033 2390 2092 2442; x_wconf 86' lang='lat' dir='ltr'><strong>et</strong></span> <span class='ocrx_word' id='word_1_177' title='bbox 2129 2399 2359 2442; x_wconf 83' lang='lat' dir='ltr'><strong>erronea</strong></span> 
     </span>
     <span class='ocr_line' id='line_1_24' title="bbox 756 2467 2359 2550; baseline -0.006 -8"><span class='ocrx_word' id='word_1_178' title='bbox 756 2489 861 2542; x_wconf 88' lang='lat' dir='ltr'><strong>est.</strong></span> <span class='ocrx_word' id='word_1_179' title='bbox 897 2481 1045 2542; x_wconf 87' lang='lat' dir='ltr'><strong>Unde</strong></span> <span class='ocrx_word' id='word_1_180' title='bbox 1075 2480 1372 2540; x_wconf 90' lang='lat' dir='ltr'><strong>dicendum</strong></span> <span class='ocrx_word' id='word_1_181' title='bbox 1399 2467 1571 2550; x_wconf 82' lang='lat' dir='ltr'><strong>primo</strong></span> <span class='ocrx_word' id='word_1_182' title='bbox 1611 2482 1732 2548; x_wconf 88' lang='lat' dir='ltr'><strong>est,</strong></span> <span class='ocrx_word' id='word_1_183' title='bbox 1775 2475 1922 2550; x_wconf 88' lang='lat' dir='ltr'><strong>leges</strong></span> <span class='ocrx_word' id='word_1_184' title='bbox 1950 2474 2138 2532; x_wconf 88' lang='lat' dir='ltr'><strong>civiles</strong></span> <span class='ocrx_word' id='word_1_185' title='bbox 2180 2475 2359 2533; x_wconf 88' lang='lat' dir='ltr'><strong>solum</strong></span> 
     </span>
     <span class='ocr_line' id='line_1_25' title="bbox 757 2565 2359 2648; baseline -0.006 -17"><span class='ocrx_word' id='word_1_186' title='bbox 757 2589 918 2648; x_wconf 87' lang='lat' dir='ltr'><strong>posse</strong></span> <span class='ocrx_word' id='word_1_187' title='bbox 952 2574 1160 2630; x_wconf 83' lang='lat' dir='ltr'><strong>versari</strong></span> <span class='ocrx_word' id='word_1_188' title='bbox 1185 2572 1236 2627; x_wconf 90' lang='lat' dir='ltr'><strong>in</strong></span> <span class='ocrx_word' id='word_1_189' title='bbox 1259 2570 1486 2627; x_wconf 88' lang='lat' dir='ltr'><strong>materia</strong></span> <span class='ocrx_word' id='word_1_190' title='bbox 1509 2567 1738 2624; x_wconf 88' lang='lat' dir='ltr'><strong>honesta</strong></span> <span class='ocrx_word' id='word_1_191' title='bbox 1759 2581 1888 2622; x_wconf 89' lang='lat' dir='ltr'><strong>cum</strong></span> <span class='ocrx_word' id='word_1_192' title='bbox 1913 2565 2359 2638; x_wconf 88' lang='lat' dir='ltr'><strong>proportione,id</strong></span> 
     </span>
     <span class='ocr_line' id='line_1_26' title="bbox 757 2653 2360 2736; baseline -0.004 -16"><span class='ocrx_word' id='word_1_193' title='bbox 757 2670 842 2720; x_wconf 89' lang='lat' dir='ltr'><strong>est</strong></span> <span class='ocrx_word' id='word_1_194' title='bbox 869 2662 950 2719; x_wconf 87' lang='lat' dir='ltr'><strong>vel</strong></span> <span class='ocrx_word' id='word_1_195' title='bbox 980 2658 1353 2734; x_wconf 88' lang='lat' dir='ltr'><strong>praecipiendo</strong></span> <span class='ocrx_word' id='word_1_196' title='bbox 1384 2658 1697 2736; x_wconf 59' lang='lat' dir='ltr'><strong>transetum,</strong></span> <span class='ocrx_word' id='word_1_197' title='bbox 1729 2655 1813 2712; x_wconf 84' lang='lat' dir='ltr'><strong>vel</strong></span> <span class='ocrx_word' id='word_1_198' title='bbox 1842 2653 2183 2728; x_wconf 90' lang='lat' dir='ltr'><strong>probibendo</strong></span> <span class='ocrx_word' id='word_1_199' title='bbox 2211 2653 2360 2729; x_wconf 89' lang='lat' dir='ltr'><strong>qnod</strong></span> 
     </span>
     <span class='ocr_line' id='line_1_27' title="bbox 759 2743 2358 2823; baseline -0.005 -12"><span class='ocrx_word' id='word_1_200' title='bbox 759 2754 965 2811; x_wconf 90' lang='lat' dir='ltr'><strong>malum</strong></span> <span class='ocrx_word' id='word_1_201' title='bbox 993 2762 1100 2823; x_wconf 85' lang='lat' dir='ltr'><strong>est,</strong></span> <span class='ocrx_word' id='word_1_202' title='bbox 1133 2751 1214 2809; x_wconf 83' lang='lat' dir='ltr'><strong>vel</strong></span> <span class='ocrx_word' id='word_1_203' title='bbox 1239 2751 1431 2808; x_wconf 89' lang='lat' dir='ltr'><strong>saltem</strong></span> <span class='ocrx_word' id='word_1_204' title='bbox 1451 2747 1584 2806; x_wconf 90' lang='lat' dir='ltr'><strong>illud</strong></span> <span class='ocrx_word' id='word_1_205' title='bbox 1607 2763 1714 2805; x_wconf 87' lang='lat' dir='ltr'><strong>non</strong></span> <span class='ocrx_word' id='word_1_206' title='bbox 1735 2743 2134 2819; x_wconf 88' lang='lat' dir='ltr'><strong>praecipiendo:</strong></span> <span class='ocrx_word' id='word_1_207' title='bbox 2154 2745 2358 2819; x_wconf 75' lang='lat' dir='ltr'><strong>loquor</strong></span> 
     </span>
     <span class='ocr_line' id='line_1_28' title="bbox 761 2833 2360 2916; baseline -0.005 -15"><span class='ocrx_word' id='word_1_208' title='bbox 761 2833 946 2902; x_wconf 81' lang='lat' dir='ltr'><strong>autem</strong></span> <span class='ocrx_word' id='word_1_209' title='bbox 972 2843 1038 2900; x_wconf 91' lang='lat' dir='ltr'><strong>de</strong></span> <span class='ocrx_word' id='word_1_210' title='bbox 1065 2847 1334 2916; x_wconf 81' lang='lat' dir='ltr'><strong>potestate</strong></span> <span class='ocrx_word' id='word_1_211' title='bbox 1358 2839 1491 2898; x_wconf 88' lang='lat' dir='ltr'><strong>iuris</strong></span> <span class='ocrx_word' id='word_1_212' title='bbox 1519 2854 1628 2896; x_wconf 88' lang='lat' dir='ltr'><strong>non</strong></span> <span class='ocrx_word' id='word_1_213' title='bbox 1656 2837 1805 2907; x_wconf 81' lang='lat' dir='ltr'><strong>sacti3</strong></span> <span class='ocrx_word' id='word_1_214' title='bbox 1837 2851 1961 2892; x_wconf 90' lang='lat' dir='ltr'><strong>nam</strong></span> <span class='ocrx_word' id='word_1_215' title='bbox 1989 2851 2085 2908; x_wconf 89' lang='lat' dir='ltr'><strong>per</strong></span> <span class='ocrx_word' id='word_1_216' title='bbox 2113 2851 2360 2893; x_wconf 88' lang='lat' dir='ltr'><strong>errorem</strong></span> 
     </span>
     <span class='ocr_line' id='line_1_29' title="bbox 761 2923 2361 3007; baseline -0.005 -17"><span class='ocrx_word' id='word_1_217' title='bbox 761 2949 921 3006; x_wconf 83' lang='lat' dir='ltr'><strong>saepe</strong></span> <span class='ocrx_word' id='word_1_218' title='bbox 947 2933 1301 3007; x_wconf 79' lang='lat' dir='ltr'><strong>magistratus</strong></span> <span class='ocrx_word' id='word_1_219' title='bbox 1323 2929 1492 2988; x_wconf 84' lang='lat' dir='ltr'><strong>civilis</strong></span> <span class='ocrx_word' id='word_1_220' title='bbox 1517 2933 1696 3000; x_wconf 89' lang='lat' dir='ltr'><strong>potest</strong></span> <span class='ocrx_word' id='word_1_221' title='bbox 1722 2926 2038 3000; x_wconf 83' lang='lat' dir='ltr'><strong>praecipere</strong></span> <span class='ocrx_word' id='word_1_222' title='bbox 2059 2923 2263 3000; x_wconf 87' lang='lat' dir='ltr'><strong>aliquid</strong></span> <span class='ocrx_word' id='word_1_223' title='bbox 2282 2927 2361 2983; x_wconf 86' lang='lat' dir='ltr'><strong>in-</strong></span> 
     </span>
     <span class='ocr_line' id='line_1_30' title="bbox 761 3016 2360 3092; baseline -0.004 -12"><span class='ocrx_word' id='word_1_224' title='bbox 761 3025 971 3082; x_wconf 89' lang='lat' dir='ltr'><strong>iustum</strong></span> <span class='ocrx_word' id='word_1_225' title='bbox 997 3022 1084 3080; x_wconf 80' lang='lat' dir='ltr'><strong>vel</strong></span> <span class='ocrx_word' id='word_1_226' title='bbox 1109 3021 1383 3092; x_wconf 89' lang='lat' dir='ltr'><strong>illicitum,</strong></span> <span class='ocrx_word' id='word_1_227' title='bbox 1419 3021 1538 3077; x_wconf 88' lang='lat' dir='ltr'><strong>iure</strong></span> <span class='ocrx_word' id='word_1_228' title='bbox 1567 3025 1746 3076; x_wconf 88' lang='lat' dir='ltr'><strong>tamen</strong></span> <span class='ocrx_word' id='word_1_229' title='bbox 1770 3033 1876 3074; x_wconf 91' lang='lat' dir='ltr'><strong>non</strong></span> <span class='ocrx_word' id='word_1_230' title='bbox 1906 3023 2105 3090; x_wconf 82' lang='lat' dir='ltr'><strong>potest3</strong></span> <span class='ocrx_word' id='word_1_231' title='bbox 2132 3016 2360 3074; x_wconf 88' lang='lat' dir='ltr'><strong>nectale</strong></span> 
     </span>
     <span class='ocr_line' id='line_1_31' title="bbox 761 3106 2361 3188; baseline -0.005 -16"><span class='ocrx_word' id='word_1_232' title='bbox 761 3122 1119 3188; x_wconf 88' lang='lat' dir='ltr'><strong>praeceptum</strong></span> <span class='ocrx_word' id='word_1_233' title='bbox 1135 3111 1337 3184; x_wconf 86' lang='lat' dir='ltr'><strong>poterit</strong></span> <span class='ocrx_word' id='word_1_234' title='bbox 1347 3106 1534 3167; x_wconf 83' lang='lat' dir='ltr'><strong>veram&#39;</strong></span> <span class='ocrx_word' id='word_1_235' title='bbox 1548 3109 1815 3168; x_wconf 88' lang='lat' dir='ltr'><strong>rationem</strong></span> <span class='ocrx_word' id='word_1_236' title='bbox 1839 3108 1970 3182; x_wconf 89' lang='lat' dir='ltr'><strong>legis</strong></span> <span class='ocrx_word' id='word_1_237' title='bbox 1993 3107 2216 3180; x_wconf 87' lang='lat' dir='ltr'><strong>habere,</strong></span> <span class='ocrx_word' id='word_1_238' title='bbox 2233 3109 2361 3182; x_wconf 91' lang='lat' dir='ltr'><strong>quia</strong></span> 
     </span>
     <span class='ocr_line' id='line_1_32' title="bbox 761 3198 2361 3274; baseline -0.006 -11"><span class='ocrx_word' id='word_1_239' title='bbox 761 3205 848 3263; x_wconf 80' lang='lat' dir='ltr'><strong>lex</strong></span> <span class='ocrx_word' id='word_1_240' title='bbox 873 3205 1076 3261; x_wconf 89' lang='lat' dir='ltr'><strong>iniusta</strong></span> <span class='ocrx_word' id='word_1_241' title='bbox 1105 3202 1187 3260; x_wconf 79' lang='lat' dir='ltr'><strong>vel</strong></span> <span class='ocrx_word' id='word_1_242' title='bbox 1231 3203 1406 3274; x_wconf 89' lang='lat' dir='ltr'><strong>turpis</strong></span> <span class='ocrx_word' id='word_1_243' title='bbox 1435 3216 1544 3258; x_wconf 89' lang='lat' dir='ltr'><strong>non</strong></span> <span class='ocrx_word' id='word_1_244' title='bbox 1571 3205 1657 3257; x_wconf 88' lang='lat' dir='ltr'><strong>est</strong></span> <span class='ocrx_word' id='word_1_245' title='bbox 1683 3198 1791 3272; x_wconf 88' lang='lat' dir='ltr'><strong>lex,</strong></span> <span class='ocrx_word' id='word_1_246' title='bbox 1819 3205 2070 3270; x_wconf 87' lang='lat' dir='ltr'><strong>utsupra</strong></span> <span class='ocrx_word' id='word_1_247' title='bbox 2093 3198 2184 3255; x_wconf 88' lang='lat' dir='ltr'><strong>lib.</strong></span> <span class='ocrx_word' id='word_1_248' title='bbox 2212 3199 2251 3254; x_wconf 89' lang='grc'><strong>1.</strong></span> <span class='ocrx_word' id='word_1_249' title='bbox 2280 3199 2361 3256; x_wconf 88' lang='lat' dir='ltr'><strong>di-</strong></span> 
     </span>
     <span class='ocr_line' id='line_1_33' title="bbox 761 3288 2356 3365; baseline -0.004 -13"><span class='ocrx_word' id='word_1_250' title='bbox 761 3303 916 3352; x_wconf 89' lang='lat' dir='ltr'><strong>ctum</strong></span> <span class='ocrx_word' id='word_1_251' title='bbox 933 3302 1018 3352; x_wconf 87' lang='lat' dir='ltr'><strong>est</strong></span> <span class='ocrx_word' id='word_1_252' title='bbox 1037 3309 1172 3352; x_wconf 90' lang='lat' dir='ltr'><strong>cum</strong></span> <span class='ocrx_word' id='word_1_253' title='bbox 1195 3294 1432 3365; x_wconf 82' lang='lat' dir='ltr'><strong>August.</strong></span> <span class='ocrx_word' id='word_1_254' title='bbox 1462 3290 1556 3348; x_wconf 89' lang='lat' dir='ltr'><strong>lib.</strong></span> <span class='ocrx_word' id='word_1_255' title='bbox 1582 3288 1719 3349; x_wconf 82' lang='lat' dir='ltr'><strong>t&#39;.de</strong></span> <span class='ocrx_word' id='word_1_256' title='bbox 1740 3289 1924 3346; x_wconf 80' lang='lat' dir='ltr'><strong>libero</strong></span> <span class='ocrx_word' id='word_1_257' title='bbox 1945 3289 2213 3351; x_wconf 80' lang='lat' dir='ltr'><strong>arbitrio,</strong></span> <span class='ocrx_word' id='word_1_258' title='bbox 2231 3305 2283 3346; x_wconf 92' lang='lat' dir='ltr'><strong>c.</strong></span> <span class='ocrx_word' id='word_1_259' title='bbox 2303 3296 2356 3348; x_wconf 84' lang='lat'><strong>5.</strong></span> 
     </span>
     <span class='ocr_line' id='line_1_34' title="bbox 761 3378 2360 3459; baseline -0.004 -16"><span class='ocrx_word' id='word_1_260' title='bbox 761 3387 900 3443; x_wconf 79' lang='lat' dir='ltr'><strong>Vera</strong></span> <span class='ocrx_word' id='word_1_261' title='bbox 929 3401 1060 3459; x_wconf 90' lang='lat' dir='ltr'><strong>ergo</strong></span> <span class='ocrx_word' id='word_1_262' title='bbox 1090 3384 1175 3440; x_wconf 88' lang='lat' dir='ltr'><strong>lex</strong></span> <span class='ocrx_word' id='word_1_263' title='bbox 1203 3381 1375 3439; x_wconf 86' lang='lat' dir='ltr'><strong>civilis</strong></span> <span class='ocrx_word' id='word_1_264' title='bbox 1405 3397 1512 3438; x_wconf 91' lang='lat' dir='ltr'><strong>non</strong></span> <span class='ocrx_word' id='word_1_265' title='bbox 1542 3386 1724 3452; x_wconf 89' lang='lat' dir='ltr'><strong>potest</strong></span> <span class='ocrx_word' id='word_1_266' title='bbox 1751 3395 1873 3436; x_wconf 89' lang='lat' dir='ltr'><strong>esse</strong></span> <span class='ocrx_word' id='word_1_267' title='bbox 1899 3378 1968 3435; x_wconf 91' lang='lat' dir='ltr'><strong>de</strong></span> <span class='ocrx_word' id='word_1_268' title='bbox 1998 3379 2167 3451; x_wconf 86' lang='lat' dir='ltr'><strong>turpi.</strong></span> <span class='ocrx_word' id='word_1_269' title='bbox 2204 3379 2360 3436; x_wconf 87' lang='lat' dir='ltr'><strong>Ratio</strong></span> 
     </span>
     <span class='ocr_line' id='line_1_35' title="bbox 763 3467 2364 3547; baseline -0.004 -15"><span class='ocrx_word' id='word_1_270' title='bbox 763 3491 795 3532; x_wconf 88' lang='lat' dir='ltr'><strong>a</strong></span> <span class='ocrx_word' id='word_1_271' title='bbox 822 3475 987 3547; x_wconf 87' lang='lat' dir='ltr'><strong>priori</strong></span> <span class='ocrx_word' id='word_1_272' title='bbox 1014 3480 1119 3546; x_wconf 88' lang='lat' dir='ltr'><strong>est,</strong></span> <span class='ocrx_word' id='word_1_273' title='bbox 1151 3473 1278 3546; x_wconf 89' lang='lat' dir='ltr'><strong>quia</strong></span> <span class='ocrx_word' id='word_1_274' title='bbox 1305 3470 1388 3528; x_wconf 84' lang='lat' dir='ltr'><strong>lex</strong></span> <span class='ocrx_word' id='word_1_275' title='bbox 1417 3468 1682 3526; x_wconf 88' lang='lat' dir='ltr'><strong>naturalis</strong></span> <span class='ocrx_word' id='word_1_276' title='bbox 1714 3467 1963 3540; x_wconf 88' lang='lat' dir='ltr'><strong>prohibet</strong></span> <span class='ocrx_word' id='word_1_277' title='bbox 1986 3468 2255 3542; x_wconf 90' lang='lat' dir='ltr'><strong>quidquid</strong></span> <span class='ocrx_word' id='word_1_278' title='bbox 2276 3475 2364 3526; x_wconf 83' lang='lat' dir='ltr'><strong>est</strong></span> 
     </span>
     <span class='ocr_line' id='line_1_36' title="bbox 765 3557 2362 3637; baseline -0.006 -13"><span class='ocrx_word' id='word_1_279' title='bbox 765 3572 959 3637; x_wconf 78' lang='lat' dir='ltr'><strong>turpe3</strong></span> <span class='ocrx_word' id='word_1_280' title='bbox 993 3564 1080 3622; x_wconf 85' lang='lat' dir='ltr'><strong>lex</strong></span> <span class='ocrx_word' id='word_1_281' title='bbox 1107 3568 1294 3620; x_wconf 89' lang='lat' dir='ltr'><strong>autem</strong></span> <span class='ocrx_word' id='word_1_282' title='bbox 1323 3560 1494 3618; x_wconf 86' lang='lat' dir='ltr'><strong>civilis</strong></span> <span class='ocrx_word' id='word_1_283' title='bbox 1521 3575 1632 3616; x_wconf 90' lang='lat' dir='ltr'><strong>non</strong></span> <span class='ocrx_word' id='word_1_284' title='bbox 1659 3564 1838 3630; x_wconf 90' lang='lat' dir='ltr'><strong>potest</strong></span> <span class='ocrx_word' id='word_1_285' title='bbox 1859 3557 2032 3630; x_wconf 88' lang='lat' dir='ltr'><strong>legem</strong></span> <span class='ocrx_word' id='word_1_286' title='bbox 2057 3557 2362 3615; x_wconf 85' lang='lat' dir='ltr'><strong>naturalem</strong></span> 
     </span>
     <span class='ocr_line' id='line_1_37' title="bbox 762 3646 2364 3724; baseline -0.004 -12"><span class='ocrx_word' id='word_1_287' title='bbox 762 3654 1000 3724; x_wconf 80' lang='lat' dir='ltr'><strong>auferre,</strong></span> <span class='ocrx_word' id='word_1_288' title='bbox 1031 3667 1132 3710; x_wconf 87' lang='lat' dir='ltr'><strong>nec</strong></span> <span class='ocrx_word' id='word_1_289' title='bbox 1163 3651 1328 3708; x_wconf 87' lang='lat' dir='ltr'><strong>homo</strong></span> <span class='ocrx_word' id='word_1_290' title='bbox 1356 3655 1536 3721; x_wconf 89' lang='lat' dir='ltr'><strong>potest</strong></span> <span class='ocrx_word' id='word_1_291' title='bbox 1563 3646 1721 3705; x_wconf 87' lang='lat' dir='ltr'><strong>simul</strong></span> <span class='ocrx_word' id='word_1_292' title='bbox 1745 3646 1972 3721; x_wconf 89' lang='lat' dir='ltr'><strong>obligari</strong></span> <span class='ocrx_word' id='word_1_293' title='bbox 1994 3648 2205 3721; x_wconf 88' lang='lat' dir='ltr'><strong>legibus</strong></span> <span class='ocrx_word' id='word_1_294' title='bbox 2230 3663 2364 3706; x_wconf 86' lang='lat' dir='ltr'><strong>con-</strong></span> 
     </span>
     <span class='ocr_line' id='line_1_38' title="bbox 764 3737 2363 3817; baseline -0.006 -14"><span class='ocrx_word' id='word_1_295' title='bbox 764 3745 966 3814; x_wconf 77' lang='lat' dir='ltr'><strong>trariis3</strong></span> <span class='ocrx_word' id='word_1_296' title='bbox 998 3759 1130 3817; x_wconf 86' lang='lat' dir='ltr'><strong>ergo</strong></span> <span class='ocrx_word' id='word_1_297' title='bbox 1158 3741 1492 3814; x_wconf 88' lang='lat' dir='ltr'><strong>impossibile</strong></span> <span class='ocrx_word' id='word_1_298' title='bbox 1511 3745 1619 3811; x_wconf 89' lang='lat' dir='ltr'><strong>est,</strong></span> <span class='ocrx_word' id='word_1_299' title='bbox 1647 3745 1711 3796; x_wconf 91' lang='lat' dir='ltr'><strong>ut</strong></span> <span class='ocrx_word' id='word_1_300' title='bbox 1735 3737 1854 3795; x_wconf 87' lang='lat' dir='ltr'><strong>talis</strong></span> <span class='ocrx_word' id='word_1_301' title='bbox 1875 3737 1960 3794; x_wconf 84' lang='lat' dir='ltr'><strong>lex</strong></span> <span class='ocrx_word' id='word_1_302' title='bbox 1979 3737 2150 3794; x_wconf 87' lang='lat' dir='ltr'><strong>civilis</strong></span> <span class='ocrx_word' id='word_1_303' title='bbox 2176 3740 2249 3795; x_wconf 89' lang='lat' dir='ltr'><strong>sit</strong></span> <span class='ocrx_word' id='word_1_304' title='bbox 2271 3755 2363 3794; x_wconf 82' lang='lat' dir='ltr'><strong>ve-</strong></span> 
     </span>
     <span class='ocr_line' id='line_1_39' title="bbox 761 3826 2359 3907; baseline -0.006 -14"><span class='ocrx_word' id='word_1_305' title='bbox 761 3851 824 3893; x_wconf 90' lang='lat' dir='ltr'><strong>ra</strong></span> <span class='ocrx_word' id='word_1_306' title='bbox 850 3835 958 3907; x_wconf 84' lang='lat' dir='ltr'><strong>lex,</strong></span> <span class='ocrx_word' id='word_1_307' title='bbox 991 3840 1090 3890; x_wconf 89' lang='lat' dir='ltr'><strong>aut</strong></span> <span class='ocrx_word' id='word_1_308' title='bbox 1117 3831 1336 3904; x_wconf 89' lang='lat' dir='ltr'><strong>obliget.</strong></span> <span class='ocrx_word' id='word_1_309' title='bbox 1368 3828 1532 3887; x_wconf 76' lang='lat' dir='ltr'><strong>Maior</strong></span> <span class='ocrx_word' id='word_1_310' title='bbox 1555 3833 1771 3886; x_wconf 89' lang='lat' dir='ltr'><strong>constat</strong></span> <span class='ocrx_word' id='word_1_311' title='bbox 1785 3841 1852 3884; x_wconf 84' lang='lat' dir='ltr'><strong>ex</strong></span> <span class='ocrx_word' id='word_1_312' title='bbox 1873 3827 2035 3884; x_wconf 90' lang='lat' dir='ltr'><strong>dictis</strong></span> <span class='ocrx_word' id='word_1_313' title='bbox 2060 3826 2148 3884; x_wconf 91' lang='lat' dir='ltr'><strong>lib.</strong></span> <span class='ocrx_word' id='word_1_314' title='bbox 2176 3828 2243 3884; x_wconf 87' lang='lat'><strong>11.</strong></span> <span class='ocrx_word' id='word_1_315' title='bbox 2268 3829 2359 3886; x_wconf 77' lang='lat' dir='ltr'><strong>iti·</strong></span> 
     </span>
     <span class='ocr_line' id='line_1_40' title="bbox 764 3917 2362 3999; baseline -0.004 -16"><span class='ocrx_word' id='word_1_316' title='bbox 764 3941 868 3983; x_wconf 89' lang='lat' dir='ltr'><strong>nor</strong></span> <span class='ocrx_word' id='word_1_317' title='bbox 888 3925 1068 3999; x_wconf 83' lang='lat' dir='ltr'><strong>quoad</strong></span> <span class='ocrx_word' id='word_1_318' title='bbox 1089 3924 1450 3997; x_wconf 82' lang='lat' dir='ltr'><strong>posteriorem</strong></span> <span class='ocrx_word' id='word_1_319' title='bbox 1474 3925 1683 3994; x_wconf 89' lang='lat' dir='ltr'><strong>partem</strong></span> <span class='ocrx_word' id='word_1_320' title='bbox 1707 3933 1806 3991; x_wconf 91' lang='lat' dir='ltr'><strong>per</strong></span> <span class='ocrx_word' id='word_1_321' title='bbox 1827 3933 1884 3975; x_wconf 89' lang='lat' dir='ltr'><strong>se</strong></span> <span class='ocrx_word' id='word_1_322' title='bbox 1906 3923 2034 3974; x_wconf 89' lang='lat' dir='ltr'><strong>nota</strong></span> <span class='ocrx_word' id='word_1_323' title='bbox 2053 3917 2362 3987; x_wconf 83' lang='lat' dir='ltr'><strong>est.Quoad</strong></span> 
     </span>
     <span class='ocr_line' id='line_1_41' title="bbox 763 4008 2365 4088; baseline -0.005 -14"><span class='ocrx_word' id='word_1_324' title='bbox 763 4017 1000 4088; x_wconf 85' lang='lat' dir='ltr'><strong>priorem</strong></span> <span class='ocrx_word' id='word_1_325' title='bbox 1028 4029 1162 4072; x_wconf 80' lang='lat' dir='ltr'><strong>vero</strong></span> <span class='ocrx_word' id='word_1_326' title='bbox 1194 4019 1435 4085; x_wconf 83' lang='lat' dir='ltr'><strong>constat3</strong></span> <span class='ocrx_word' id='word_1_327' title='bbox 1468 4017 1586 4068; x_wconf 90' lang='lat' dir='ltr'><strong>tum</strong></span> <span class='ocrx_word' id='word_1_328' title='bbox 1612 4009 1741 4082; x_wconf 89' lang='lat' dir='ltr'><strong>quia</strong></span> <span class='ocrx_word' id='word_1_329' title='bbox 1783 4008 2002 4065; x_wconf 79' lang='lat' dir='ltr'><strong>inferior</strong></span> <span class='ocrx_word' id='word_1_330' title='bbox 2031 4024 2140 4066; x_wconf 89' lang='lat' dir='ltr'><strong>non</strong></span> <span class='ocrx_word' id='word_1_331' title='bbox 2182 4016 2365 4080; x_wconf 90' lang='lat' dir='ltr'><strong>potest</strong></span> 
     </span>
     <span class='ocr_line' id='line_1_42' title="bbox 763 4086 2364 4181; baseline -0.005 -16"><span class='ocrx_word' id='word_1_332' title='bbox 763 4108 1030 4181; x_wconf 87' lang='lat' dir='ltr'><strong>abrogare</strong></span> <span class='ocrx_word' id='word_1_333' title='bbox 1049 4105 1220 4178; x_wconf 89' lang='lat' dir='ltr'><strong>legem</strong></span> <span class='ocrx_word' id='word_1_334' title='bbox 1241 4086 1558 4176; x_wconf 78' lang='lat' dir='ltr'><strong>superioris,</strong></span> <span class='ocrx_word' id='word_1_335' title='bbox 1582 4115 1682 4157; x_wconf 90' lang='lat' dir='ltr'><strong>nec</strong></span> <span class='ocrx_word' id='word_1_336' title='bbox 1707 4098 1780 4157; x_wconf 90' lang='lat' dir='ltr'><strong>illi</strong></span> <span class='ocrx_word' id='word_1_337' title='bbox 1799 4099 2087 4173; x_wconf 85' lang='lat' dir='ltr'><strong>derogare.</strong></span> <span class='ocrx_word' id='word_1_338' title='bbox 2102 4098 2256 4157; x_wconf 85' lang='lat' dir='ltr'><strong>Unde</strong></span> <span class='ocrx_word' id='word_1_339' title='bbox 2276 4100 2364 4157; x_wconf 90' lang='lat' dir='ltr'><strong>ius</strong></span> 
     </span>
     <span class='ocr_line' id='line_1_43' title="bbox 764 4190 2364 4271; baseline -0.006 -15"><span class='ocrx_word' id='word_1_340' title='bbox 764 4199 1102 4271; x_wconf 86' lang='lat' dir='ltr'><strong>praetorium</strong></span> <span class='ocrx_word' id='word_1_341' title='bbox 1141 4196 1194 4252; x_wconf 90' lang='lat' dir='ltr'><strong>in</strong></span> <span class='ocrx_word' id='word_1_342' title='bbox 1227 4194 1346 4251; x_wconf 90' lang='lat' dir='ltr'><strong>iure</strong></span> <span class='ocrx_word' id='word_1_343' title='bbox 1371 4192 1512 4249; x_wconf 88' lang='lat' dir='ltr'><strong>civili</strong></span> <span class='ocrx_word' id='word_1_344' title='bbox 1541 4207 1646 4250; x_wconf 88' lang='lat' dir='ltr'><strong>non</strong></span> <span class='ocrx_word' id='word_1_345' title='bbox 1676 4190 1822 4249; x_wconf 85' lang='lat' dir='ltr'><strong>valet</strong></span> <span class='ocrx_word' id='word_1_346' title='bbox 1857 4196 2055 4249; x_wconf 88' lang='lat' dir='ltr'><strong>contra</strong></span> <span class='ocrx_word' id='word_1_347' title='bbox 2082 4190 2169 4248; x_wconf 90' lang='lat' dir='ltr'><strong>ius</strong></span> <span class='ocrx_word' id='word_1_348' title='bbox 2194 4191 2364 4264; x_wconf 82' lang='lat' dir='ltr'><strong>impe·</strong></span> 
     </span>
     <span class='ocr_line' id='line_1_44' title="bbox 765 4282 2359 4361; baseline -0.004 -14"><span class='ocrx_word' id='word_1_349' title='bbox 765 4287 996 4361; x_wconf 81' lang='lat' dir='ltr'><strong>tatoris,</strong></span> <span class='ocrx_word' id='word_1_350' title='bbox 1026 4286 1064 4343; x_wconf 93' lang='lat' dir='ltr'><strong>l.</strong></span> <span class='ocrx_word' id='word_1_351' title='bbox 1096 4290 1163 4355; x_wconf 82' lang='grc'><strong>2,</strong></span> <span class='ocrx_word' id='word_1_352' title='bbox 1192 4284 1254 4342; x_wconf 89' lang='lat' dir='ltr'><strong>C.</strong></span> <span class='ocrx_word' id='word_1_353' title='bbox 1285 4284 1351 4341; x_wconf 92' lang='lat' dir='ltr'><strong>de</strong></span> <span class='ocrx_word' id='word_1_354' title='bbox 1387 4282 1540 4340; x_wconf 85' lang='lat' dir='ltr'><strong>offic.</strong></span> <span class='ocrx_word' id='word_1_355' title='bbox 1583 4282 1840 4354; x_wconf 78' lang='lat' dir='ltr'><strong>praetecti</strong></span> <span class='ocrx_word' id='word_1_356' title='bbox 1881 4289 2118 4355; x_wconf 88' lang='lat' dir='ltr'><strong>praetor.</strong></span> <span class='ocrx_word' id='word_1_357' title='bbox 2163 4282 2359 4341; x_wconf 90' lang='lat' dir='ltr'><strong>orient.</strong></span> 
     </span>
     <span class='ocr_line' id='line_1_45' title="bbox 765 4372 2363 4447; baseline -0.004 -10"><span class='ocrx_word' id='word_1_358' title='bbox 765 4385 821 4437; x_wconf 92' lang='lat' dir='ltr'><strong>et</strong></span> <span class='ocrx_word' id='word_1_359' title='bbox 846 4379 900 4435; x_wconf 90' lang='lat' dir='ltr'><strong>in</strong></span> <span class='ocrx_word' id='word_1_360' title='bbox 929 4378 1246 4434; x_wconf 83' lang='lat' dir='ltr'><strong>universum</strong></span> <span class='ocrx_word' id='word_1_361' title='bbox 1275 4374 1361 4431; x_wconf 80' lang='lat' dir='ltr'><strong>lex</strong></span> <span class='ocrx_word' id='word_1_362' title='bbox 1381 4373 1646 4430; x_wconf 78' lang='lat' dir='ltr'><strong>inferioris</strong></span> <span class='ocrx_word' id='word_1_363' title='bbox 1667 4388 1776 4428; x_wconf 91' lang='lat' dir='ltr'><strong>non</strong></span> <span class='ocrx_word' id='word_1_364' title='bbox 1799 4373 1944 4430; x_wconf 83' lang='lat' dir='ltr'><strong>valet</strong></span> <span class='ocrx_word' id='word_1_365' title='bbox 1963 4379 2158 4430; x_wconf 89' lang='lat' dir='ltr'><strong>contra</strong></span> <span class='ocrx_word' id='word_1_366' title='bbox 2190 4372 2363 4447; x_wconf 88' lang='lat' dir='ltr'><strong>legem</strong></span> 
     </span>
     <span class='ocr_line' id='line_1_46' title="bbox 765 4461 2361 4542; baseline -0.003 -16"><span class='ocrx_word' id='word_1_367' title='bbox 765 4468 1132 4542; x_wconf 89' lang='lat' dir='ltr'><strong>imperatoris,</strong></span> <span class='ocrx_word' id='word_1_368' title='bbox 1162 4465 1200 4523; x_wconf 94' lang='lat' dir='ltr'><strong>l.</strong></span> <span class='ocrx_word' id='word_1_369' title='bbox 1228 4479 1421 4531; x_wconf 83' lang='lat' dir='ltr'><strong>cassa,</strong></span> <span class='ocrx_word' id='word_1_370' title='bbox 1448 4465 1509 4521; x_wconf 88' lang='lat' dir='ltr'><strong>C.</strong></span> <span class='ocrx_word' id='word_1_371' title='bbox 1532 4462 1602 4520; x_wconf 90' lang='lat' dir='ltr'><strong>de</strong></span> <span class='ocrx_word' id='word_1_372' title='bbox 1623 4478 1835 4520; x_wconf 88' lang='lat' dir='ltr'><strong>sacros.</strong></span> <span class='ocrx_word' id='word_1_373' title='bbox 1864 4461 2078 4522; x_wconf 87' lang='lat' dir='ltr'><strong>Eccles.</strong></span> <span class='ocrx_word' id='word_1_374' title='bbox 2103 4480 2237 4537; x_wconf 85' lang='lat' dir='ltr'><strong>ergo</strong></span> <span class='ocrx_word' id='word_1_375' title='bbox 2260 4479 2361 4522; x_wconf 89' lang='lat' dir='ltr'><strong>nec</strong></span> 
     </span>
     <span class='ocr_line' id='line_1_47' title="bbox 766 4552 2361 4629; baseline -0.003 -12"><span class='ocrx_word' id='word_1_376' title='bbox 766 4559 850 4617; x_wconf 80' lang='lat' dir='ltr'><strong>lex</strong></span> <span class='ocrx_word' id='word_1_377' title='bbox 879 4557 1226 4629; x_wconf 89' lang='lat' dir='ltr'><strong>imperatoris</strong></span> <span class='ocrx_word' id='word_1_378' title='bbox 1253 4562 1350 4613; x_wconf 90' lang='lat' dir='ltr'><strong>aut</strong></span> <span class='ocrx_word' id='word_1_379' title='bbox 1378 4553 1522 4628; x_wconf 86' lang='lat' dir='ltr'><strong>regis</strong></span> <span class='ocrx_word' id='word_1_380' title='bbox 1559 4552 1739 4610; x_wconf 84' lang='lat' dir='ltr'><strong>valere</strong></span> <span class='ocrx_word' id='word_1_381' title='bbox 1766 4559 1950 4626; x_wconf 89' lang='lat' dir='ltr'><strong>potest</strong></span> <span class='ocrx_word' id='word_1_382' title='bbox 1970 4561 2166 4612; x_wconf 87' lang='lat' dir='ltr'><strong>contra</strong></span> <span class='ocrx_word' id='word_1_383' title='bbox 2186 4554 2361 4628; x_wconf 89' lang='lat' dir='ltr'><strong>legem</strong></span> 
     </span>
     <span class='ocr_line' id='line_1_48' title="bbox 767 4643 2363 4720; baseline -0.003 -13"><span class='ocrx_word' id='word_1_384' title='bbox 767 4651 890 4720; x_wconf 87' lang='lat' dir='ltr'><strong>Dei,</strong></span> <span class='ocrx_word' id='word_1_385' title='bbox 914 4655 976 4707; x_wconf 89' lang='lat' dir='ltr'><strong>ut</strong></span> <span class='ocrx_word' id='word_1_386' title='bbox 1003 4653 1153 4706; x_wconf 88' lang='lat' dir='ltr'><strong>recte</strong></span> <span class='ocrx_word' id='word_1_387' title='bbox 1180 4645 1392 4719; x_wconf 82' lang='lat' dir='ltr'><strong>colligit</strong></span> <span class='ocrx_word' id='word_1_388' title='bbox 1415 4644 1754 4718; x_wconf 85' lang='lat' dir='ltr'><strong>Augustinus</strong></span> <span class='ocrx_word' id='word_1_389' title='bbox 1799 4661 1965 4702; x_wconf 87' lang='lat' dir='ltr'><strong>serm.</strong></span> <span class='ocrx_word' id='word_1_390' title='bbox 1999 4649 2053 4702; x_wconf 88' lang='lat'><strong>6.</strong></span> <span class='ocrx_word' id='word_1_391' title='bbox 2085 4643 2152 4701; x_wconf 91' lang='lat' dir='ltr'><strong>de</strong></span> <span class='ocrx_word' id='word_1_392' title='bbox 2183 4645 2363 4702; x_wconf 85' lang='lat' dir='ltr'><strong>verbis</strong></span> 
     </span>
     <span class='ocr_line' id='line_1_49' title="bbox 765 4733 2361 4812; baseline -0.004 -13"><span class='ocrx_word' id='word_1_393' title='bbox 765 4738 997 4812; x_wconf 82' lang='lat' dir='ltr'><strong>Domini,</strong></span> <span class='ocrx_word' id='word_1_394' title='bbox 1028 4745 1086 4795; x_wconf 91' lang='lat' dir='ltr'><strong>et</strong></span> <span class='ocrx_word' id='word_1_395' title='bbox 1111 4736 1336 4811; x_wconf 89' lang='lat' dir='ltr'><strong>epistola</strong></span> <span class='ocrx_word' id='word_1_396' title='bbox 1372 4738 1473 4794; x_wconf 83' lang='grc'><strong>166</strong></span> <span class='ocrx_word' id='word_1_397' title='bbox 1493 4777 1507 4804; x_wconf 92' lang='grc'><strong>,</strong></span> <span class='ocrx_word' id='word_1_398' title='bbox 1539 4741 1596 4793; x_wconf 89' lang='lat' dir='ltr'><strong>et</strong></span> <span class='ocrx_word' id='word_1_399' title='bbox 1618 4733 1851 4792; x_wconf 88' lang='lat' dir='ltr'><strong>habetur</strong></span> <span class='ocrx_word' id='word_1_400' title='bbox 1879 4736 1932 4792; x_wconf 88' lang='lat' dir='ltr'><strong>in</strong></span> <span class='ocrx_word' id='word_1_401' title='bbox 1961 4749 2086 4808; x_wconf 89' lang='lat' dir='ltr'><strong>cap.</strong></span> <span class='ocrx_word' id='word_1_402' title='bbox 2126 4738 2248 4811; x_wconf 78' lang='lat' dir='ltr'><strong>Qui</strong></span> <span class='ocrx_word' id='word_1_403' title='bbox 2273 4750 2361 4793; x_wconf 82' lang='lat' dir='ltr'><strong>re-</strong></span> 
     </span>
     <span class='ocr_line' id='line_1_50' title="bbox 767 4826 2361 4902; baseline -0.004 -12"><span class='ocrx_word' id='word_1_404' title='bbox 767 4835 950 4900; x_wconf 68' lang='lat' dir='ltr'><strong>sistit,</strong></span> <span class='ocrx_word' id='word_1_405' title='bbox 983 4845 1114 4888; x_wconf 91' lang='lat' dir='ltr'><strong>cum</strong></span> <span class='ocrx_word' id='word_1_406' title='bbox 1155 4826 1463 4902; x_wconf 86' lang='lat' dir='ltr'><strong>sequentib.</strong></span> <span class='ocrx_word' id='word_1_407' title='bbox 1504 4831 1589 4886; x_wconf 91' lang='grc'><strong>11.</strong></span> <span class='ocrx_word' id='word_1_408' title='bbox 1620 4829 1927 4900; x_wconf 86' lang='lat' dir='ltr'><strong>quaestion.</strong></span> <span class='ocrx_word' id='word_1_409' title='bbox 1961 4831 2015 4886; x_wconf 86' lang='lat'><strong>3.</strong></span> <span class='ocrx_word' id='word_1_410' title='bbox 2047 4827 2186 4884; x_wconf 91' lang='lat' dir='ltr'><strong>Cum</strong></span> <span class='ocrx_word' id='word_1_411' title='bbox 2227 4842 2361 4901; x_wconf 88' lang='lat' dir='ltr'><strong>ergo</strong></span> 
     </span>
     <span class='ocr_line' id='line_1_51' title="bbox 766 4917 2361 4991; baseline -0.003 -13"><span class='ocrx_word' id='word_1_412' title='bbox 766 4920 854 4978; x_wconf 82' lang='lat' dir='ltr'><strong>lex</strong></span> <span class='ocrx_word' id='word_1_413' title='bbox 879 4918 1143 4977; x_wconf 89' lang='lat' dir='ltr'><strong>naturalis</strong></span> <span class='ocrx_word' id='word_1_414' title='bbox 1170 4920 1244 4975; x_wconf 88' lang='lat' dir='ltr'><strong>sit</strong></span> <span class='ocrx_word' id='word_1_415' title='bbox 1271 4917 1352 4974; x_wconf 79' lang='lat' dir='ltr'><strong>les</strong></span> <span class='ocrx_word' id='word_1_416' title='bbox 1381 4917 1498 4988; x_wconf 88' lang='lat' dir='ltr'><strong>Dei,</strong></span> <span class='ocrx_word' id='word_1_417' title='bbox 1530 4921 1594 4975; x_wconf 90' lang='lat' dir='ltr'><strong>ut</strong></span> <span class='ocrx_word' id='word_1_418' title='bbox 1619 4932 1786 4990; x_wconf 87' lang='lat' dir='ltr'><strong>supra</strong></span> <span class='ocrx_word' id='word_1_419' title='bbox 1813 4923 2094 4973; x_wconf 86' lang='lat' dir='ltr'><strong>ostensum</strong></span> <span class='ocrx_word' id='word_1_420' title='bbox 2117 4923 2226 4991; x_wconf 88' lang='lat' dir='ltr'><strong>est,</strong></span> <span class='ocrx_word' id='word_1_421' title='bbox 2250 4932 2361 4974; x_wconf 89' lang='lat' dir='ltr'><strong>non</strong></span> 
     </span>
     <span class='ocr_line' id='line_1_52' title="bbox 767 5006 2358 5084; baseline -0.001 -16"><span class='ocrx_word' id='word_1_422' title='bbox 767 5016 953 5084; x_wconf 87' lang='lat' dir='ltr'><strong>potest</strong></span> <span class='ocrx_word' id='word_1_423' title='bbox 978 5010 1064 5067; x_wconf 82' lang='lat' dir='ltr'><strong>lex</strong></span> <span class='ocrx_word' id='word_1_424' title='bbox 1089 5010 1262 5066; x_wconf 87' lang='lat' dir='ltr'><strong>civilis</strong></span> <span class='ocrx_word' id='word_1_425' title='bbox 1290 5015 1485 5066; x_wconf 87' lang='lat' dir='ltr'><strong>contra</strong></span> <span class='ocrx_word' id='word_1_426' title='bbox 1513 5006 1656 5064; x_wconf 84' lang='lat' dir='ltr'><strong>illam</strong></span> <span class='ocrx_word' id='word_1_427' title='bbox 1684 5007 2014 5080; x_wconf 77' lang='lat' dir='ltr'><strong>praevaler03</strong></span> <span class='ocrx_word' id='word_1_428' title='bbox 2040 5006 2203 5065; x_wconf 89' lang='lat' dir='ltr'><strong>debet</strong></span> <span class='ocrx_word' id='word_1_429' title='bbox 2223 5023 2358 5080; x_wconf 89' lang='lat' dir='ltr'><strong>ergo</strong></span> 
     </span>
     <span class='ocr_line' id='line_1_53' title="bbox 766 5097 2355 5172; baseline -0.001 -15"><span class='ocrx_word' id='word_1_430' title='bbox 766 5116 888 5158; x_wconf 89' lang='lat' dir='ltr'><strong>esse</strong></span> <span class='ocrx_word' id='word_1_431' title='bbox 916 5099 982 5157; x_wconf 90' lang='lat' dir='ltr'><strong>de</strong></span> <span class='ocrx_word' id='word_1_432' title='bbox 1008 5115 1068 5157; x_wconf 92' lang='lat' dir='ltr'><strong>re</strong></span> <span class='ocrx_word' id='word_1_433' title='bbox 1090 5099 1322 5157; x_wconf 87' lang='lat' dir='ltr'><strong>honesta</strong></span> <span class='ocrx_word' id='word_1_434' title='bbox 1349 5114 1448 5156; x_wconf 90' lang='lat' dir='ltr'><strong>seu</strong></span> <span class='ocrx_word' id='word_1_435' title='bbox 1476 5103 1843 5156; x_wconf 89' lang='lat' dir='ltr'><strong>consentanea</strong></span> <span class='ocrx_word' id='word_1_436' title='bbox 1863 5097 2060 5156; x_wconf 88' lang='lat' dir='ltr'><strong>rationi</strong></span> <span class='ocrx_word' id='word_1_437' title='bbox 2093 5098 2355 5172; x_wconf 86' lang='lat' dir='ltr'><strong>naturali,</strong></span> 
     </span>
     <span class='ocr_line' id='line_1_54' title="bbox 767 5190 1302 5249; baseline -0.004 -1"><span class='ocrx_word' id='word_1_438' title='bbox 767 5190 900 5249; x_wconf 87' lang='lat' dir='ltr'><strong>alias</strong></span> <span class='ocrx_word' id='word_1_439' title='bbox 926 5194 1014 5248; x_wconf 76' lang='lat' dir='ltr'><strong>lex</strong></span> <span class='ocrx_word' id='word_1_440' title='bbox 1039 5207 1150 5248; x_wconf 90' lang='lat' dir='ltr'><strong>non</strong></span> <span class='ocrx_word' id='word_1_441' title='bbox 1176 5190 1302 5248; x_wconf 89' lang='lat' dir='ltr'><strong>erit.</strong></span> 
     </span>
    </p>

    <p class='ocr_par' dir='ltr' id='par_1_6' title="bbox 841 5278 2356 5356">
     <span class='ocr_line' id='line_1_55' title="bbox 841 5278 2356 5356; baseline 0 -17"><span class='ocrx_word' id='word_1_442' title='bbox 841 5280 1019 5356; x_wconf 80' lang='lat' dir='ltr'><strong>Addo,</strong></span> <span class='ocrx_word' id='word_1_443' title='bbox 1043 5281 1316 5340; x_wconf 86' lang='lat' dir='ltr'><strong>rationem</strong></span> <span class='ocrx_word' id='word_1_444' title='bbox 1335 5279 1475 5339; x_wconf 87' lang='lat' dir='ltr'><strong>hanc</strong></span> <span class='ocrx_word' id='word_1_445' title='bbox 1497 5278 1828 5340; x_wconf 86' lang='lat' dir='ltr'><strong>concludere</strong></span> <span class='ocrx_word' id='word_1_446' title='bbox 1848 5278 1917 5339; x_wconf 88' lang='lat' dir='ltr'><strong>de</strong></span> <span class='ocrx_word' id='word_1_447' title='bbox 1939 5280 2197 5340; x_wconf 85' lang='lat' dir='ltr'><strong>omnibus</strong></span> <span class='ocrx_word' id='word_1_448' title='bbox 2219 5280 2356 5339; x_wconf 90' lang='lat' dir='ltr'><strong>acti·</strong></span> 
     </span>
    </p>
   </div>
   <div class='ocr_carea' id='block_1_5' title="bbox 2222 357 2570 408">
    <p class='ocr_par' dir='ltr' id='par_1_7' title="bbox 2222 357 2570 408">
     <span class='ocr_line' id='line_1_56' title="bbox 2222 357 2570 408; baseline -0.006 -2"><span class='ocrx_word' id='word_1_449' title='bbox 2222 357 2425 408; x_wconf 77' lang='lat' dir='ltr'><strong>mmm</strong></span> <span class='ocrx_word' id='word_1_450' title='bbox 2465 357 2570 408; x_wconf 88' lang='lat'><strong>111.</strong></span> 
     </span>
    </p>
   </div>
   <div class='ocr_carea' id='block_1_6' title="bbox 2424 481 4025 1558">
    <p class='ocr_par' dir='ltr' id='par_1_8' title="bbox 2424 481 4025 1558">
     <span class='ocr_line' id='line_1_57' title="bbox 2425 481 4011 564; baseline 0.004 -24"><span class='ocrx_word' id='word_1_451' title='bbox 2425 481 2531 540; x_wconf 87' lang='lat' dir='ltr'><strong>bus</strong></span> <span class='ocrx_word' id='word_1_452' title='bbox 2558 497 2659 541; x_wconf 89' lang='lat' dir='ltr'><strong>seu</strong></span> <span class='ocrx_word' id='word_1_453' title='bbox 2686 482 2927 541; x_wconf 85' lang='lat' dir='ltr'><strong>materiis</strong></span> <span class='ocrx_word' id='word_1_454' title='bbox 2943 483 3233 544; x_wconf 88' lang='lat' dir='ltr'><strong>contrariis</strong></span> <span class='ocrx_word' id='word_1_455' title='bbox 3253 485 3357 562; x_wconf 87' lang='lat' dir='ltr'><strong>legi</strong></span> <span class='ocrx_word' id='word_1_456' title='bbox 3378 486 3609 560; x_wconf 84' lang='lat' dir='ltr'><strong>divinae,</strong></span> <span class='ocrx_word' id='word_1_457' title='bbox 3629 489 3794 548; x_wconf 88' lang='lat' dir='ltr'><strong>etiam</strong></span> <span class='ocrx_word' id='word_1_458' title='bbox 3816 503 4011 564; x_wconf 85' lang='lat' dir='ltr'><strong>super-</strong></span> 
     </span>
     <span class='ocr_line' id='line_1_58' title="bbox 2424 574 4014 650; baseline 0.005 -19"><span class='ocrx_word' id='word_1_459' title='bbox 2424 574 2696 647; x_wconf 90' lang='lat' dir='ltr'><strong>naturali,</strong></span> <span class='ocrx_word' id='word_1_460' title='bbox 2720 576 2805 632; x_wconf 82' lang='lat' dir='ltr'><strong>vel</strong></span> <span class='ocrx_word' id='word_1_461' title='bbox 2833 577 2995 633; x_wconf 87' lang='lat' dir='ltr'><strong>etiam</strong></span> <span class='ocrx_word' id='word_1_462' title='bbox 3019 578 3314 635; x_wconf 87' lang='lat' dir='ltr'><strong>canonicae</strong></span> <span class='ocrx_word' id='word_1_463' title='bbox 3334 617 3350 650; x_wconf 87' lang='grc'><strong>,</strong></span> <span class='ocrx_word' id='word_1_464' title='bbox 3376 585 3442 636; x_wconf 92' lang='lat' dir='ltr'><strong>ut</strong></span> <span class='ocrx_word' id='word_1_465' title='bbox 3476 579 3618 636; x_wconf 78' lang='lat' dir='ltr'><strong>infra</strong></span> <span class='ocrx_word' id='word_1_466' title='bbox 3656 580 3927 638; x_wconf 88' lang='lat' dir='ltr'><strong>dicemus.</strong></span> <span class='ocrx_word' id='word_1_467' title='bbox 3952 582 4014 639; x_wconf 83' lang='lat' dir='ltr'><strong>ln</strong></span> 
     </span>
     <span class='ocr_line' id='line_1_59' title="bbox 2428 664 4015 744; baseline 0.004 -22"><span class='ocrx_word' id='word_1_468' title='bbox 2428 665 2681 722; x_wconf 89' lang='lat' dir='ltr'><strong>omnibus</strong></span> <span class='ocrx_word' id='word_1_469' title='bbox 2706 664 2848 722; x_wconf 91' lang='lat' dir='ltr'><strong>enim</strong></span> <span class='ocrx_word' id='word_1_470' title='bbox 2886 681 3015 723; x_wconf 85' lang='lat' dir='ltr'><strong>vera</strong></span> <span class='ocrx_word' id='word_1_471' title='bbox 3054 674 3139 724; x_wconf 90' lang='lat' dir='ltr'><strong>est</strong></span> <span class='ocrx_word' id='word_1_472' title='bbox 3178 667 3271 724; x_wconf 89' lang='lat' dir='ltr'><strong>illa</strong></span> <span class='ocrx_word' id='word_1_473' title='bbox 3305 671 3577 727; x_wconf 86' lang='lat' dir='ltr'><strong>sententia</strong></span> <span class='ocrx_word' id='word_1_474' title='bbox 3611 670 4015 744; x_wconf 90' lang='lat' dir='ltr'><strong>apostolorum,</strong></span> 
     </span>
     <span class='ocr_line' id='line_1_60' title="bbox 2426 754 4025 834; baseline 0.005 -22"><span class='ocrx_word' id='word_1_475' title='bbox 2426 757 2616 812; x_wconf 81' lang='lat' dir='ltr'><strong>Actor.</strong></span> <span class='ocrx_word' id='word_1_476' title='bbox 2647 761 2701 814; x_wconf 84' lang='lat'><strong>5:</strong></span> <span class='ocrx_word' id='word_1_477' title='bbox 2733 754 2985 814; x_wconf 79' lang='lat' dir='ltr'><strong>Obedire</strong></span> <span class='ocrx_word' id='word_1_478' title='bbox 3007 761 3231 831; x_wconf 79' lang='lat' dir='ltr'><strong>oportet</strong></span> <span class='ocrx_word' id='word_1_479' title='bbox 3248 761 3390 826; x_wconf 86' lang='lat' dir='ltr'><strong>Deo,</strong></span> <span class='ocrx_word' id='word_1_480' title='bbox 3415 763 3608 834; x_wconf 78' lang='lat' dir='ltr'><strong>maqis</strong></span> <span class='ocrx_word' id='word_1_481' title='bbox 3627 777 3815 834; x_wconf 76' lang='lat' dir='ltr'><strong>quam</strong></span> <span class='ocrx_word' id='word_1_482' title='bbox 3832 763 4025 820; x_wconf 76' lang='lat' dir='ltr'><strong>homi·</strong></span> 
     </span>
     <span class='ocr_line' id='line_1_61' title="bbox 2426 845 4022 924; baseline 0.004 -22"><span class='ocrx_word' id='word_1_483' title='bbox 2426 845 2617 912; x_wconf 74' lang='lat' dir='ltr'><strong>nibus,</strong></span> <span class='ocrx_word' id='word_1_484' title='bbox 2652 847 2765 904; x_wconf 86' lang='lat' dir='ltr'><strong>sive</strong></span> <span class='ocrx_word' id='word_1_485' title='bbox 2794 847 2940 904; x_wconf 87' lang='lat' dir='ltr'><strong>Dens</strong></span> <span class='ocrx_word' id='word_1_486' title='bbox 2972 862 3069 920; x_wconf 79' lang='lat' dir='ltr'><strong>per</strong></span> <span class='ocrx_word' id='word_1_487' title='bbox 3100 847 3285 906; x_wconf 89' lang='lat' dir='ltr'><strong>lumen</strong></span> <span class='ocrx_word' id='word_1_488' title='bbox 3313 850 3555 914; x_wconf 86' lang='lat' dir='ltr'><strong>rationis,</strong></span> <span class='ocrx_word' id='word_1_489' title='bbox 3580 852 3693 908; x_wconf 81' lang='lat' dir='ltr'><strong>sive</strong></span> <span class='ocrx_word' id='word_1_490' title='bbox 3714 866 3812 924; x_wconf 93' lang='lat' dir='ltr'><strong>per</strong></span> <span class='ocrx_word' id='word_1_491' title='bbox 3836 851 4022 909; x_wconf 87' lang='lat' dir='ltr'><strong>lumen</strong></span> 
     </span>
     <span class='ocr_line' id='line_1_62' title="bbox 2430 934 4020 1013; baseline 0.003 -21"><span class='ocrx_word' id='word_1_492' title='bbox 2430 934 2553 992; x_wconf 84' lang='lat' dir='ltr'><strong>fidei</strong></span> <span class='ocrx_word' id='word_1_493' title='bbox 2579 935 2865 1008; x_wconf 87' lang='lat' dir='ltr'><strong>loquatur;</strong></span> <span class='ocrx_word' id='word_1_494' title='bbox 2897 952 3021 993; x_wconf 88' lang='lat' dir='ltr'><strong>nam</strong></span> <span class='ocrx_word' id='word_1_495' title='bbox 3051 937 3280 1010; x_wconf 85' lang='lat' dir='ltr'><strong>apostoli</strong></span> <span class='ocrx_word' id='word_1_496' title='bbox 3306 937 3373 996; x_wconf 88' lang='lat' dir='ltr'><strong>de</strong></span> <span class='ocrx_word' id='word_1_497' title='bbox 3404 940 3618 1013; x_wconf 89' lang='lat' dir='ltr'><strong>negotio</strong></span> <span class='ocrx_word' id='word_1_498' title='bbox 3646 940 3767 998; x_wconf 82' lang='lat' dir='ltr'><strong>fidei</strong></span> <span class='ocrx_word' id='word_1_499' title='bbox 3807 947 3864 999; x_wconf 91' lang='lat' dir='ltr'><strong>et</strong></span> <span class='ocrx_word' id='word_1_500' title='bbox 3892 941 4020 998; x_wconf 86' lang='lat' dir='ltr'><strong>reli·</strong></span> 
     </span>
     <span class='ocr_line' id='line_1_63' title="bbox 2427 1025 4020 1104; baseline 0.004 -22"><span class='ocrx_word' id='word_1_501' title='bbox 2427 1027 2602 1100; x_wconf 89' lang='lat' dir='ltr'><strong>gionis</strong></span> <span class='ocrx_word' id='word_1_502' title='bbox 2632 1025 2961 1084; x_wconf 86' lang='lat' dir='ltr'><strong>christianae</strong></span> <span class='ocrx_word' id='word_1_503' title='bbox 2990 1027 3266 1100; x_wconf 87' lang='lat' dir='ltr'><strong>potissime</strong></span> <span class='ocrx_word' id='word_1_504' title='bbox 3308 1029 3694 1104; x_wconf 83' lang='lat' dir='ltr'><strong>loquebantur.</strong></span> <span class='ocrx_word' id='word_1_505' title='bbox 3727 1033 3899 1101; x_wconf 86' lang='lat' dir='ltr'><strong>Quam</strong></span> <span class='ocrx_word' id='word_1_506' title='bbox 3926 1047 4020 1089; x_wconf 81' lang='lat' dir='ltr'><strong>ve·</strong></span> 
     </span>
     <span class='ocr_line' id='line_1_64' title="bbox 2432 1116 4017 1194; baseline 0.004 -22"><span class='ocrx_word' id='word_1_507' title='bbox 2432 1116 2653 1173; x_wconf 91' lang='lat' dir='ltr'><strong>ritatem</strong></span> <span class='ocrx_word' id='word_1_508' title='bbox 2682 1124 2793 1173; x_wconf 89' lang='lat' dir='ltr'><strong>tam</strong></span> <span class='ocrx_word' id='word_1_509' title='bbox 2823 1117 3171 1176; x_wconf 78' lang='lat' dir='ltr'><strong>manifestam</strong></span> <span class='ocrx_word' id='word_1_510' title='bbox 3199 1135 3321 1176; x_wconf 90' lang='lat' dir='ltr'><strong>esse</strong></span> <span class='ocrx_word' id='word_1_511' title='bbox 3350 1121 3750 1194; x_wconf 80' lang='lat' dir='ltr'><strong>supponebant,</strong></span> <span class='ocrx_word' id='word_1_512' title='bbox 3784 1131 3849 1180; x_wconf 88' lang='lat' dir='ltr'><strong>ut</strong></span> <span class='ocrx_word' id='word_1_513' title='bbox 3875 1121 4017 1180; x_wconf 90' lang='lat' dir='ltr'><strong>iudi-</strong></span> 
     </span>
     <span class='ocr_line' id='line_1_65' title="bbox 2424 1205 4019 1286; baseline 0.004 -23"><span class='ocrx_word' id='word_1_514' title='bbox 2424 1207 2583 1264; x_wconf 90' lang='lat' dir='ltr'><strong>cium</strong></span> <span class='ocrx_word' id='word_1_515' title='bbox 2610 1205 2757 1278; x_wconf 82' lang='lat' dir='ltr'><strong>illius</strong></span> <span class='ocrx_word' id='word_1_516' title='bbox 2786 1207 3110 1265; x_wconf 82' lang='lat' dir='ltr'><strong>adversariis</strong></span> <span class='ocrx_word' id='word_1_517' title='bbox 3150 1210 3561 1269; x_wconf 85' lang='lat' dir='ltr'><strong>committerent</strong></span> <span class='ocrx_word' id='word_1_518' title='bbox 3588 1228 3711 1286; x_wconf 84' lang='lat' dir='ltr'><strong>cap.</strong></span> <span class='ocrx_word' id='word_1_519' title='bbox 3746 1217 3800 1273; x_wconf 71' lang='lat'><strong>⁴.</strong></span> <span class='ocrx_word' id='word_1_520' title='bbox 3830 1212 4019 1270; x_wconf 88' lang='lat' dir='ltr'><strong>dicen-</strong></span> 
     </span>
     <span class='ocr_line' id='line_1_66' title="bbox 2425 1299 4021 1378; baseline 0.003 -23"><span class='ocrx_word' id='word_1_521' title='bbox 2425 1303 2527 1356; x_wconf 88' lang='lat' dir='ltr'><strong>tes:</strong></span> <span class='ocrx_word' id='word_1_522' title='bbox 2542 1299 2611 1357; x_wconf 75' lang='lat' dir='ltr'><strong>Si</strong></span> <span class='ocrx_word' id='word_1_523' title='bbox 2636 1301 2863 1356; x_wconf 77' lang='lat' dir='ltr'><strong>iustum</strong></span> <span class='ocrx_word' id='word_1_524' title='bbox 2882 1303 2968 1356; x_wconf 85' lang='lat' dir='ltr'><strong>est</strong></span> <span class='ocrx_word' id='word_1_525' title='bbox 2986 1303 3050 1356; x_wconf 76' lang='lat' dir='ltr'><strong>iu</strong></span> <span class='ocrx_word' id='word_1_526' title='bbox 3078 1304 3389 1376; x_wconf 77' lang='lat' dir='ltr'><strong>conspectu</strong></span> <span class='ocrx_word' id='word_1_527' title='bbox 3409 1305 3538 1371; x_wconf 77' lang='lat' dir='ltr'><strong>Dei,</strong></span> <span class='ocrx_word' id='word_1_528' title='bbox 3566 1319 3665 1360; x_wconf 85' lang='lat' dir='ltr'><strong>vos</strong></span> <span class='ocrx_word' id='word_1_529' title='bbox 3688 1305 3887 1378; x_wconf 78' lang='lat' dir='ltr'><strong>potius</strong></span> <span class='ocrx_word' id='word_1_530' title='bbox 3909 1320 4021 1362; x_wconf 81' lang='lat' dir='ltr'><strong>au-</strong></span> 
     </span>
     <span class='ocr_line' id='line_1_67' title="bbox 2425 1387 4020 1468; baseline 0.005 -24"><span class='ocrx_word' id='word_1_531' title='bbox 2425 1387 2574 1451; x_wconf 78' lang='lat' dir='ltr'><strong>dire,</strong></span> <span class='ocrx_word' id='word_1_532' title='bbox 2609 1406 2794 1462; x_wconf 78' lang='lat' dir='ltr'><strong>quam</strong></span> <span class='ocrx_word' id='word_1_533' title='bbox 2821 1393 3032 1459; x_wconf 78' lang='lat' dir='ltr'><strong>Deum,</strong></span> <span class='ocrx_word' id='word_1_534' title='bbox 3070 1389 3350 1450; x_wconf 76' lang='lat' dir='ltr'><strong>iudicate.</strong></span> <span class='ocrx_word' id='word_1_535' title='bbox 3391 1393 3547 1454; x_wconf 87' lang='lat' dir='ltr'><strong>Unde</strong></span> <span class='ocrx_word' id='word_1_536' title='bbox 3576 1400 3815 1468; x_wconf 87' lang='lat' dir='ltr'><strong>constat,</strong></span> <span class='ocrx_word' id='word_1_537' title='bbox 3843 1395 4020 1468; x_wconf 87' lang='lat' dir='ltr'><strong>politi-</strong></span> 
     </span>
     <span class='ocr_line' id='line_1_68' title="bbox 2425 1479 4019 1558; baseline 0.005 -23"><span class='ocrx_word' id='word_1_538' title='bbox 2425 1495 2546 1551; x_wconf 88' lang='lat' dir='ltr'><strong>cos,</strong></span> <span class='ocrx_word' id='word_1_539' title='bbox 2578 1480 2672 1553; x_wconf 88' lang='lat' dir='ltr'><strong>qui</strong></span> <span class='ocrx_word' id='word_1_540' title='bbox 2698 1479 3007 1538; x_wconf 88' lang='lat' dir='ltr'><strong>doctrinam</strong></span> <span class='ocrx_word' id='word_1_541' title='bbox 3034 1480 3179 1539; x_wconf 88' lang='lat' dir='ltr'><strong>illam</strong></span> <span class='ocrx_word' id='word_1_542' title='bbox 3208 1481 3443 1540; x_wconf 89' lang='lat' dir='ltr'><strong>suadent</strong></span> <span class='ocrx_word' id='word_1_543' title='bbox 3464 1484 3801 1558; x_wconf 89' lang='lat' dir='ltr'><strong>principibus</strong></span> <span class='ocrx_word' id='word_1_544' title='bbox 3824 1501 4019 1543; x_wconf 89' lang='lat' dir='ltr'><strong>saecu-</strong></span> 
     </span>
    </p>
   </div>
   <div class='ocr_carea' id='block_1_7' title="bbox 2400 1571 4019 1648">
    <p class='ocr_par' dir='ltr' id='par_1_9' title="bbox 2400 1571 4019 1648">
     <span class='ocr_line' id='line_1_69' title="bbox 2400 1571 4019 1648; baseline 0.003 -22"><span class='ocrx_word' id='word_1_545' title='bbox 2400 1571 2663 1642; x_wconf 82' lang='lat' dir='ltr'><strong>‘lsribus,</strong></span> <span class='ocrx_word' id='word_1_546' title='bbox 2698 1571 2743 1627; x_wconf 90' lang='lat' dir='ltr'><strong>si</strong></span> <span class='ocrx_word' id='word_1_547' title='bbox 2774 1574 3012 1629; x_wconf 84' lang='lat' dir='ltr'><strong>sentiant</strong></span> <span class='ocrx_word' id='word_1_548' title='bbox 3041 1571 3091 1628; x_wconf 93' lang='lat' dir='ltr'><strong>id</strong></span> <span class='ocrx_word' id='word_1_549' title='bbox 3121 1572 3199 1629; x_wconf 86' lang='lat' dir='ltr'><strong>eis</strong></span> <span class='ocrx_word' id='word_1_550' title='bbox 3226 1573 3414 1645; x_wconf 87' lang='lat' dir='ltr'><strong>licere,</strong></span> <span class='ocrx_word' id='word_1_551' title='bbox 3445 1581 3501 1632; x_wconf 90' lang='lat' dir='ltr'><strong>et</strong></span> <span class='ocrx_word' id='word_1_552' title='bbox 3528 1575 3648 1632; x_wconf 89' lang='lat' dir='ltr'><strong>iure</strong></span> <span class='ocrx_word' id='word_1_553' title='bbox 3688 1590 3849 1648; x_wconf 89' lang='lat' dir='ltr'><strong>posse</strong></span> <span class='ocrx_word' id='word_1_554' title='bbox 3892 1575 4019 1633; x_wconf 86' lang='lat' dir='ltr'><strong>talia</strong></span> 
     </span>
    </p>
   </div>
   <div class='ocr_carea' id='block_1_8' title="bbox 2424 1659 4024 5360">
    <p class='ocr_par' dir='ltr' id='par_1_10' title="bbox 2424 1659 4024 3996">
     <span class='ocr_line' id='line_1_70' title="bbox 2428 1659 4021 1738; baseline 0.004 -22"><span class='ocrx_word' id='word_1_555' title='bbox 2428 1659 2569 1717; x_wconf 78' lang='lat' dir='ltr'><strong>serre</strong></span> <span class='ocrx_word' id='word_1_556' title='bbox 2599 1667 2917 1734; x_wconf 85' lang='lat' dir='ltr'><strong>praecepta,</strong></span> <span class='ocrx_word' id='word_1_557' title='bbox 2948 1677 3089 1735; x_wconf 89' lang='lat' dir='ltr'><strong>quae</strong></span> <span class='ocrx_word' id='word_1_558' title='bbox 3120 1664 3232 1719; x_wconf 90' lang='lat' dir='ltr'><strong>sint</strong></span> <span class='ocrx_word' id='word_1_559' title='bbox 3260 1664 3537 1734; x_wconf 83' lang='lat' dir='ltr'><strong>contraria</strong></span> <span class='ocrx_word' id='word_1_560' title='bbox 3579 1665 3821 1738; x_wconf 88' lang='lat' dir='ltr'><strong>religioni</strong></span> <span class='ocrx_word' id='word_1_561' title='bbox 3861 1681 4021 1722; x_wconf 85' lang='lat' dir='ltr'><strong>verae</strong></span> 
     </span>
     <span class='ocr_line' id='line_1_71' title="bbox 2432 1751 4018 1830; baseline 0.004 -22"><span class='ocrx_word' id='word_1_562' title='bbox 2432 1751 2531 1824; x_wconf 85' lang='lat' dir='ltr'><strong>(de</strong></span> <span class='ocrx_word' id='word_1_563' title='bbox 2558 1751 2639 1808; x_wconf 88' lang='lat' dir='ltr'><strong>his</strong></span> <span class='ocrx_word' id='word_1_564' title='bbox 2669 1751 2813 1808; x_wconf 90' lang='lat' dir='ltr'><strong>enim</strong></span> <span class='ocrx_word' id='word_1_565' title='bbox 2853 1751 3069 1826; x_wconf 89' lang='lat' dir='ltr'><strong>legibus</strong></span> <span class='ocrx_word' id='word_1_566' title='bbox 3101 1752 3175 1810; x_wconf 89' lang='lat' dir='ltr'><strong>illi</strong></span> <span class='ocrx_word' id='word_1_567' title='bbox 3218 1756 3566 1827; x_wconf 87' lang='lat' dir='ltr'><strong>potissimum</strong></span> <span class='ocrx_word' id='word_1_568' title='bbox 3595 1755 4018 1830; x_wconf 86' lang='lat' dir='ltr'><strong>loquebantur),</strong></span> 
     </span>
     <span class='ocr_line' id='line_1_72' title="bbox 2430 1838 4020 1918; baseline 0.005 -23"><span class='ocrx_word' id='word_1_569' title='bbox 2430 1838 2742 1899; x_wconf 87' lang='lat' dir='ltr'><strong>haereticos</strong></span> <span class='ocrx_word' id='word_1_570' title='bbox 2768 1856 2891 1898; x_wconf 88' lang='lat' dir='ltr'><strong>esse</strong></span> <span class='ocrx_word' id='word_1_571' title='bbox 2916 1883 2930 1913; x_wconf 91' lang='lat'>‚</span> <span class='ocrx_word' id='word_1_572' title='bbox 2961 1839 3045 1898; x_wconf 81' lang='lat' dir='ltr'><strong>vel</strong></span> <span class='ocrx_word' id='word_1_573' title='bbox 3077 1849 3227 1899; x_wconf 89' lang='lat' dir='ltr'><strong>certe</strong></span> <span class='ocrx_word' id='word_1_574' title='bbox 3257 1842 3462 1917; x_wconf 86' lang='lat' dir='ltr'><strong>atheos,</strong></span> <span class='ocrx_word' id='word_1_575' title='bbox 3497 1843 3645 1918; x_wconf 88' lang='lat' dir='ltr'><strong>quod</strong></span> <span class='ocrx_word' id='word_1_576' title='bbox 3675 1846 4020 1903; x_wconf 87' lang='lat' dir='ltr'><strong>verisimilius</strong></span> 
     </span>
     <span class='ocr_line' id='line_1_73' title="bbox 2426 1932 4021 2009; baseline 0.004 -21"><span class='ocrx_word' id='word_1_577' title='bbox 2426 1939 2529 1988; x_wconf 89' lang='lat' dir='ltr'><strong>est.</strong></span> <span class='ocrx_word' id='word_1_578' title='bbox 2566 1935 2697 1990; x_wconf 89' lang='lat' dir='ltr'><strong>Nam</strong></span> <span class='ocrx_word' id='word_1_579' title='bbox 2726 1933 2820 2006; x_wconf 88' lang='lat' dir='ltr'><strong>qui</strong></span> <span class='ocrx_word' id='word_1_580' title='bbox 2848 1932 3045 2005; x_wconf 89' lang='lat' dir='ltr'><strong>credit,</strong></span> <span class='ocrx_word' id='word_1_581' title='bbox 3077 1935 3248 1991; x_wconf 88' lang='lat' dir='ltr'><strong>Deum</strong></span> <span class='ocrx_word' id='word_1_582' title='bbox 3269 1950 3413 2005; x_wconf 87' lang='lat' dir='ltr'><strong>esse,</strong></span> <span class='ocrx_word' id='word_1_583' title='bbox 3437 1949 3546 1991; x_wconf 90' lang='lat' dir='ltr'><strong>non</strong></span> <span class='ocrx_word' id='word_1_584' title='bbox 3570 1941 3749 2009; x_wconf 87' lang='lat' dir='ltr'><strong>potest</strong></span> <span class='ocrx_word' id='word_1_585' title='bbox 3768 1953 3879 1994; x_wconf 89' lang='lat' dir='ltr'><strong>non</strong></span> <span class='ocrx_word' id='word_1_586' title='bbox 3898 1953 4021 1994; x_wconf 89' lang='lat' dir='ltr'><strong>cre·</strong></span> 
     </span>
     <span class='ocr_line' id='line_1_74' title="bbox 2428 2022 4021 2097; baseline 0.001 -17"><span class='ocrx_word' id='word_1_587' title='bbox 2428 2022 2580 2093; x_wconf 90' lang='lat' dir='ltr'><strong>dere,</strong></span> <span class='ocrx_word' id='word_1_588' title='bbox 2613 2030 2909 2096; x_wconf 89' lang='lat' dir='ltr'><strong>praecepta</strong></span> <span class='ocrx_word' id='word_1_589' title='bbox 2936 2025 3054 2080; x_wconf 90' lang='lat' dir='ltr'><strong>eius</strong></span> <span class='ocrx_word' id='word_1_590' title='bbox 3082 2040 3203 2082; x_wconf 89' lang='lat' dir='ltr'><strong>esse</strong></span> <span class='ocrx_word' id='word_1_591' title='bbox 3240 2023 3596 2097; x_wconf 78' lang='lat' dir='ltr'><strong>praeferenda</strong></span> <span class='ocrx_word' id='word_1_592' title='bbox 3632 2026 3901 2084; x_wconf 85' lang='lat' dir='ltr'><strong>mandatis</strong></span> <span class='ocrx_word' id='word_1_593' title='bbox 3924 2025 4021 2082; x_wconf 88' lang='lat' dir='ltr'><strong>ho-</strong></span> 
     </span>
     <span class='ocr_line' id='line_1_75' title="bbox 2428 2112 4023 2188; baseline 0.004 -19"><span class='ocrx_word' id='word_1_594' title='bbox 2428 2114 2659 2184; x_wconf 86' lang='lat' dir='ltr'><strong>minum,</strong></span> <span class='ocrx_word' id='word_1_595' title='bbox 2690 2129 2819 2170; x_wconf 88' lang='lat' dir='ltr'><strong>cum</strong></span> <span class='ocrx_word' id='word_1_596' title='bbox 2846 2115 2943 2170; x_wconf 88' lang='lat' dir='ltr'><strong>Dei</strong></span> <span class='ocrx_word' id='word_1_597' title='bbox 2976 2112 3287 2172; x_wconf 88' lang='lat' dir='ltr'><strong>iurisdictio</strong></span> <span class='ocrx_word' id='word_1_598' title='bbox 3326 2115 3397 2172; x_wconf 89' lang='lat' dir='ltr'><strong>sit</strong></span> <span class='ocrx_word' id='word_1_599' title='bbox 3436 2115 3596 2188; x_wconf 89' lang='lat' dir='ltr'><strong>longe</strong></span> <span class='ocrx_word' id='word_1_600' title='bbox 3632 2117 3902 2188; x_wconf 88' lang='lat' dir='ltr'><strong>superior.</strong></span> <span class='ocrx_word' id='word_1_601' title='bbox 3946 2120 4023 2175; x_wconf 86' lang='lat' dir='ltr'><strong>De</strong></span> 
     </span>
     <span class='ocr_line' id='line_1_76' title="bbox 2428 2203 4023 2282; baseline 0.003 -22"><span class='ocrx_word' id='word_1_602' title='bbox 2428 2218 2539 2276; x_wconf 87' lang='lat' dir='ltr'><strong>quo</strong></span> <span class='ocrx_word' id='word_1_603' title='bbox 2568 2203 2736 2260; x_wconf 77' lang='lat' dir='ltr'><strong>videri</strong></span> <span class='ocrx_word' id='word_1_604' title='bbox 2766 2209 2999 2276; x_wconf 89' lang='lat' dir='ltr'><strong>possunt</strong></span> <span class='ocrx_word' id='word_1_605' title='bbox 3026 2203 3200 2261; x_wconf 88' lang='lat' dir='ltr'><strong>multa</strong></span> <span class='ocrx_word' id='word_1_606' title='bbox 3228 2203 3375 2278; x_wconf 88' lang='lat' dir='ltr'><strong>apud</strong></span> <span class='ocrx_word' id='word_1_607' title='bbox 3402 2207 3643 2264; x_wconf 87' lang='lat' dir='ltr'><strong>Gratian.</strong></span> <span class='ocrx_word' id='word_1_608' title='bbox 3686 2208 3776 2282; x_wconf 85' lang='lat'><strong>11,</strong></span> <span class='ocrx_word' id='word_1_609' title='bbox 3800 2224 3859 2281; x_wconf 90' lang='lat' dir='ltr'><strong>q.</strong></span> <span class='ocrx_word' id='word_1_610' title='bbox 3887 2211 3943 2276; x_wconf 76' lang='lat'><strong>33</strong></span> <span class='ocrx_word' id='word_1_611' title='bbox 3966 2215 4023 2265; x_wconf 86' lang='lat' dir='ltr'><strong>et</strong></span> 
     </span>
     <span class='ocr_line' id='line_1_77' title="bbox 2430 2293 4021 2371; baseline 0.006 -23"><span class='ocrx_word' id='word_1_612' title='bbox 2430 2293 2634 2364; x_wconf 88' lang='lat' dir='ltr'><strong>optime</strong></span> <span class='ocrx_word' id='word_1_613' title='bbox 2658 2294 2911 2353; x_wconf 89' lang='lat' dir='ltr'><strong>Urbanus</strong></span> <span class='ocrx_word' id='word_1_614' title='bbox 2940 2309 3083 2366; x_wconf 87' lang='lat' dir='ltr'><strong>papa</strong></span> <span class='ocrx_word' id='word_1_615' title='bbox 3108 2295 3162 2350; x_wconf 91' lang='lat' dir='ltr'><strong>in</strong></span> <span class='ocrx_word' id='word_1_616' title='bbox 3190 2310 3314 2369; x_wconf 89' lang='lat' dir='ltr'><strong>cap.</strong></span> <span class='ocrx_word' id='word_1_617' title='bbox 3348 2296 3449 2353; x_wconf 92' lang='lat' dir='ltr'><strong>ult.</strong></span> <span class='ocrx_word' id='word_1_618' title='bbox 3490 2301 3577 2368; x_wconf 87' lang='grc'><strong>15,</strong></span> <span class='ocrx_word' id='word_1_619' title='bbox 3608 2314 3664 2371; x_wconf 87' lang='lat' dir='ltr'><strong>q.</strong></span> <span class='ocrx_word' id='word_1_620' title='bbox 3700 2297 4021 2371; x_wconf 82' lang='lat' dir='ltr'><strong>6,Bern.de</strong></span> 
     </span>
     <span class='ocr_line' id='line_1_78' title="bbox 2424 2382 4018 2470; baseline 0.007 -32"><span class='ocrx_word' id='word_1_621' title='bbox 2424 2387 2733 2457; x_wconf 78' lang='lat' dir='ltr'><strong>praecept.</strong></span> <span class='ocrx_word' id='word_1_622' title='bbox 2764 2388 2822 2440; x_wconf 87' lang='lat' dir='ltr'><strong>et</strong></span> <span class='ocrx_word' id='word_1_623' title='bbox 2845 2382 2999 2470; x_wconf 70' lang='lat' dir='ltr'><strong>disp.</strong></span> <span class='ocrx_word' id='word_1_624' title='bbox 3030 2390 3087 2440; x_wconf 90' lang='lat' dir='ltr'><strong>et</strong></span> <span class='ocrx_word' id='word_1_625' title='bbox 3115 2383 3277 2458; x_wconf 89' lang='lat' dir='ltr'><strong>epist.</strong></span> <span class='ocrx_word' id='word_1_626' title='bbox 3312 2387 3367 2456; x_wconf 87' lang='grc'><strong>7,</strong></span> <span class='ocrx_word' id='word_1_627' title='bbox 3396 2391 3453 2442; x_wconf 92' lang='lat' dir='ltr'><strong>et</strong></span> <span class='ocrx_word' id='word_1_628' title='bbox 3478 2385 3639 2443; x_wconf 90' lang='lat' dir='ltr'><strong>Basil.</strong></span> <span class='ocrx_word' id='word_1_629' title='bbox 3671 2387 3848 2460; x_wconf 86' lang='lat' dir='ltr'><strong>regul.</strong></span> <span class='ocrx_word' id='word_1_630' title='bbox 3890 2392 4018 2460; x_wconf 74' lang='lat' dir='ltr'><strong>tu,</strong></span> 
     </span>
     <span class='ocr_line' id='line_1_79' title="bbox 2428 2474 4021 2551; baseline 0.003 -21"><span class='ocrx_word' id='word_1_631' title='bbox 2428 2489 2495 2530; x_wconf 82' lang='lat' dir='ltr'><strong>ex</strong></span> <span class='ocrx_word' id='word_1_632' title='bbox 2525 2474 2763 2531; x_wconf 89' lang='lat' dir='ltr'><strong>brevior.</strong></span> <span class='ocrx_word' id='word_1_633' title='bbox 2794 2474 2949 2544; x_wconf 85' lang='lat' dir='ltr'><strong>Quod</strong></span> <span class='ocrx_word' id='word_1_634' title='bbox 2978 2481 3165 2532; x_wconf 90' lang='lat' dir='ltr'><strong>antem</strong></span> <span class='ocrx_word' id='word_1_635' title='bbox 3208 2475 3415 2548; x_wconf 88' lang='lat' dir='ltr'><strong>politici</strong></span> <span class='ocrx_word' id='word_1_636' title='bbox 3454 2475 3669 2548; x_wconf 87' lang='lat' dir='ltr'><strong>dicunt,</strong></span> <span class='ocrx_word' id='word_1_637' title='bbox 3714 2495 3821 2535; x_wconf 89' lang='lat' dir='ltr'><strong>non</strong></span> <span class='ocrx_word' id='word_1_638' title='bbox 3862 2493 4021 2551; x_wconf 87' lang='lat' dir='ltr'><strong>posse</strong></span> 
     </span>
     <span class='ocr_line' id='line_1_80' title="bbox 2429 2563 4021 2640; baseline 0.004 -22"><span class='ocrx_word' id='word_1_639' title='bbox 2429 2563 2821 2634; x_wconf 90' lang='lat' dir='ltr'><strong>rempublicam</strong></span> <span class='ocrx_word' id='word_1_640' title='bbox 2842 2565 3193 2638; x_wconf 84' lang='lat' dir='ltr'><strong>temporalem</strong></span> <span class='ocrx_word' id='word_1_641' title='bbox 3221 2565 3303 2623; x_wconf 84' lang='lat' dir='ltr'><strong>vel</strong></span> <span class='ocrx_word' id='word_1_642' title='bbox 3324 2582 3556 2640; x_wconf 88' lang='lat' dir='ltr'><strong>regnum</strong></span> <span class='ocrx_word' id='word_1_643' title='bbox 3584 2566 3877 2640; x_wconf 85' lang='lat' dir='ltr'><strong>temporale</strong></span> <span class='ocrx_word' id='word_1_644' title='bbox 3892 2583 4021 2625; x_wconf 90' lang='lat' dir='ltr'><strong>con·</strong></span> 
     </span>
     <span class='ocr_line' id='line_1_81' title="bbox 2430 2653 4021 2728; baseline 0.004 -20"><span class='ocrx_word' id='word_1_645' title='bbox 2430 2655 2659 2725; x_wconf 83' lang='lat' dir='ltr'><strong>servari,</strong></span> <span class='ocrx_word' id='word_1_646' title='bbox 2684 2653 2729 2710; x_wconf 91' lang='lat' dir='ltr'><strong>si</strong></span> <span class='ocrx_word' id='word_1_647' title='bbox 2754 2653 2803 2709; x_wconf 88' lang='lat' dir='ltr'><strong>in</strong></span> <span class='ocrx_word' id='word_1_648' title='bbox 2830 2655 3083 2711; x_wconf 89' lang='lat' dir='ltr'><strong>omnibus</strong></span> <span class='ocrx_word' id='word_1_649' title='bbox 3105 2655 3353 2728; x_wconf 87' lang='lat' dir='ltr'><strong>regulam</strong></span> <span class='ocrx_word' id='word_1_650' title='bbox 3374 2655 3675 2714; x_wconf 86' lang='lat' dir='ltr'><strong>honestatis</strong></span> <span class='ocrx_word' id='word_1_651' title='bbox 3696 2663 3793 2713; x_wconf 89' lang='lat' dir='ltr'><strong>aut</strong></span> <span class='ocrx_word' id='word_1_652' title='bbox 3811 2657 4021 2715; x_wconf 80' lang='lat' dir='ltr'><strong>divinae</strong></span> 
     </span>
     <span class='ocr_line' id='line_1_82' title="bbox 2430 2742 4021 2820; baseline 0.004 -22"><span class='ocrx_word' id='word_1_653' title='bbox 2430 2742 2562 2816; x_wconf 88' lang='lat' dir='ltr'><strong>legis</strong></span> <span class='ocrx_word' id='word_1_654' title='bbox 2592 2749 2880 2817; x_wconf 85' lang='lat' dir='ltr'><strong>sequatur,</strong></span> <span class='ocrx_word' id='word_1_655' title='bbox 2914 2744 3134 2802; x_wconf 90' lang='lat' dir='ltr'><strong>omnino</strong></span> <span class='ocrx_word' id='word_1_656' title='bbox 3160 2744 3357 2802; x_wconf 78' lang='lat' dir='ltr'><strong>salsum</strong></span> <span class='ocrx_word' id='word_1_657' title='bbox 3378 2751 3477 2802; x_wconf 90' lang='lat' dir='ltr'><strong>est.</strong></span> <span class='ocrx_word' id='word_1_658' title='bbox 3506 2748 3643 2803; x_wconf 90' lang='lat' dir='ltr'><strong>Nam</strong></span> <span class='ocrx_word' id='word_1_659' title='bbox 3664 2746 3708 2802; x_wconf 89' lang='lat' dir='ltr'><strong>si</strong></span> <span class='ocrx_word' id='word_1_660' title='bbox 3731 2747 4021 2820; x_wconf 86' lang='lat' dir='ltr'><strong>loquamur</strong></span> 
     </span>
     <span class='ocr_line' id='line_1_83' title="bbox 2428 2831 4017 2908; baseline 0.006 -20"><span class='ocrx_word' id='word_1_661' title='bbox 2428 2831 2497 2889; x_wconf 90' lang='lat' dir='ltr'><strong>de</strong></span> <span class='ocrx_word' id='word_1_662' title='bbox 2527 2831 2809 2890; x_wconf 86' lang='lat' dir='ltr'><strong>honestate</strong></span> <span class='ocrx_word' id='word_1_663' title='bbox 2838 2834 3097 2906; x_wconf 89' lang='lat' dir='ltr'><strong>naturali,</strong></span> <span class='ocrx_word' id='word_1_664' title='bbox 3129 2837 3314 2908; x_wconf 92' lang='lat' dir='ltr'><strong>potius</strong></span> <span class='ocrx_word' id='word_1_665' title='bbox 3344 2836 3433 2893; x_wconf 88' lang='lat' dir='ltr'><strong>illa</strong></span> <span class='ocrx_word' id='word_1_666' title='bbox 3472 2838 3783 2895; x_wconf 84' lang='lat' dir='ltr'><strong>necessaria</strong></span> <span class='ocrx_word' id='word_1_667' title='bbox 3820 2846 3909 2902; x_wconf 82' lang='lat' dir='ltr'><strong>est</strong></span> <span class='ocrx_word' id='word_1_668' title='bbox 3946 2839 4017 2897; x_wconf 86' lang='lat' dir='ltr'><strong>ad</strong></span> 
     </span>
     <span class='ocr_line' id='line_1_84' title="bbox 2430 2925 4017 3002; baseline 0.004 -22"><span class='ocrx_word' id='word_1_669' title='bbox 2430 2939 2621 2996; x_wconf 89' lang='lat' dir='ltr'><strong>pacem</strong></span> <span class='ocrx_word' id='word_1_670' title='bbox 2652 2931 2710 2982; x_wconf 90' lang='lat' dir='ltr'><strong>et</strong></span> <span class='ocrx_word' id='word_1_671' title='bbox 2729 2925 3043 2982; x_wconf 78' lang='lat' dir='ltr'><strong>felicitatem</strong></span> <span class='ocrx_word' id='word_1_672' title='bbox 3069 2926 3345 2999; x_wconf 86' lang='lat' dir='ltr'><strong>politicam</strong></span> <span class='ocrx_word' id='word_1_673' title='bbox 3366 2927 3693 3001; x_wconf 89' lang='lat' dir='ltr'><strong>reipublicae</strong></span> <span class='ocrx_word' id='word_1_674' title='bbox 3723 2928 4017 3002; x_wconf 86' lang='lat' dir='ltr'><strong>humanae,</strong></span> 
     </span>
     <span class='ocr_line' id='line_1_85' title="bbox 2432 3014 4024 3092; baseline 0.003 -21"><span class='ocrx_word' id='word_1_675' title='bbox 2432 3021 2493 3071; x_wconf 90' lang='lat' dir='ltr'><strong>ut</strong></span> <span class='ocrx_word' id='word_1_676' title='bbox 2516 3014 2681 3072; x_wconf 88' lang='lat' dir='ltr'><strong>etiam</strong></span> <span class='ocrx_word' id='word_1_677' title='bbox 2708 3017 2828 3088; x_wconf 88' lang='lat' dir='ltr'><strong>ipsa</strong></span> <span class='ocrx_word' id='word_1_678' title='bbox 2856 3017 2981 3073; x_wconf 89' lang='lat' dir='ltr'><strong>iura</strong></span> <span class='ocrx_word' id='word_1_679' title='bbox 3008 3015 3181 3074; x_wconf 85' lang='lat' dir='ltr'><strong>civilia</strong></span> <span class='ocrx_word' id='word_1_680' title='bbox 3208 3016 3471 3092; x_wconf 80' lang='lat' dir='ltr'><strong>fatentur,</strong></span> <span class='ocrx_word' id='word_1_681' title='bbox 3500 3033 3643 3091; x_wconf 89' lang='lat' dir='ltr'><strong>quae</strong></span> <span class='ocrx_word' id='word_1_682' title='bbox 3670 3020 3857 3076; x_wconf 86' lang='lat' dir='ltr'><strong>statim</strong></span> <span class='ocrx_word' id='word_1_683' title='bbox 3888 3018 4024 3076; x_wconf 82' lang='lat' dir='ltr'><strong>rese-</strong></span> 
     </span>
     <span class='ocr_line' id='line_1_86' title="bbox 2430 3105 4021 3182; baseline 0.004 -23"><span class='ocrx_word' id='word_1_684' title='bbox 2430 3119 2639 3162; x_wconf 89' lang='lat' dir='ltr'><strong>remus.</strong></span> <span class='ocrx_word' id='word_1_685' title='bbox 2672 3105 2727 3162; x_wconf 87' lang='lat' dir='ltr'><strong>Si</strong></span> <span class='ocrx_word' id='word_1_686' title='bbox 2762 3120 2889 3162; x_wconf 76' lang='lat' dir='ltr'><strong>vero</strong></span> <span class='ocrx_word' id='word_1_687' title='bbox 2920 3107 2988 3162; x_wconf 89' lang='lat' dir='ltr'><strong>sit</strong></span> <span class='ocrx_word' id='word_1_688' title='bbox 3016 3120 3196 3163; x_wconf 90' lang='lat' dir='ltr'><strong>sermo</strong></span> <span class='ocrx_word' id='word_1_689' title='bbox 3224 3105 3292 3164; x_wconf 88' lang='lat' dir='ltr'><strong>de</strong></span> <span class='ocrx_word' id='word_1_690' title='bbox 3327 3109 3637 3182; x_wconf 85' lang='lat' dir='ltr'><strong>integritate</strong></span> <span class='ocrx_word' id='word_1_691' title='bbox 3666 3107 3789 3164; x_wconf 86' lang='lat' dir='ltr'><strong>fidei</strong></span> <span class='ocrx_word' id='word_1_692' title='bbox 3812 3117 3869 3166; x_wconf 86' lang='lat' dir='ltr'><strong>et</strong></span> <span class='ocrx_word' id='word_1_693' title='bbox 3894 3108 4021 3167; x_wconf 85' lang='lat' dir='ltr'><strong>reli-</strong></span> 
     </span>
     <span class='ocr_line' id='line_1_87' title="bbox 2434 3195 4019 3270; baseline 0.004 -20"><span class='ocrx_word' id='word_1_694' title='bbox 2434 3195 2635 3268; x_wconf 87' lang='lat' dir='ltr'><strong>gionis,</strong></span> <span class='ocrx_word' id='word_1_695' title='bbox 2669 3195 2785 3268; x_wconf 86' lang='lat' dir='ltr'><strong>ipsa</strong></span> <span class='ocrx_word' id='word_1_696' title='bbox 2804 3197 3139 3270; x_wconf 79' lang='lat' dir='ltr'><strong>experientia</strong></span> <span class='ocrx_word' id='word_1_697' title='bbox 3162 3203 3398 3270; x_wconf 89' lang='lat' dir='ltr'><strong>constat,</strong></span> <span class='ocrx_word' id='word_1_698' title='bbox 3414 3199 3563 3256; x_wconf 90' lang='lat' dir='ltr'><strong>nulla</strong></span> <span class='ocrx_word' id='word_1_699' title='bbox 3586 3214 3647 3257; x_wconf 90' lang='lat' dir='ltr'><strong>re</strong></span> <span class='ocrx_word' id='word_1_700' title='bbox 3666 3199 3865 3257; x_wconf 86' lang='lat' dir='ltr'><strong>melius</strong></span> <span class='ocrx_word' id='word_1_701' title='bbox 3886 3216 4019 3258; x_wconf 88' lang='lat' dir='ltr'><strong>con·</strong></span> 
     </span>
     <span class='ocr_line' id='line_1_88' title="bbox 2432 3287 4019 3363; baseline 0.003 -20"><span class='ocrx_word' id='word_1_702' title='bbox 2432 3289 2639 3344; x_wconf 87' lang='lat' dir='ltr'><strong>servari</strong></span> <span class='ocrx_word' id='word_1_703' title='bbox 2661 3303 2828 3361; x_wconf 88' lang='lat' dir='ltr'><strong>regna</strong></span> <span class='ocrx_word' id='word_1_704' title='bbox 2847 3287 3009 3344; x_wconf 89' lang='lat' dir='ltr'><strong>etiam</strong></span> <span class='ocrx_word' id='word_1_705' title='bbox 3032 3289 3081 3343; x_wconf 90' lang='lat' dir='ltr'><strong>in</strong></span> <span class='ocrx_word' id='word_1_706' title='bbox 3109 3287 3393 3361; x_wconf 88' lang='lat' dir='ltr'><strong>temporali</strong></span> <span class='ocrx_word' id='word_1_707' title='bbox 3417 3289 3692 3361; x_wconf 80' lang='lat' dir='ltr'><strong>felicitate,</strong></span> <span class='ocrx_word' id='word_1_708' title='bbox 3706 3305 3873 3363; x_wconf 89' lang='lat' dir='ltr'><strong>quam</strong></span> <span class='ocrx_word' id='word_1_709' title='bbox 3892 3291 4019 3348; x_wconf 89' lang='lat' dir='ltr'><strong>obe·</strong></span> 
     </span>
     <span class='ocr_line' id='line_1_89' title="bbox 2431 3376 4021 3449; baseline 0.003 -15"><span class='ocrx_word' id='word_1_710' title='bbox 2431 3376 2677 3449; x_wconf 84' lang='lat' dir='ltr'><strong>dientia,·</strong></span> <span class='ocrx_word' id='word_1_711' title='bbox 2710 3384 2767 3435; x_wconf 90' lang='lat' dir='ltr'><strong>et</strong></span> <span class='ocrx_word' id='word_1_712' title='bbox 2812 3381 3227 3437; x_wconf 82' lang='lat' dir='ltr'><strong>conservatione</strong></span> <span class='ocrx_word' id='word_1_713' title='bbox 3272 3379 3577 3438; x_wconf 88' lang='lat' dir='ltr'><strong>catholicae</strong></span> <span class='ocrx_word' id='word_1_714' title='bbox 3616 3380 3733 3438; x_wconf 83' lang='lat' dir='ltr'><strong>fidei</strong></span> <span class='ocrx_word' id='word_1_715' title='bbox 3790 3397 3855 3438; x_wconf 90' lang='lat' dir='ltr'><strong>ac</strong></span> <span class='ocrx_word' id='word_1_716' title='bbox 3898 3381 4021 3438; x_wconf 88' lang='lat' dir='ltr'><strong>reli·</strong></span> 
     </span>
     <span class='ocr_line' id='line_1_90' title="bbox 2430 3468 4023 3545; baseline 0.002 -20"><span class='ocrx_word' id='word_1_717' title='bbox 2430 3469 2625 3544; x_wconf 80' lang='lat' dir='ltr'><strong>gionis3</strong></span> <span class='ocrx_word' id='word_1_718' title='bbox 2658 3469 2725 3526; x_wconf 92' lang='lat' dir='ltr'><strong>de</strong></span> <span class='ocrx_word' id='word_1_719' title='bbox 2756 3484 2868 3542; x_wconf 91' lang='lat' dir='ltr'><strong>quo</strong></span> <span class='ocrx_word' id='word_1_720' title='bbox 2898 3476 3217 3542; x_wconf 83' lang='lat' dir='ltr'><strong>argumento</strong></span> <span class='ocrx_word' id='word_1_721' title='bbox 3251 3468 3418 3526; x_wconf 89' lang='lat' dir='ltr'><strong>videri</strong></span> <span class='ocrx_word' id='word_1_722' title='bbox 3454 3477 3708 3543; x_wconf 86' lang='lat' dir='ltr'><strong>possunt,</strong></span> <span class='ocrx_word' id='word_1_723' title='bbox 3750 3487 3897 3545; x_wconf 87' lang='lat' dir='ltr'><strong>quae</strong></span> <span class='ocrx_word' id='word_1_724' title='bbox 3922 3488 4023 3528; x_wconf 87' lang='lat' dir='ltr'><strong>co-</strong></span> 
     </span>
     <span class='ocr_line' id='line_1_91' title="bbox 2432 3559 4023 3635; baseline 0.001 -19"><span class='ocrx_word' id='word_1_725' title='bbox 2432 3561 2581 3632; x_wconf 89' lang='lat' dir='ltr'><strong>piose</strong></span> <span class='ocrx_word' id='word_1_726' title='bbox 2610 3561 2798 3618; x_wconf 89' lang='lat' dir='ltr'><strong>scribit</strong></span> <span class='ocrx_word' id='word_1_727' title='bbox 2822 3561 3019 3617; x_wconf 89' lang='lat' dir='ltr'><strong>Bozius</strong></span> <span class='ocrx_word' id='word_1_728' title='bbox 3042 3559 3113 3616; x_wconf 86' lang='lat' dir='ltr'><strong>de</strong></span> <span class='ocrx_word' id='word_1_729' title='bbox 3139 3563 3320 3633; x_wconf 74' lang='lat' dir='ltr'><strong>siquis</strong></span> <span class='ocrx_word' id='word_1_730' title='bbox 3358 3559 3578 3618; x_wconf 84' lang='lat' dir='ltr'><strong>Eccles.</strong></span> <span class='ocrx_word' id='word_1_731' title='bbox 3620 3563 3915 3635; x_wconf 87' lang='lat' dir='ltr'><strong>praecipue</strong></span> <span class='ocrx_word' id='word_1_732' title='bbox 3956 3561 4023 3618; x_wconf 88' lang='lat' dir='ltr'><strong>li-</strong></span> 
     </span>
     <span class='ocr_line' id='line_1_92' title="bbox 2430 3649 4014 3725; baseline 0.001 -17"><span class='ocrx_word' id='word_1_733' title='bbox 2430 3651 2531 3708; x_wconf 88' lang='lat' dir='ltr'><strong>bro</strong></span> <span class='ocrx_word' id='word_1_734' title='bbox 2557 3655 2627 3712; x_wconf 83' lang='grc'><strong>21</strong></span> <span class='ocrx_word' id='word_1_735' title='bbox 2654 3692 2670 3724; x_wconf 90' lang='grc'><strong>,</strong></span> <span class='ocrx_word' id='word_1_736' title='bbox 2698 3658 2756 3709; x_wconf 91' lang='lat' dir='ltr'><strong>et</strong></span> <span class='ocrx_word' id='word_1_737' title='bbox 2784 3667 2900 3725; x_wconf 90' lang='lat' dir='ltr'><strong>seq.</strong></span> <span class='ocrx_word' id='word_1_738' title='bbox 2934 3649 3243 3709; x_wconf 88' lang='lat' dir='ltr'><strong>Bellarmin.</strong></span> <span class='ocrx_word' id='word_1_739' title='bbox 3278 3651 3371 3709; x_wconf 89' lang='lat' dir='ltr'><strong>lib.</strong></span> <span class='ocrx_word' id='word_1_740' title='bbox 3404 3654 3460 3709; x_wconf 76' lang='lat'><strong>4.</strong></span> <span class='ocrx_word' id='word_1_741' title='bbox 3500 3649 3572 3708; x_wconf 82' lang='lat' dir='ltr'><strong>de</strong></span> <span class='ocrx_word' id='word_1_742' title='bbox 3606 3655 3763 3709; x_wconf 77' lang='lat' dir='ltr'><strong>notis</strong></span> <span class='ocrx_word' id='word_1_743' title='bbox 3789 3651 4014 3710; x_wconf 80' lang='lat' dir='ltr'><strong>Eccles.</strong></span> 
     </span>
     <span class='ocr_line' id='line_1_93' title="bbox 2430 3739 4017 3818; baseline 0 -19"><span class='ocrx_word' id='word_1_744' title='bbox 2430 3757 2557 3815; x_wconf 88' lang='lat' dir='ltr'><strong>cap.</strong></span> <span class='ocrx_word' id='word_1_745' title='bbox 2596 3745 2686 3814; x_wconf 90' lang='grc'><strong>17,</strong></span> <span class='ocrx_word' id='word_1_746' title='bbox 2718 3749 2775 3799; x_wconf 87' lang='lat' dir='ltr'><strong>et</strong></span> <span class='ocrx_word' id='word_1_747' title='bbox 2808 3746 2895 3812; x_wconf 87' lang='lat' dir='ltr'><strong>ts,</strong></span> <span class='ocrx_word' id='word_1_748' title='bbox 2928 3748 2985 3799; x_wconf 87' lang='lat' dir='ltr'><strong>et</strong></span> <span class='ocrx_word' id='word_1_749' title='bbox 3004 3744 3146 3799; x_wconf 87' lang='lat' dir='ltr'><strong>Petr.</strong></span> <span class='ocrx_word' id='word_1_750' title='bbox 3184 3741 3445 3800; x_wconf 87' lang='lat' dir='ltr'><strong>Ribaden.</strong></span> <span class='ocrx_word' id='word_1_751' title='bbox 3472 3740 3564 3799; x_wconf 90' lang='lat' dir='ltr'><strong>lib.</strong></span> <span class='ocrx_word' id='word_1_752' title='bbox 3591 3745 3640 3799; x_wconf 88' lang='lat'><strong>1.</strong></span> <span class='ocrx_word' id='word_1_753' title='bbox 3664 3739 3736 3799; x_wconf 81' lang='lat' dir='ltr'><strong>de</strong></span> <span class='ocrx_word' id='word_1_754' title='bbox 3753 3745 4017 3818; x_wconf 76' lang='lat' dir='ltr'><strong>princip.</strong></span> 
     </span>
     <span class='ocr_line' id='line_1_94' title="bbox 2432 3831 4021 3906; baseline 0.002 -18"><span class='ocrx_word' id='word_1_755' title='bbox 2432 3834 2640 3890; x_wconf 75' lang='lat' dir='ltr'><strong>christ.</strong></span> <span class='ocrx_word' id='word_1_756' title='bbox 2672 3847 2794 3906; x_wconf 87' lang='lat' dir='ltr'><strong>cap.</strong></span> <span class='ocrx_word' id='word_1_757' title='bbox 2846 3835 2909 3890; x_wconf 87' lang='grc'><strong>13</strong></span> <span class='ocrx_word' id='word_1_758' title='bbox 2928 3874 2944 3896; x_wconf 82' lang='grc'><strong>,</strong></span> <span class='ocrx_word' id='word_1_759' title='bbox 2978 3841 3035 3891; x_wconf 89' lang='lat' dir='ltr'><strong>et</strong></span> <span class='ocrx_word' id='word_1_760' title='bbox 3062 3833 3368 3905; x_wconf 87' lang='lat' dir='ltr'><strong>sequentib.</strong></span> <span class='ocrx_word' id='word_1_761' title='bbox 3398 3838 3457 3889; x_wconf 89' lang='lat' dir='ltr'><strong>et</strong></span> <span class='ocrx_word' id='word_1_762' title='bbox 3482 3831 3593 3890; x_wconf 79' lang='lat' dir='ltr'><strong>tere</strong></span> <span class='ocrx_word' id='word_1_763' title='bbox 3624 3847 3723 3906; x_wconf 88' lang='lat' dir='ltr'><strong>per</strong></span> <span class='ocrx_word' id='word_1_764' title='bbox 3750 3839 3931 3891; x_wconf 89' lang='lat' dir='ltr'><strong>totum</strong></span> <span class='ocrx_word' id='word_1_765' title='bbox 3958 3833 4021 3891; x_wconf 91' lang='lat' dir='ltr'><strong>il·</strong></span> 
     </span>
     <span class='ocr_line' id='line_1_95' title="bbox 2432 3921 3541 3996; baseline -0.002 -16"><span class='ocrx_word' id='word_1_766' title='bbox 2432 3922 2527 3980; x_wconf 93' lang='lat' dir='ltr'><strong>lud</strong></span> <span class='ocrx_word' id='word_1_767' title='bbox 2556 3939 2696 3995; x_wconf 87' lang='lat' dir='ltr'><strong>opus</strong></span> <span class='ocrx_word' id='word_1_768' title='bbox 2718 3921 3015 3996; x_wconf 89' lang='lat' dir='ltr'><strong>prudenter</strong></span> <span class='ocrx_word' id='word_1_769' title='bbox 3043 3925 3179 3980; x_wconf 89' lang='lat' dir='ltr'><strong>satis</strong></span> <span class='ocrx_word' id='word_1_770' title='bbox 3210 3938 3277 3980; x_wconf 89' lang='lat' dir='ltr'><strong>ac</strong></span> <span class='ocrx_word' id='word_1_771' title='bbox 3305 3921 3541 3980; x_wconf 88' lang='lat' dir='ltr'><strong>erudite.</strong></span> 
     </span>
    </p>

    <p class='ocr_par' dir='ltr' id='par_1_11' title="bbox 2424 4011 4023 5360">
     <span class='ocr_line' id='line_1_96' title="bbox 2510 4011 4014 4088; baseline 0.001 -16"><span class='ocrx_word' id='word_1_772' title='bbox 2510 4019 2565 4072; x_wconf 77' lang='lat'><strong>5.</strong></span> <span class='ocrx_word' id='word_1_773' title='bbox 2597 4011 2821 4071; x_wconf 87' lang='lat' dir='ltr'><strong>Nullum</strong></span> <span class='ocrx_word' id='word_1_774' title='bbox 2854 4029 2990 4088; x_wconf 88' lang='lat' dir='ltr'><strong>ergo</strong></span> <span class='ocrx_word' id='word_1_775' title='bbox 3030 4020 3117 4072; x_wconf 91' lang='lat' dir='ltr'><strong>est</strong></span> <span class='ocrx_word' id='word_1_776' title='bbox 3152 4013 3298 4071; x_wconf 89' lang='lat' dir='ltr'><strong>illius</strong></span> <span class='ocrx_word' id='word_1_777' title='bbox 3338 4017 3540 4075; x_wconf 86' lang='lat' dir='ltr'><strong>erroris</strong></span> <span class='ocrx_word' id='word_1_778' title='bbox 3576 4012 4014 4074; x_wconf 76' lang='lat' dir='ltr'><strong>fundamentum.</strong></span> 
     </span>
     <span class='ocr_line' id='line_1_97' title="bbox 2432 4103 4023 4178; baseline 0.001 -16"><span class='ocrx_word' id='word_1_779' title='bbox 2432 4103 2511 4162; x_wconf 85' lang='lat' dir='ltr'><strong>Ad</strong></span> <span class='ocrx_word' id='word_1_780' title='bbox 2540 4103 2677 4161; x_wconf 89' lang='lat' dir='ltr'><strong>illud</strong></span> <span class='ocrx_word' id='word_1_781' title='bbox 2704 4110 2909 4176; x_wconf 88' lang='lat' dir='ltr'><strong>autem,</strong></span> <span class='ocrx_word' id='word_1_782' title='bbox 2940 4105 3087 4178; x_wconf 91' lang='lat' dir='ltr'><strong>quod</strong></span> <span class='ocrx_word' id='word_1_783' title='bbox 3116 4120 3181 4162; x_wconf 80' lang='lat' dir='ltr'><strong>ex</strong></span> <span class='ocrx_word' id='word_1_784' title='bbox 3210 4121 3318 4162; x_wconf 91' lang='lat' dir='ltr'><strong>usu</strong></span> <span class='ocrx_word' id='word_1_785' title='bbox 3344 4105 3528 4178; x_wconf 88' lang='lat' dir='ltr'><strong>legum</strong></span> <span class='ocrx_word' id='word_1_786' title='bbox 3554 4105 3793 4163; x_wconf 88' lang='lat' dir='ltr'><strong>civilium</strong></span> <span class='ocrx_word' id='word_1_787' title='bbox 3832 4107 4023 4164; x_wconf 77' lang='lat' dir='ltr'><strong>affere-</strong></span> 
     </span>
     <span class='ocr_line' id='line_1_98' title="bbox 2431 4193 4019 4270; baseline 0.002 -19"><span class='ocrx_word' id='word_1_788' title='bbox 2431 4193 2619 4266; x_wconf 87' lang='lat' dir='ltr'><strong>batur,</strong></span> <span class='ocrx_word' id='word_1_789' title='bbox 2651 4193 2945 4252; x_wconf 89' lang='lat' dir='ltr'><strong>dicendum</strong></span> <span class='ocrx_word' id='word_1_790' title='bbox 2975 4200 3063 4252; x_wconf 88' lang='lat' dir='ltr'><strong>est</strong></span> <span class='ocrx_word' id='word_1_791' title='bbox 3090 4195 3143 4251; x_wconf 88' lang='lat' dir='ltr'><strong>in</strong></span> <span class='ocrx_word' id='word_1_792' title='bbox 3172 4195 3383 4267; x_wconf 89' lang='lat' dir='ltr'><strong>primis,</strong></span> <span class='ocrx_word' id='word_1_793' title='bbox 3416 4194 3543 4254; x_wconf 84' lang='lat' dir='ltr'><strong>nihil</strong></span> <span class='ocrx_word' id='word_1_794' title='bbox 3578 4211 3700 4253; x_wconf 89' lang='lat' dir='ltr'><strong>esse</strong></span> <span class='ocrx_word' id='word_1_795' title='bbox 3726 4197 3783 4253; x_wconf 88' lang='lat' dir='ltr'><strong>in</strong></span> <span class='ocrx_word' id='word_1_796' title='bbox 3808 4195 4019 4270; x_wconf 78' lang='lat' dir='ltr'><strong>legibus</strong></span> 
     </span>
     <span class='ocr_line' id='line_1_99' title="bbox 2430 4283 4023 4359; baseline 0.003 -18"><span class='ocrx_word' id='word_1_797' title='bbox 2430 4283 2501 4341; x_wconf 89' lang='lat' dir='ltr'><strong>ibi</strong></span> <span class='ocrx_word' id='word_1_798' title='bbox 2531 4286 2737 4357; x_wconf 86' lang='lat' dir='ltr'><strong>citatis,</strong></span> <span class='ocrx_word' id='word_1_799' title='bbox 2770 4283 2920 4358; x_wconf 89' lang='lat' dir='ltr'><strong>quod</strong></span> <span class='ocrx_word' id='word_1_800' title='bbox 2956 4283 3162 4343; x_wconf 90' lang='lat' dir='ltr'><strong>directe</strong></span> <span class='ocrx_word' id='word_1_801' title='bbox 3202 4286 3529 4343; x_wconf 83' lang='lat' dir='ltr'><strong>adversetur</strong></span> <span class='ocrx_word' id='word_1_802' title='bbox 3566 4285 3825 4359; x_wconf 85' lang='lat' dir='ltr'><strong>aequitati</strong></span> <span class='ocrx_word' id='word_1_803' title='bbox 3861 4294 4023 4345; x_wconf 89' lang='lat' dir='ltr'><strong>natu-</strong></span> 
     </span>
     <span class='ocr_line' id='line_1_100' title="bbox 2430 4375 4021 4449; baseline 0.002 -17"><span class='ocrx_word' id='word_1_804' title='bbox 2430 4375 2553 4448; x_wconf 87' lang='lat' dir='ltr'><strong>rali,</strong></span> <span class='ocrx_word' id='word_1_805' title='bbox 2584 4375 2667 4432; x_wconf 84' lang='lat' dir='ltr'><strong>vel</strong></span> <span class='ocrx_word' id='word_1_806' title='bbox 2698 4375 3001 4448; x_wconf 88' lang='lat' dir='ltr'><strong>honestati;</strong></span> <span class='ocrx_word' id='word_1_807' title='bbox 3050 4375 3199 4449; x_wconf 88' lang='lat' dir='ltr'><strong>quod</strong></span> <span class='ocrx_word' id='word_1_808' title='bbox 3238 4375 3344 4432; x_wconf 88' lang='lat' dir='ltr'><strong>late</strong></span> <span class='ocrx_word' id='word_1_809' title='bbox 3382 4381 3587 4433; x_wconf 88' lang='lat' dir='ltr'><strong>tractat</strong></span> <span class='ocrx_word' id='word_1_810' title='bbox 3620 4377 3919 4434; x_wconf 86' lang='lat' dir='ltr'><strong>Fortunius</strong></span> <span class='ocrx_word' id='word_1_811' title='bbox 3960 4379 4021 4435; x_wconf 86' lang='lat' dir='ltr'><strong>in</strong></span> 
     </span>
     <span class='ocr_line' id='line_1_101' title="bbox 2430 4465 4019 4535; baseline 0.003 -13"><span class='ocrx_word' id='word_1_812' title='bbox 2430 4465 2578 4522; x_wconf 92' lang='lat' dir='ltr'><strong>dicto</strong></span> <span class='ocrx_word' id='word_1_813' title='bbox 2606 4471 2773 4522; x_wconf 88' lang='lat' dir='ltr'><strong>tract.</strong></span> <span class='ocrx_word' id='word_1_814' title='bbox 2806 4465 2873 4523; x_wconf 91' lang='lat' dir='ltr'><strong>de</strong></span> <span class='ocrx_word' id='word_1_815' title='bbox 2905 4465 3011 4523; x_wconf 88' lang='lat' dir='ltr'><strong>ult.</strong></span> <span class='ocrx_word' id='word_1_816' title='bbox 3042 4465 3165 4535; x_wconf 84' lang='lat' dir='ltr'><strong>fine,</strong></span> <span class='ocrx_word' id='word_1_817' title='bbox 3199 4465 3475 4523; x_wconf 86' lang='lat' dir='ltr'><strong>vindicans</strong></span> <span class='ocrx_word' id='word_1_818' title='bbox 3504 4466 3588 4522; x_wconf 91' lang='lat' dir='ltr'><strong>ius</strong></span> <span class='ocrx_word' id='word_1_819' title='bbox 3617 4467 3775 4524; x_wconf 88' lang='lat' dir='ltr'><strong>civile</strong></span> <span class='ocrx_word' id='word_1_820' title='bbox 3806 4467 3875 4524; x_wconf 91' lang='lat' dir='ltr'><strong>ab</strong></span> <span class='ocrx_word' id='word_1_821' title='bbox 3911 4467 4019 4526; x_wconf 84' lang='lat' dir='ltr'><strong>hac</strong></span> 
     </span>
     <span class='ocr_line' id='line_1_102' title="bbox 2431 4555 4014 4630; baseline 0.001 -17"><span class='ocrx_word' id='word_1_822' title='bbox 2431 4561 2565 4613; x_wconf 89' lang='lat' dir='ltr'><strong>tota.</strong></span> <span class='ocrx_word' id='word_1_823' title='bbox 2599 4558 2704 4613; x_wconf 90' lang='lat' dir='ltr'><strong>Pro</strong></span> <span class='ocrx_word' id='word_1_824' title='bbox 2736 4557 2816 4613; x_wconf 84' lang='lat' dir='ltr'><strong>his</strong></span> <span class='ocrx_word' id='word_1_825' title='bbox 2840 4571 2991 4626; x_wconf 84' lang='lat' dir='ltr'><strong>vero,</strong></span> <span class='ocrx_word' id='word_1_826' title='bbox 3017 4571 3161 4629; x_wconf 88' lang='lat' dir='ltr'><strong>quae</strong></span> <span class='ocrx_word' id='word_1_827' title='bbox 3174 4555 3534 4629; x_wconf 80' lang='lat' dir='ltr'><strong>adduximus,</strong></span> <span class='ocrx_word' id='word_1_828' title='bbox 3555 4557 3824 4629; x_wconf 86' lang='lat' dir='ltr'><strong>generalis</strong></span> <span class='ocrx_word' id='word_1_829' title='bbox 3848 4573 4014 4630; x_wconf 87' lang='lat' dir='ltr'><strong>regu-</strong></span> 
     </span>
     <span class='ocr_line' id='line_1_103' title="bbox 2429 4646 4021 4722; baseline 0.001 -18"><span class='ocrx_word' id='word_1_830' title='bbox 2429 4647 2479 4704; x_wconf 89' lang='lat' dir='ltr'><strong>la</strong></span> <span class='ocrx_word' id='word_1_831' title='bbox 2508 4646 2746 4706; x_wconf 88' lang='lat' dir='ltr'><strong>notanda</strong></span> <span class='ocrx_word' id='word_1_832' title='bbox 2775 4654 2880 4718; x_wconf 84' lang='lat' dir='ltr'><strong>est,</strong></span> <span class='ocrx_word' id='word_1_833' title='bbox 2914 4646 3062 4704; x_wconf 90' lang='lat' dir='ltr'><strong>aliud</strong></span> <span class='ocrx_word' id='word_1_834' title='bbox 3088 4661 3209 4702; x_wconf 90' lang='lat' dir='ltr'><strong>esse</strong></span> <span class='ocrx_word' id='word_1_835' title='bbox 3241 4647 3557 4722; x_wconf 87' lang='lat' dir='ltr'><strong>praecipere</strong></span> <span class='ocrx_word' id='word_1_836' title='bbox 3583 4647 4021 4721; x_wconf 76' lang='lat' dir='ltr'><strong>iniquum,aliud</strong></span> 
     </span>
     <span class='ocr_line' id='line_1_104' title="bbox 2429 4737 4019 4812; baseline 0.002 -18"><span class='ocrx_word' id='word_1_837' title='bbox 2429 4738 2770 4811; x_wconf 88' lang='lat' dir='ltr'><strong>permittere,</strong></span> <span class='ocrx_word' id='word_1_838' title='bbox 2794 4743 2889 4795; x_wconf 88' lang='lat' dir='ltr'><strong>aut</strong></span> <span class='ocrx_word' id='word_1_839' title='bbox 2911 4754 3015 4793; x_wconf 90' lang='lat' dir='ltr'><strong>non</strong></span> <span class='ocrx_word' id='word_1_840' title='bbox 3041 4738 3259 4810; x_wconf 86' lang='lat' dir='ltr'><strong>punire,</strong></span> <span class='ocrx_word' id='word_1_841' title='bbox 3284 4737 3369 4794; x_wconf 83' lang='lat' dir='ltr'><strong>vel</strong></span> <span class='ocrx_word' id='word_1_842' title='bbox 3390 4753 3495 4794; x_wconf 90' lang='lat' dir='ltr'><strong>non</strong></span> <span class='ocrx_word' id='word_1_843' title='bbox 3515 4737 3846 4807; x_wconf 88' lang='lat' dir='ltr'><strong>rescindere,</strong></span> <span class='ocrx_word' id='word_1_844' title='bbox 3868 4739 4019 4812; x_wconf 88' lang='lat' dir='ltr'><strong>quod</strong></span> 
     </span>
     <span class='ocr_line' id='line_1_105' title="bbox 2430 4826 4019 4901; baseline 0.002 -17"><span class='ocrx_word' id='word_1_845' title='bbox 2430 4826 2566 4885; x_wconf 89' lang='lat' dir='ltr'><strong>male</strong></span> <span class='ocrx_word' id='word_1_846' title='bbox 2596 4827 2797 4884; x_wconf 84' lang='lat' dir='ltr'><strong>sactum</strong></span> <span class='ocrx_word' id='word_1_847' title='bbox 2825 4834 2940 4900; x_wconf 65' lang='grc' dir='ltr'><strong>εει,</strong></span> <span class='ocrx_word' id='word_1_848' title='bbox 2972 4827 3122 4901; x_wconf 87' lang='lat' dir='ltr'><strong>leges</strong></span> <span class='ocrx_word' id='word_1_849' title='bbox 3149 4843 3281 4901; x_wconf 88' lang='lat' dir='ltr'><strong>ergo</strong></span> <span class='ocrx_word' id='word_1_850' title='bbox 3308 4827 3496 4884; x_wconf 87' lang='lat' dir='ltr'><strong>civiles</strong></span> <span class='ocrx_word' id='word_1_851' title='bbox 3524 4843 3633 4884; x_wconf 90' lang='lat' dir='ltr'><strong>non</strong></span> <span class='ocrx_word' id='word_1_852' title='bbox 3672 4829 4019 4901; x_wconf 89' lang='lat' dir='ltr'><strong>praecipiunt</strong></span> 
     </span>
     <span class='ocr_line' id='line_1_106' title="bbox 2428 4916 4017 4992; baseline 0.003 -18"><span class='ocrx_word' id='word_1_853' title='bbox 2428 4918 2640 4992; x_wconf 81' lang='lat' dir='ltr'><strong>iniqua3</strong></span> <span class='ocrx_word' id='word_1_854' title='bbox 2672 4916 2947 4975; x_wconf 88' lang='lat' dir='ltr'><strong>interdum</strong></span> <span class='ocrx_word' id='word_1_855' title='bbox 2974 4933 3106 4976; x_wconf 84' lang='lat' dir='ltr'><strong>vero</strong></span> <span class='ocrx_word' id='word_1_856' title='bbox 3149 4920 3495 4992; x_wconf 85' lang='lat' dir='ltr'><strong>permittunt,</strong></span> <span class='ocrx_word' id='word_1_857' title='bbox 3538 4925 3636 4976; x_wconf 88' lang='lat' dir='ltr'><strong>aut</strong></span> <span class='ocrx_word' id='word_1_858' title='bbox 3670 4920 3910 4979; x_wconf 87' lang='lat' dir='ltr'><strong>tolerant</strong></span> <span class='ocrx_word' id='word_1_859' title='bbox 3946 4920 4017 4978; x_wconf 87' lang='lat' dir='ltr'><strong>ad</strong></span> 
     </span>
     <span class='ocr_line' id='line_1_107' title="bbox 2428 5007 4021 5083; baseline 0.003 -18"><span class='ocrx_word' id='word_1_860' title='bbox 2428 5009 2631 5066; x_wconf 89' lang='lat' dir='ltr'><strong>maiora</strong></span> <span class='ocrx_word' id='word_1_861' title='bbox 2660 5008 2800 5066; x_wconf 88' lang='lat' dir='ltr'><strong>mala</strong></span> <span class='ocrx_word' id='word_1_862' title='bbox 2826 5007 3064 5083; x_wconf 81' lang='lat' dir='ltr'><strong>vitanda,</strong></span> <span class='ocrx_word' id='word_1_863' title='bbox 3097 5015 3160 5066; x_wconf 90' lang='lat' dir='ltr'><strong>ut</strong></span> <span class='ocrx_word' id='word_1_864' title='bbox 3187 5009 3294 5067; x_wconf 84' lang='lat' dir='ltr'><strong>late</strong></span> <span class='ocrx_word' id='word_1_865' title='bbox 3320 5009 3553 5083; x_wconf 83' lang='lat' dir='ltr'><strong>explicat</strong></span> <span class='ocrx_word' id='word_1_866' title='bbox 3576 5009 3816 5068; x_wconf 74' lang='lat' dir='ltr'><strong>Bar-bosa</strong></span> <span class='ocrx_word' id='word_1_867' title='bbox 3845 5011 3903 5069; x_wconf 76' lang='lat' dir='ltr'><strong>ff.</strong></span> <span class='ocrx_word' id='word_1_868' title='bbox 3927 5027 4021 5069; x_wconf 87' lang='lat' dir='ltr'><strong>so-</strong></span> 
     </span>
     <span class='ocr_line' id='line_1_108' title="bbox 2427 5098 4011 5174; baseline 0.001 -16"><span class='ocrx_word' id='word_1_869' title='bbox 2427 5100 2529 5158; x_wconf 94' lang='lat' dir='ltr'><strong>lut.</strong></span> <span class='ocrx_word' id='word_1_870' title='bbox 2561 5104 2724 5157; x_wconf 88' lang='lat' dir='ltr'><strong>matr.</strong></span> <span class='ocrx_word' id='word_1_871' title='bbox 2749 5099 2802 5156; x_wconf 90' lang='lat' dir='ltr'><strong>in</strong></span> <span class='ocrx_word' id='word_1_872' title='bbox 2823 5098 2978 5156; x_wconf 91' lang='lat' dir='ltr'><strong>rubr.</strong></span> <span class='ocrx_word' id='word_1_873' title='bbox 3013 5115 3067 5172; x_wconf 89' lang='lat' dir='ltr'><strong>p.</strong></span> <span class='ocrx_word' id='word_1_874' title='bbox 3092 5104 3149 5169; x_wconf 89' lang='grc'><strong>2,</strong></span> <span class='ocrx_word' id='word_1_875' title='bbox 3172 5115 3228 5156; x_wconf 85' lang='grc' dir='ltr'><strong>ιι.</strong></span> <span class='ocrx_word' id='word_1_876' title='bbox 3264 5103 3351 5172; x_wconf 84' lang='grc'><strong>10,</strong></span> <span class='ocrx_word' id='word_1_877' title='bbox 3372 5105 3428 5157; x_wconf 89' lang='lat' dir='ltr'><strong>et</strong></span> <span class='ocrx_word' id='word_1_878' title='bbox 3448 5115 3563 5174; x_wconf 87' lang='lat' dir='ltr'><strong>seq.</strong></span> <span class='ocrx_word' id='word_1_879' title='bbox 3590 5115 3717 5159; x_wconf 84' lang='lat' dir='ltr'><strong>mox</strong></span> <span class='ocrx_word' id='word_1_880' title='bbox 3736 5102 4011 5160; x_wconf 88' lang='lat' dir='ltr'><strong>dicemus.</strong></span> 
     </span>
     <span class='ocr_line' id='line_1_109' title="bbox 2426 5187 4016 5263; baseline 0.003 -16"><span class='ocrx_word' id='word_1_881' title='bbox 2426 5189 2607 5248; x_wconf 88' lang='lat' dir='ltr'><strong>Primo</strong></span> <span class='ocrx_word' id='word_1_882' title='bbox 2634 5189 2801 5263; x_wconf 88' lang='lat' dir='ltr'><strong>igitur</strong></span> <span class='ocrx_word' id='word_1_883' title='bbox 2828 5190 2879 5246; x_wconf 91' lang='lat' dir='ltr'><strong>in</strong></span> <span class='ocrx_word' id='word_1_884' title='bbox 2909 5189 3058 5247; x_wconf 88' lang='lat' dir='ltr'><strong>dicta</strong></span> <span class='ocrx_word' id='word_1_885' title='bbox 3080 5189 3117 5246; x_wconf 95' lang='lat' dir='ltr'><strong>l.</strong></span> <span class='ocrx_word' id='word_1_886' title='bbox 3146 5187 3299 5260; x_wconf 83' lang='lat' dir='ltr'><strong>dolo,</strong></span> <span class='ocrx_word' id='word_1_887' title='bbox 3336 5190 3499 5248; x_wconf 87' lang='lat' dir='ltr'><strong>datur</strong></span> <span class='ocrx_word' id='word_1_888' title='bbox 3536 5192 3679 5248; x_wconf 86' lang='lat' dir='ltr'><strong>actio</strong></span> <span class='ocrx_word' id='word_1_889' title='bbox 3706 5191 3759 5248; x_wconf 91' lang='lat' dir='ltr'><strong>in</strong></span> <span class='ocrx_word' id='word_1_890' title='bbox 3790 5193 3909 5251; x_wconf 90' lang='lat' dir='ltr'><strong>iure</strong></span> <span class='ocrx_word' id='word_1_891' title='bbox 3936 5195 4016 5250; x_wconf 91' lang='lat' dir='ltr'><strong>ci-</strong></span> 
     </span>
     <span class='ocr_line' id='line_1_110' title="bbox 2424 5278 4012 5360; baseline 0.003 -24"><span class='ocrx_word' id='word_1_892' title='bbox 2424 5278 2537 5353; x_wconf 83' lang='lat' dir='ltr'><strong>vili,</strong></span> <span class='ocrx_word' id='word_1_893' title='bbox 2568 5295 2677 5337; x_wconf 90' lang='lat' dir='ltr'><strong>non</strong></span> <span class='ocrx_word' id='word_1_894' title='bbox 2707 5279 2958 5338; x_wconf 88' lang='lat' dir='ltr'><strong>obstante</strong></span> <span class='ocrx_word' id='word_1_895' title='bbox 2982 5279 3133 5354; x_wconf 85' lang='lat' dir='ltr'><strong>dolo,</strong></span> <span class='ocrx_word' id='word_1_896' title='bbox 3165 5281 3221 5337; x_wconf 90' lang='lat' dir='ltr'><strong>in</strong></span> <span class='ocrx_word' id='word_1_897' title='bbox 3248 5279 3627 5339; x_wconf 86' lang='lat' dir='ltr'><strong>contractibus</strong></span> <span class='ocrx_word' id='word_1_898' title='bbox 3655 5281 3834 5341; x_wconf 85' lang='lat' dir='ltr'><strong>stricti</strong></span> <span class='ocrx_word' id='word_1_899' title='bbox 3850 5283 4012 5360; x_wconf 84' lang='lat' dir='ltr'><strong>iuris,</strong></span> 
     </span>
    </p>
   </div>
  </div>
 </body>
</html>
