4325 6267
1737 381 1946 431 CAPUT
1976 382 2070 431 vl.

284 499 587 574 Epiphanio
630 517 695 558 ac
736 501 1075 562 Tertulliano
1118 502 1257 561 locis
1295 504 1429 560 inira
1476 503 1797 578 referendis,
1826 511 1885 563 et

290 591 589 649 Plutarcho
618 592 671 649 in
697 593 1000 657 comment.
1034 597 1107 651 In
1122 597 1395 669 principe
1414 598 1640 668 requiri
1665 593 1884 653 doctri·

282 696 459 747 nam,
490 682 645 737 circa
670 682 1019 754 principium.
1048 684 1118 740 Et
1142 682 1485 756 declaratur,
1509 686 1637 756 quia
1668 684 1753 741 lex
1787 699 1881 739 na-

296 770 491 827 turalis
530 777 716 843 potest
756 770 839 829 vel
876 772 929 827 in
964 774 1074 829 Deo
1094 813 1109 843 ,
1140 772 1225 829 vel
1254 774 1306 829 in
1336 772 1491 829 nobis
1521 774 1877 846 considerari:

287 862 425 916 etin
446 862 562 917 Deo
590 862 809 935 quidem
837 861 1141 919 secundum
1162 863 1385 920 rationis
1408 864 1651 921 ordinem
1680 880 1883 937 suppo-

288 950 367 1006 nit
392 951 657 1008 iudicium
696 953 983 1023 ipsiusmet
1019 953 1113 1010 Dei
1138 953 1203 1011 de
1232 954 1629 1025 convenientia,
1662 954 1747 1011 vel
1775 954 1884 1012 dis·

284 1044 670 1100 convenientia
708 1043 897 1099 talium
932 1051 1162 1101 actuum
1193 1064 1207 1100 :
1241 1043 1387 1100 addit
1414 1051 1602 1101 autem
1633 1045 1884 1101 volunta-

286 1138 397 1187 tem
426 1131 700 1203 obligandi
728 1132 975 1189 homines
1002 1131 1069 1189 ad
1095 1132 1145 1189 id
1170 1133 1522 1204 servandum,
1554 1135 1702 1207 quod
1726 1142 1881 1192 recta

286 1222 429 1275 ratio
470 1220 661 1277 dictat.
692 1222 846 1289 Quod
891 1228 1068 1279 totum
1109 1223 1240 1279 satis
1282 1221 1635 1280 declaratum
1674 1231 1779 1279 est.
1813 1224 1885 1281 Et

288 1307 523 1365 l'ortasse
552 1310 656 1367 hoc
687 1310 859 1368 voluit
876 1312 1154 1368 insinuare
1178 1314 1411 1384 August.
1444 1312 1495 1368 in
1519 1312 1575 1368 d.
1602 1311 1727 1369 loco
1750 1329 1885 1371 con·

287 1402 392 1455 tra
432 1402 642 1457 Faust.
675 1399 765 1455 lib.
798 1404 867 1457 22
898 1440 913 1469 ,
943 1416 1066 1472 cap.
1102 1402 1167 1459 27
1199 1442 1213 1471 ,
1242 1400 1462 1473 quando
1502 1400 1669 1473 dixit,
1700 1400 1885 1473 leqem

286 1494 602 1546 aeternam
629 1506 753 1546 esse
779 1476 1047 1546 divinam
1074 1493 1385 1559 rationem,
1414 1489 1501 1547 vel
1526 1489 1883 1548 voluntatem

288 1576 565 1635 ordinem
584 1578 930 1637 naturalem
951 1582 1291 1636 conservari
1310 1579 1626 1646 iubentem,
1648 1585 1884 1653 pertur-

290 1667 429 1724 bari
454 1672 770 1727 vetantem.
800 1669 1073 1728 Usitatnm
1102 1670 1245 1726 enim
1274 1675 1381 1735 est,
1408 1677 1472 1725 ut
1501 1669 1771 1739 particula
1795 1667 1887 1726 vel

288 1772 391 1827 pro
420 1756 769 1829 copulatione
796 1758 1105 1830 accipiatur
1125 1798 1141 1829 ,
1169 1758 1399 1829 maxime
1422 1758 1642 1831 quando
1664 1759 1776 1831 illa,
1804 1760 1881 1816 in-

292 1853 379 1903 ter
406 1862 549 1920 quae
579 1848 821 1919 ponitur,
856 1848 930 1905 ita
958 1854 1089 1907 sunt
1116 1848 1255 1905 inter
1283 1864 1343 1905 se
1368 1864 1613 1905 connexa
1632 1889 1647 1919 ,
1680 1856 1743 1905 ut
1772 1865 1880 1905 non

290 1944 649 2009 separentur,
674 1939 755 1993 sic
782 1946 965 1995 autem
995 1954 1053 1994 sc
1084 1938 1285 1995 hahent
1312 1941 1454 1996 ratio
1476 1940 1684 2009 divina,
1710 1946 1767 1996 et
1788 1955 1886 1995 vo-

290 2026 475 2083 luntas
504 2027 655 2083 circa
684 2027 857 2099 legem
886 2035 1163 2085 aeternam
1181 2068 1197 2099 ,
1224 2037 1281 2085 et
1305 2029 1425 2086 ideo
1455 2035 1743 2102 utramque
1772 2034 1879 2086 Au-

288 2118 545 2188 gustinus
581 2117 902 2187 complexus
939 2126 1045 2174 est.
1077 2117 1229 2175 Unde
1269 2118 1610 2190 probandum
1638 2134 1744 2175 non
1775 2124 1880 2190 est,

288 2204 437 2277 quod
478 2206 738 2263 doctores
780 2209 1066 2279 posteriori
1110 2208 1229 2265 loco
1268 2207 1485 2280 allegati
1526 2208 1752 2279 dicunt,
1789 2226 1885 2265 vo·

290 2295 555 2352 luntatem
595 2295 860 2367 divinam,
898 2298 1025 2369 quia
1050 2299 1133 2355 lex
1164 2298 1425 2354 naturalis
1454 2298 1699 2367 sancitur
1724 2342 1739 2369 ,
1771 2314 1876 2355 non

287 2401 603 2457 supponere
644 2385 918 2443 dictamen
957 2387 1164 2444 divinae
1196 2388 1425 2445 rationis
1454 2388 1742 2459 dictantis,
1775 2389 1880 2446 hoc

288 2491 411 2531 esse
454 2476 749 2533 honestum
788 2476 873 2532 vel
926 2484 1116 2549 turpe,
1159 2493 1333 2549 neque
1374 2477 1703 2535 voluntatem
1732 2479 1875 2535 illam

292 2566 388 2621 Dei
415 2580 727 2637 supponere
756 2566 805 2621 in
835 2565 1053 2623 obiecto
1076 2566 1424 2623 intrinsecam
1446 2568 1881 2625 convenientiam

292 2653 377 2710 vel
404 2655 921 2713 disconvenientiam
942 2654 1009 2713 ad
1032 2664 1281 2712 naturam
1307 2656 1643 2723 rationalem,
1672 2659 1882 2715 ratione

291 2745 459 2802 cuius
487 2743 607 2801 vult
631 2760 803 2802 unum
834 2745 942 2801 lieri
962 2786 977 2817 ,
1000 2752 1056 2801 et
1085 2744 1227 2802 aliud
1263 2746 1456 2818 vetari5
1488 2752 1709 2803 constat
1733 2750 1879 2805 enim

290 2852 365 2893 ex
390 2834 553 2894 dictis
582 2834 634 2889 in
663 2833 909 2891 secunda
928 2834 1305 2906 conclusione,
1330 2834 1439 2891 hoc
1466 2834 1661 2893 falsum
1684 2852 1805 2893 esse
1823 2845 1880 2895 ct

290 2933 493 2983 contra
520 2926 791 2982 rationem
818 2922 952 2997 legis
982 2924 1262 2981 naturalis.
1294 2925 1551 2993 Quamvis
1578 2942 1709 2999 ergo
1739 2926 1879 2983 obli-

292 3016 441 3089 gatio
468 3014 589 3084 illa,
615 3029 780 3087 quam
808 3011 961 3070 addit
988 3013 1072 3070 lex
1097 3013 1381 3083 naturalis,
1408 3020 1467 3069 ut
1492 3016 1706 3086 proprie
1732 3031 1885 3087 prae·

294 3105 515 3177 ceptiva
552 3108 667 3173 est,
700 3103 771 3159 sit
809 3117 875 3159 ex
914 3101 1197 3159 voluntate
1223 3102 1432 3173 divina,
1463 3111 1645 3159 tamen
1674 3104 1761 3160 illa
1790 3120 1917 3161 vo·-

292 3193 477 3250 luntas
504 3194 765 3265 supponit
790 3190 1050 3249 iudicium
1079 3191 1147 3249 de
1177 3192 1394 3258 malitia,
1420 3209 1474 3247 v.
1500 3208 1557 3265 g.
1590 3193 1879 3263 mendacii,

290 3289 352 3341 et
381 3283 606 3354 similia3
638 3288 815 3339 tamen
845 3284 973 3354 quia
1000 3298 1069 3339 ex
1096 3283 1145 3337 vi
1183 3281 1351 3339 solius
1378 3281 1563 3339 iudicii
1589 3300 1695 3340 non
1726 3284 1882 3342 indu-

290 3374 441 3429 citur
460 3372 675 3445 propria
701 3370 1013 3444 prohibitio,
1039 3371 1122 3427 vel
1154 3371 1403 3446 obligatio
1427 3375 1726 3445 praecepti,
1758 3376 1886 3447 quia

295 3464 404 3520 hoc
446 3464 559 3519 sine
600 3462 877 3519 voluntate
904 3461 1124 3536 intelligi
1154 3478 1259 3517 non
1292 3469 1509 3534 potest,
1543 3462 1663 3519 ideo
1694 3462 1884 3519 adiun-

290 3556 447 3629 gitur
469 3553 725 3633 voluntas
748 3550 1064 3623 prohibendi
1086 3550 1242 3623 innui,
1265 3554 1392 3625 quia
1418 3552 1618 3609 malum
1642 3558 1725 3609 est
1779 3554 1891 3611 Un-

294 3646 365 3701 de
395 3643 611 3701 tandem
639 3642 714 3712 tit,
747 3642 921 3715 legem
947 3642 1281 3711 naturalem,
1317 3648 1483 3713 prout
1513 3642 1562 3697 in
1580 3642 1747 3698 uobis
1774 3649 1879 3711 est,

294 3751 404 3791 non
434 3741 647 3792 tantum
674 3748 797 3789 esse
828 3731 1153 3789 indicantem
1184 3732 1409 3803 malum,
1434 3731 1528 3789 sed
1556 3735 1720 3789 etiam
1750 3732 1887 3789 obli-

294 3832 517 3900 gantcm
538 3823 605 3881 ad
628 3822 937 3891 cavendum
954 3820 1108 3893 illud,
1124 3838 1187 3879 ac
1213 3821 1445 3879 subinde
1468 3838 1571 3878 non
1597 3822 1777 3879 solum
1802 3837 1883 3879 re-

298 3920 645 3986 praesentare
674 3911 983 3969 naturalem
1010 3911 1530 3969 disconvenientiam
1555 3912 1673 3968 talis
1697 3920 1881 3983 actus,

296 4003 381 4061 vel
410 4004 607 4061 obiecti
636 4019 767 4060 cum
799 4000 1044 4058 rationali
1074 4008 1305 4071 natura,
1337 4000 1433 4057 sed
1460 4003 1624 4059 etiam
1661 4018 1786 4059 esse
1812 4004 1884 4059 si-

294 4110 463 4167 gnum
495 4094 706 4150 divinae
733 4091 1030 4149 voluntatis
1061 4094 1291 4147 vetantis
1318 4090 1471 4147 illud.

371 4188 429 4241 9.
461 4184 728 4253 Superest
753 4223 769 4253 ,
807 4187 872 4238 ut
897 4180 966 4237 ad
995 4178 1403 4237 nmdamentum
1436 4180 1723 4253 utriusque
1754 4196 1877 4237 sen-

296 4260 497 4332 tentiae
540 4271 999 4344 respondeamus,
1048 4276 1223 4327 totum
1264 4270 1405 4326 enim
1450 4278 1702 4327 versatur
1734 4271 1882 4328 circa

294 4364 439 4420 hanc
456 4360 818 4438 hypothesim:
837 4362 969 4417 Etsi
982 4362 1139 4415 Deus
1152 4374 1265 4414 non
1280 4357 1602 4432 prohibeat,
1622 4358 1714 4415 vel
1717 4375 1893 4433 prae-

296 4455 491 4525 cipiat
515 4466 609 4512 ca,
634 4464 789 4524 quae
808 4453 945 4505 sunt
964 4446 1035 4504 de
1056 4447 1178 4520 leqe
1206 4452 1485 4509 natura&
1508 4448 1889 4506 nihilominus

294 4542 537 4597 nwntiri
564 4543 649 4595 est
687 4536 921 4595 malum
938 4580 952 4603 ,
986 4543 1043 4594 et
1078 4535 1264 4593 colere
1286 4542 1567 4610 parentes
1594 4537 1809 4595 bonum
1836 4542 1893 4594 et

297 4628 581 4686 debitum.
598 4628 759 4687 Circa
780 4642 945 4700 quam
967 4626 1335 4685 conditionem
1357 4627 1469 4683 duo
1489 4626 1713 4684 videnda
1736 4633 1885 4699 sunt,

298 4736 477 4777 unum
498 4726 610 4789 est,
633 4717 767 4792 quid
790 4723 1077 4790 sequatur,
1101 4718 1278 4789 posita
1298 4717 1386 4773 illa
1406 4716 1715 4793 hypothesi,
1744 4718 1889 4775 aliud

294 4818 408 4880 est,
439 4825 507 4866 an
538 4807 858 4884 hypothesis
886 4808 1001 4879 ipsa
1032 4806 1299 4878 possibilis
1330 4808 1422 4863 sit.
1456 4808 1513 4863 ln
1542 4824 1655 4880 quo
1682 4808 1887 4866 Medina

312 4906 357 4957 1.
402 4905 471 4971 2,
515 4914 571 4971 q.
624 4904 717 4965 18,
760 4904 867 4953 art.
910 4900 957 4953 t.
988 4897 1056 4953 ad
1089 4896 1340 4953 ultimum
1371 4896 1685 4968 respondet,
1719 4897 1894 4973 hypo·

300 4988 497 5045 thesim
524 5003 647 5044 esse
675 4984 1065 5058 impossibilem
1085 5025 1100 5056 ,
1135 4985 1261 5058 quia
1288 4984 1377 5041 illa
1404 4986 1575 5057 posita
1594 5026 1609 5057 ,
1642 4990 1893 5059 sequitur

300 5078 691 5144 contradictio,
722 5075 935 5132 scilicet
959 5074 1105 5147 quod
1136 5073 1483 5131 mendacium
1512 5091 1561 5130 v.
1596 5090 1650 5149 g.
1688 5093 1795 5133 non
1824 5078 1893 5133 sit

300 5173 624 5239 peccatum,
667 5166 797 5238 quia
838 5180 946 5220 non
988 5152 1089 5220 est‘
1114 5163 1447 5235 prohibitum
1493 5180 1588 5235 per
1619 5165 1781 5222 ullam
1817 5166 1895 5221 le-

299 5272 461 5330 gem,
491 5262 547 5313 et
588 5254 737 5333 qupd
778 5254 847 5311 sit
876 5260 1199 5327 peccatum,
1232 5254 1363 5327 quia
1390 5262 1473 5311 est
1500 5260 1694 5313 contra
1724 5255 1888 5313 ratio-

3334 358 3451 425 101

1954 521 2107 575 nem,
2137 510 2195 563 et
2224 522 2321 578 per
2349 523 2408 563 se
2433 505 2854 563 disconveniens
2881 509 3109 561 naturae
3135 498 3402 558 rationali.
3435 498 3542 559 Sed

1953 602 2148 651 contra
2173 594 2276 651 hoc
2301 602 2408 663 est,
2427 596 2554 668 quia
2569 593 2875 652 secundum
2892 593 3134 651 ordinem
3150 590 3368 648 rationis
3388 591 3543 663 prius

1950 690 2037 740 est
2063 684 2183 740 talis
2212 691 2371 741 actus
2397 686 2596 755 malus,
2621 700 2786 757 quam
2817 674 3122 755 prohibitus
3145 696 3242 754 per
3263 682 3542 753 propriam

1952 773 2125 845 legem
2145 792 2160 845 3
2189 789 2320 847 ergo
2344 774 2470 831 licet
2491 774 2811 851 hypothesis
2833 773 2924 829 illa
2945 776 3314 844 supponatur,
3340 786 3534 843 nempe

1952 879 2091 935 opus
2120 879 2226 919 non
2259 863 2528 935 prohiberi
2556 880 2585 920 a
2612 866 2722 919 Deo
2744 905 2758 933 ‚
2785 880 2890 919 non
2919 868 3244 935 sequeretur
3266 860 3396 917 illud
3429 876 3536 917 non

1950 968 2069 1011 esse
2114 952 2318 1010 malurn
2340 995 2356 1025 ,
2385 956 2515 1025 quia
2555 970 2618 1009 ex
2659 970 2716 1009 se
2745 952 2796 1009 id
2827 953 2989 1009 babet
3017 953 3130 1007 sine
3156 950 3536 1024 prohibitione3

1951 1058 2087 1115 ergo
2118 1060 2224 1099 non
2257 1044 2508 1117 sequitur
2537 1042 2919 1100 contradictio.
3443 1051 3449 1063 ·

2036 1140 2121 1193 10.
2167 1134 2499 1205 Responderi
2541 1139 2752 1205 potest,
2797 1131 2946 1205 quod
2988 1130 3117 1187 licet
3159 1129 3250 1187 illa
3287 1132 3540 1203 negativa

1954 1226 2252 1296 propositio
2283 1240 2389 1280 non
2420 1229 2686 1296 sequatur
2715 1238 2810 1295 per
2838 1222 3020 1279 locum
3050 1221 3410 1277 intrinsecum
3443 1219 3534 1294 (ut

1953 1314 2129 1385 aiunt)
2173 1330 2272 1370 seu
2312 1330 2341 1370 a
2387 1313 2585 1385 priori,
2629 1313 2879 1387 sequitur
2919 1327 2948 1367 a
2991 1310 3312 1384 posteriori,
3353 1316 3412 1365 et
3439 1324 3538 1380 per

1954 1402 2220 1475 principia
2253 1406 2586 1473 extrinseca.
2616 1403 2746 1470 Quia
2781 1401 2825 1457 si
2851 1417 2992 1472 opus
3022 1415 3130 1456 non
3160 1398 3544 1470 prohiberetur

1954 1507 1982 1547 a
2007 1494 2114 1548 Deo
2132 1532 2147 1563 ,
2173 1509 2280 1549 non
2305 1492 2618 1563 displiceret
2641 1491 2715 1547 illi
2733 1499 2820 1564 ,et
2840 1495 3247 1563 consequenter
3268 1504 3374 1545 non
3396 1495 3544 1544 esset

1952 1581 2190 1652 malum,
2235 1588 2289 1637 et
2330 1588 2509 1638 tamen
2554 1581 2684 1638 alias
2713 1580 3042 1652 supponitur
3069 1594 3191 1636 esse
3219 1577 3454 1645 malum,
3488 1583 3544 1635 et

1952 1671 2024 1728 ita
2048 1674 2298 1743 sequitur
2320 1670 2709 1727 contradictio.
2735 1670 3058 1727 Declaratur
3077 1684 3110 1725 a
3133 1667 3310 1723 simili:
3328 1668 3372 1722 si
3396 1669 3541 1723 Deus

1951 1758 2140 1831 vellet,
2169 1776 2250 1815 nie
2283 1759 2436 1817 illum
2465 1760 2588 1816 odio
2617 1760 2816 1815 habere
2837 1800 2852 1827 ,
2887 1766 3019 1815 tunc
3049 1764 3201 1814 certe
3233 1755 3418 1813 odium
3449 1758 3540 1813 Dei

1953 1865 2061 1906 non
2089 1856 2239 1905 esset
2266 1849 2489 1918 malum,
2516 1856 2572 1905 et
2601 1856 2778 1905 tamen
2809 1850 2854 1904 si
2875 1854 2959 1905 est
2980 1845 3536 1916 odium,‚necessario

1952 1944 2038 1995 est
2065 1939 2300 2009 ma3um3
2328 1944 2384 1995 et
2411 1940 2484 1995 ita
2515 1940 2768 2011 sequitur
2796 1936 3180 1994 contradictio.
3206 1934 3301 1992 Vel
3328 1935 3372 1991 si
3395 1938 3542 1992 Deus

1954 2027 2145 2098 vellet,
2173 2030 2355 2101 ignem
2387 2035 2580 2085 natura
2607 2044 2706 2083 sua
2733 2044 2854 2084 esse
2882 2025 3158 2099 trigidum,
3185 2024 3235 2081 id
3263 2025 3437 2096 lieret3
3461 2030 3543 2081 ta-

1953 2135 2074 2177 men
2104 2122 2230 2193 quia
2261 2124 2586 2191 sequeretur
2614 2116 3006 2184 contradictio,
3039 2132 3147 2172 non
3187 2121 3368 2187 potest
3397 2118 3541 2171 Deus

1954 2210 2006 2268 id
2034 2211 2189 2266 velle.
2223 2210 2380 2265 quta
2409 2208 2550 2264 hanc
2577 2223 2710 2279 ergo
2746 2208 3156 2277 responsionem
3185 2204 3538 2277 supponitur,

1955 2300 2369 2373 repugnantiam
2393 2296 2687 2368 involvere,
2713 2296 2862 2369 quod
2887 2302 3048 2352 actus
3071 2296 3142 2351 sit
3161 2293 3225 2350 de
3253 2310 3313 2350 se
3339 2293 3540 2366 malus,

1956 2396 2010 2446 et
2054 2379 2159 2444 non
2204 2386 2558 2460 prohibeatur
2596 2402 2629 2443 a
2656 2389 2784 2443 Deo.
2815 2387 2932 2442 Non
2960 2384 3114 2441 video
3144 2392 3328 2441 autem
3351 2424 3366 2455 ,
3399 2398 3540 2457 quo·

1956 2477 2117 2535 modo
2158 2478 2264 2534 hoc
2308 2484 2459 2535 recte
2499 2476 2797 2549 probetur,
2828 2474 3104 2533 inserendo
3144 2472 3288 2531 illam
3320 2479 3544 2529 contra·

1954 2568 2282 2639 dictionem,
2325 2566 2478 2641 quod
2515 2582 2657 2639 opus
2698 2572 2844 2623 esset
2884 2564 3042 2622 simul
3085 2563 3292 2638 malum
3338 2568 3395 2618 et
3433 2576 3538 2617 non

1957 2660 2186 2731 malum,
2219 2659 2349 2733 quia
2377 2658 2470 2721 sic.
2487 2658 2687 2729 petitur
2725 2656 3073 2729 principium,
3102 2660 3160 2711 et
3187 2652 3544 2711 committitur

1954 2750 2204 2807 circulus
2245 2750 2296 2805 in
2337 2748 2680 2819 probatione,
2725 2747 2893 2819 igitur
2939 2744 3157 2802 aliunde
3201 2741 3542 2815 probandum

1954 2847 2061 2897 est.
2092 2840 2439 2912 Quapropter
2477 2855 2543 2894 ex
2585 2840 2634 2893 vi
2663 2836 2806 2894 illius
2837 2835 3152 2914 hypothesis
3171 2876 3186 2907 ,
3217 2836 3331 2892 sive
3361 2834 3540 2906 possi-
3651 2875 3666 2887 ,

1958 2929 2101 3000 bilis,
2128 2932 2238 2986 sive
2269 2928 2617 3001 impossibilis
2641 2928 2731 2997 sit,
2757 2926 2937 2983 solnm
2960 2926 3257 2999 colligitur,
3284 2924 3539 2981 malitiam

1957 3020 2191 3092 aliquam
2222 3025 2380 3075 actus
2410 3019 2652 3083 humani,
2680 3015 2760 3073 vel
2790 3016 3094 3073 omissionis
3121 3018 3273 3078 eius,
3303 3015 3546 3073 formali-

1957 3116 2042 3166 ter
2074 3125 2180 3164 non
2211 3108 2512 3164 consistere
2541 3108 2592 3163 iu
2622 3105 2894 3163 discordia
2923 3122 2954 3161 a
2984 3112 3276 3178 praecepto
3297 3104 3539 3177 proprio,

1958 3214 2053 3254 seu
2099 3199 2215 3270 lege
2257 3204 2468 3253 vetante
2496 3203 2595 3254 aut
2625 3196 3003 3268 praecipiente.
3035 3194 3218 3267 Unde,
3249 3196 3425 3267 posita
3453 3194 3543 3250 illa

1960 3287 2279 3364 hypothesi,
2324 3293 2472 3343 recte
2515 3287 2798 3358 sequitur,
2844 3291 3029 3341 actum
3068 3299 3191 3341 esse
3221 3283 3422 3340 malum
3446 3324 3462 3355 ,
3491 3288 3546 3339 et

1958 3393 2065 3434 non
2107 3375 2473 3449 prohibitum,
2505 3391 2610 3431 non
2643 3382 2820 3431 tamen
2851 3372 2972 3430 inde
3003 3372 3181 3429 inferri
3206 3379 3421 3444 potest,
3453 3370 3546 3427 illa

1958 3466 2072 3523 duo
2101 3481 2222 3522 esse
2252 3465 2301 3521 in
2332 3480 2390 3521 re
2418 3464 2734 3535 separabilia
2755 3505 2770 3535 ,
2803 3463 2952 3538 quod
2982 3462 3162 3519 solum
3192 3462 3260 3519 ad
3288 3477 3546 3535 praesen·

1961 3563 2071 3613 tem
2100 3570 2328 3613 causam
2357 3554 2509 3610 iacit.

2040 3646 2141 3701 Sed
2187 3645 2441 3701 instabis:
2489 3661 2610 3701 nam
2639 3643 2762 3701 inde
2789 3646 3070 3717 sequitur,
3098 3643 3227 3700 data
3253 3642 3343 3699 illa
3374 3641 3551 3718 hypo·

1962 3734 2129 3805 thesi,
2162 3741 2352 3791 actum
2389 3749 2509 3790 esse
2541 3733 2744 3790 malum
2776 3737 2890 3790 sine
2922 3734 3039 3806 lege
3065 3733 3414 3805 prohibente,
3446 3748 3547 3789 seu

1960 3825 2045 3882 illa
2076 3824 2318 3895 praecisa
2346 3830 2403 3880 et
2429 3824 2741 3898 abstracta,
2773 3840 2905 3897 ergo
2935 3825 3187 3897 sequitur
3217 3824 3400 3895 etiam,
3433 3838 3552 3879 mo-

1962 3912 2147 3969 raliter
2187 3930 2308 3969 esse
2353 3914 2556 3969 malum
2583 3954 2597 3983 ,
2639 3914 2766 3985 quia
2796 3913 3122 3985 supponitur
3148 3928 3270 3969 esse
3298 3918 3460 3969 actus
3489 3912 3552 3967 li-

1959 4002 2079 4073 ber3
2106 4004 2304 4059 malitia
2333 4010 2514 4059 autem
2541 4010 2700 4059 actus
2725 4001 2880 4059 liberi
2906 4018 3003 4075 per
3024 4003 3548 4060 disconvenientiam

1961 4091 2027 4149 ad
2058 4100 2309 4149 naturam
2350 4091 2688 4164 rationalem,
2721 4098 2783 4148 ut
2812 4094 2925 4164 sic,
2959 4092 3158 4150 malitia
3186 4090 3409 4149 moralis
3440 4098 3544 4163 est3

1962 4198 2095 4253 ergo
2139 4189 2302 4238 actus
2345 4181 2432 4237 ille
2459 4189 2546 4237 est
2577 4182 2850 4238 moraliter
2879 4182 3088 4252 malus,
3119 4189 3173 4239 et
3201 4198 3306 4237 non
3337 4196 3401 4238 ex
3432 4181 3549 4253 lege

1964 4270 2317 4342 prohibente,
2349 4285 2482 4342 ergo
2523 4272 2682 4326 etiam
2723 4278 2809 4327 est
2837 4277 3159 4344 peccatum,
3191 4272 3435 4343 praecisa
3465 4284 3550 4326 re-

1966 4360 2258 4432 pugnantia
2285 4357 2351 4414 ad
2383 4358 2556 4430 legem
2581 4358 2976 4431 prohibentem,
3001 4370 3056 4416 et
3077 4360 3150 4416 ita
3175 4368 3344 4416 ruunt
3365 4360 3549 4415 omnia

1966 4448 2316 4506 fundamenta
2347 4456 2564 4505 nostrae
2587 4451 2906 4507 sententiae.
2937 4449 3016 4506 Ad
3039 4447 3143 4505 hoc
3168 4464 3296 4505 vero
3320 4464 3546 4519 respon·

1968 4539 2097 4596 den-t
2126 4539 2314 4611 aliqui,
2344 4544 2402 4596 ut
2428 4554 2596 4610 supra
2615 4536 2809 4596 Medin.
2835 4539 3019 4609 refert,
3042 4538 3437 4612 distinguentes
3467 4538 3548 4593 in-

1965 4635 2046 4685 ter
2079 4636 2268 4686 actum
2294 4628 2494 4684 malum
2517 4633 2573 4684 et
2594 4634 2905 4700 peccatum,
2930 4629 3057 4701 quia
3082 4634 3242 4685 actus
3267 4628 3442 4685 malus
3474 4628 3551 4683 la-

1967 4723 2073 4785 tius
2103 4726 2275 4792 patet,
2299 4726 2354 4775 et
2381 4719 2614 4775 inveniri
2640 4723 2819 4790 potest
2845 4720 2958 4773 sine
2980 4720 3364 4775 contrarietate
3385 4717 3450 4775 ad
3476 4716 3550 4774 le-

1962 4826 2106 4883 gem,
2122 4827 2230 4867 non
2255 4824 2380 4866 vero
2397 4814 2709 4881 peccatum:
2725 4807 2868 4865 unde
2891 4808 2942 4864 in
2963 4824 3028 4864 eo
3052 4824 3188 4864 casu
3210 4806 3545 4879 concedunt,

1964 4908 2150 4957 actum
2192 4900 2306 4957 sore
2347 4898 2585 4968 malum,
2631 4904 2834 4971 negant
2872 4904 3050 4954 tamen
3089 4897 3204 4954 sore
3231 4904 3544 4969 peccatum.

1964 4990 2067 5048 Sed
2097 4990 2328 5046 difficilis
2348 4996 2434 5046 est
2456 4988 2729 5045 distinctio
2748 5030 2763 5055 ,
2785 4995 2844 5045 et
2867 4986 3079 5045 videtur
3101 5004 3292 5059 parum
3313 5003 3544 5045 consen-

1962 5088 2115 5137 tanea
2156 5077 2436 5136 doctrinae
2480 5078 2586 5135 divi
2626 5078 2896 5152 Thomas,
2929 5094 3051 5134 nam
3083 5084 3378 5150 peccatum
3419 5076 3546 5134 nihil

1962 5167 2109 5226 aliud
2138 5174 2255 5239 est,
2285 5182 2449 5241 quam
2482 5174 2640 5224 actus
2669 5167 2846 5223 malus
2873 5183 2936 5225 ex
2961 5161 3279 5239 obliquitate
3307 5184 3336 5223 a
3367 5165 3548 5222 debito

1968 5260 2094 5331 tine,
2126 5258 2410 5331 nimirum,
2433 5260 2560 5331 qnia
2581 5274 2712 5315 cum
2737 5259 2845 5331 liat,
2873 5256 2954 5314 vel
2977 5257 3089 5315 lieri
3109 5256 3303 5315 debeat
3328 5263 3549 5331 propter
