4325 6267
850 399 976 463 336

768 544 850 599 sia
875 541 1071 599 Christi
1100 540 1213 597 sine
1241 539 1356 598 ulla
1384 536 1669 612 temporali
1696 541 1969 610 potestate
1998 530 2179 608 quoad
2207 530 2362 589 civile

766 632 1003 705 regimen
1030 629 1359 703 reipublicae
1380 673 1394 700 ,
1426 638 1481 686 et
1510 629 1664 702 prius
1683 670 1697 699 ,
1728 625 1976 692 seilicet,
2007 639 2178 699 quam
2203 638 2362 696 reges

766 721 1076 794 coepissent
1104 718 1172 777 ad
1210 718 1369 777 fidem
1405 717 1688 791 converti3
1720 723 1775 774 et
1810 722 1992 773 tamen
2032 718 2364 787 potestatem

767 809 1103 884 spiritualem
1142 824 1356 882 semper
1391 808 1613 879 habuit,
1653 823 1721 866 ex
1758 822 1869 880 quo
1908 804 2157 863 Christus
2199 801 2356 860 dixit:

766 904 957 960 Pasce
995 915 1125 957 oves
1163 915 1351 975 meas.
1375 899 1531 957 Nunc
1569 898 1732 955 etiam
1758 894 1915 955 multi
1942 901 2073 953 sunt
2096 892 2361 967 episcopi,

764 992 859 1066 qui
885 990 1091 1049 nullam
1112 988 1315 1047 habeut
1332 994 1660 1062 potestatem
1682 987 1901 1045 civilem
1916 984 1985 1043 ad
2008 984 2261 1043 serendas
2285 983 2366 1041 le-

764 1098 891 1157 ges,
925 1097 1056 1140 cum
1096 1088 1276 1139 tamen
1312 1079 1648 1155 spiritualem
1690 1076 1953 1149 habeant,
1982 1080 2115 1150 erg'o
2150 1091 2220 1133 ex
2259 1073 2362 1133 bac

766 1181 917 1247 parte
946 1169 1274 1245 separabiles
1308 1176 1458 1227 sunt.
1484 1167 1684 1227 Deinde
1718 1166 1869 1242 quod
1904 1173 2146 1239 potestas
2188 1165 2363 1222 civilis

763 1268 929 1323 etiam
965 1278 1225 1336 suprema
1252 1262 1371 1318 sine
1406 1258 1777 1317 ecclesiastica
1802 1258 2142 1329 inveniatur,
2174 1254 2363 1313 eadem

764 1354 979 1414 traditio
999 1351 1254 1411 ostendit.
1276 1353 1410 1409 Nam
1427 1351 1813 1408 Constantinus
1836 1345 2204 1420 imperatorin
2225 1362 2363 1402 con·

764 1446 889 1505 cilio
917 1447 1145 1503 nicaeno
1172 1442 1457 1516 professus
1486 1446 1592 1513 est,
1617 1454 1675 1496 se
1704 1454 1811 1497 non
1841 1439 2095 1496 babuisse
2124 1443 2364 1510 potesta-

762 1542 874 1595 tem
907 1534 977 1593 ad
1004 1530 1353 1592 iudicandum
1374 1533 1518 1589 inter
1546 1528 1887 1587 sacerdotes.
1909 1527 2055 1585 Idem
2080 1527 2149 1584 de
2168 1526 2365 1584 Valen-

763 1626 963 1684 tiniano
1002 1624 1210 1681 seniore
1246 1621 1415 1680 rel'ert
1454 1618 1752 1679 Ambr.lib.
1772 1623 1829 1688 2,
1852 1619 2012 1691 epist.
2046 1622 2136 1676 13.
2162 1618 2232 1675 ad
2258 1616 2363 1674 Va-

763 1715 951 1773 lentia.
979 1716 1270 1785 iuniorem,
1296 1714 1349 1769 in
1378 1727 1490 1786 qua
1516 1709 1733 1783 dignam
1760 1708 1927 1767 refert
1954 1707 2230 1765 catholico
2261 1708 2363 1765 im-

762 1812 1015 1881 peratore
1052 1804 1375 1862 sententiam
1393 1843 1410 1872 ,
1438 1804 1507 1859 in
1543 1816 1738 1859 causa
1758 1797 1935 1869 fidei.
1965 1797 2060 1855 vel
2095 1796 2358 1856 alienatus

762 1896 1146 1955 ecclesiastici
1183 1891 1411 1951 ordinis
1427 1936 1443 1959 ,
1486 1906 1624 1948 eum
1661 1887 1935 1946 iudicare
1976 1886 2182 1946 debere
2202 1932 2216 1954 ‚
2259 1890 2364 1962 qui

762 2004 869 2049 nec
894 2000 1139 2045 munere
1162 1987 1365 2057 impar
1392 1986 1497 2043 sit.
1529 1994 1636 2039 nec
1661 1982 1793 2036 iure
1819 1976 2148 2037 dissimilis.
2181 1979 2252 2036 Et
2277 1980 2352 2037 ita

762 2078 926 2136 etiam
947 2077 1103 2135 sactis
1123 2072 1442 2132 observasse
1470 2069 1637 2128 refert
1658 2068 2001 2141 Nicephorus
2021 2068 2113 2127 lib.
2127 2073 2150 2127 1
2166 2074 2189 2128 1
2203 2067 2354 2127 ‚bist.

760 2184 887 2242 cap.
907 2173 962 2241 3,
988 2173 1044 2225 et
1072 2171 1165 2238 30,
1188 2174 1245 2223 et
1270 2163 1463 2223 similia
1480 2160 1644 2219 habet
1668 2158 1873 2218 Theod.
1890 2158 1982 2217 lib.
2001 2162 2056 2219 4.
2072 2160 2210 2217 hist.
2228 2174 2282 2217 c.
2301 2164 2354 2220 6.

760 2267 819 2318 et
846 2263 900 2320 7.
926 2260 1026 2329 Qui
1059 2258 1219 2316 etiam
1248 2270 1371 2327 cap.
1395 2256 1483 2312 ts.
1508 2266 1640 2309 cum
1665 2249 1892 2324 Nicepb.
1912 2266 2081 2323 supra
2117 2265 2241 2322 cap.
2268 2254 2352 2309 13.

760 2351 931 2409 refert
968 2348 1183 2423 indigne
1222 2345 1433 2404 dictum
1472 2341 1683 2417 Eulogii
1724 2340 2058 2413 sacerdotis,
2089 2341 2185 2415 qui
2226 2356 2358 2397 cum

761 2458 795 2499 a
826 2440 1103 2516 praesecto
1144 2437 1500 2495 induceretur
1541 2432 1609 2490 ad
1649 2429 2104 2490 consentiendum
2144 2429 2355 2487 Valenti

761 2533 947 2589 ariano
986 2528 1323 2603 imperatori,
1352 2540 1450 2599 per
1486 2524 1715 2581 ironiam
1738 2523 2127 2595 interrogavit:
2163 2524 2356 2579 Num-

758 2619 901 2698 quid
926 2636 1063 2677 cum
1087 2618 1334 2693 imperio
1358 2630 1419 2672 es
1449 2616 1633 2671 etiam
1657 2608 1979 2671 sacerdotis
2006 2608 2360 2685 diqnitatem

760 2708 1152 2769 consecutus?
1176 2707 1419 2780 Denique
1444 2704 1513 2761 ab
1546 2702 1799 2761 omnibus
1828 2701 2112 2759 catholicis
2139 2702 2358 2777 regibus

761 2802 836 2860 ita
863 2816 1039 2876 usque
1058 2799 1126 2857 ad
1147 2805 1332 2855 nostra
1350 2804 1601 2867 tempora.
1618 2798 1899 2850 servatum
1918 2799 2023 2850 est.
2043 2794 2202 2850 Ratio
2223 2808 2355 2852 vero

762 2890 913 2950 clara
932 2897 1019 2950 est
1042 2906 1111 2949 ex
1136 2890 1319 2960 dictis,
1342 2882 1675 2943 destruendo
1702 2881 2116 2941 fundamentum
2136 2891 2357 2941 contra-

762 2984 828 3040 rii
869 2981 1103 3054 erroris,
1133 2980 1337 3036 namin
1370 2965 1489 3049 lege
1515 2989 1657 3033 nova
1692 2980 1939 3046 potestas
1974 2973 2356 3032 ecclesiastica

762 3088 871 3132 non
898 3078 983 3130 est
1007 3067 1292 3139 naturalis,
1308 3067 1403 3125 sed
1430 3064 1881 3140 supernaturalis,
1906 3071 1963 3121 et
1988 3064 2302 3141 specialiter
2321 3080 2354 3121 a

760 3164 979 3224 Christo
1001 3160 1436 3233 data,nunquam
1455 3172 1585 3213 vero
1605 3153 1733 3212 data
1752 3161 1837 3211 est
1854 3154 2085 3213 terrenis
2107 3155 2349 3229 regibus,

2241 404 2442 453 Lmssu
2469 406 2563 453 lv.

2433 537 2613 603 potest
2641 533 2962 594 utilitatibus
2991 535 3106 593 aliis
3135 538 3505 613 compensari,
3535 545 3655 597 tum
3681 538 3817 613 quia
3849 538 4046 597 verisi-

2431 622 2556 680 mile
2584 633 2705 699 est,
2737 626 2998 686 iustitiam
3023 630 3232 686 rectius
3261 644 3382 687 esse
3419 628 3916 687 administrandam
3945 645 4042 702 per

2435 712 2744 773 huiusmodi
2769 716 3066 791 principes3
3091 724 3210 778 tum
3237 721 3400 777 etiam
3419 720 3550 795 quia
3575 720 3906 778 coniunctio
3929 718 4044 777 illa·

2435 820 2563 861 rum
2591 810 2932 878 potestatum
2951 810 3006 865 in
3030 809 3222 867 eadem
3239 826 3475 883 persona
3497 810 3737 869 multum
3759 810 4056 868 deservire·

2433 900 2617 966 potest
2643 896 2712 953 ad
2739 897 2996 956 maiorem
3025 914 3220 972 pacem
3245 906 3304 958 et
3329 902 3584 959 unionem
3602 944 3616 971 ,
3647 907 3705 958 et
3731 907 3804 958 ut
3829 908 4046 972 tempo·

2434 984 2546 1042 rale
2586 986 2828 1059 regimen
2869 986 2940 1047 ad
2988 989 3269 1062 spirituale
3309 991 3506 1048 melius
3551 988 3834 1049 reseratur
3861 1010 3878 1061 3
3923 998 4042 1047 tum

2429 1076 2594 1131 etiam
2631 1077 2759 1149 quia
2793 1076 2898 1136 hoc
2934 1078 3188 1137 conciliat
3215 1082 3475 1138 maiorem
3511 1081 3876 1139 reverentiam
3915 1096 4047 1153 erga

2429 1164 2870 1226 ecclesiasticum
2900 1170 3200 1243 principem
3219 1215 3232 1241 ,
3263 1172 3392 1245 quia
3416 1172 3577 1229 etiam
3603 1170 3804 1229 melius
3831 1171 4042 1243 poterit

2429 1256 2684 1314 resistere
2713 1257 2962 1317 hostibus
2991 1259 3110 1317 fidei
3130 1302 3145 1333 ,
3177 1261 3223 1317 si
3263 1267 3588 1334 potestatem
3616 1260 3786 1319 habet
3823 1269 4038 1333 tempo·

2431 1343 2624 1421 ralem,
2648 1353 2712 1404 ut
2736 1351 3068 1422 experientia
3087 1350 3506 1424 comprobatum
3525 1358 3630 1410 est.
3656 1354 3842 1425 Atque
3862 1354 3945 1408 ita
3973 1355 4042 1407 si-

2433 1435 2547 1494 mul
2567 1438 2792 1521 probata
2813 1446 2899 1497 est
2920 1441 3078 1497 tertia
3099 1457 3228 1514 pars
3250 1442 3640 1501 antecedentis.
3655 1430 3924 1501 Secunda
3944 1459 4040 1501 au·

2435 1535 2542 1584 tem
2573 1528 3006 1604 probatur-,quia
3030 1530 3181 1587 nulla
3206 1540 3293 1590 est
3321 1532 3444 1590 talis
3474 1533 3558 1590 lex
3585 1532 3791 1607 divina,
3817 1534 3912 1591 vel
3939 1533 4036 1590 hu-

2431 1634 2613 1691 mana,
2637 1618 2783 1692 quod
2805 1621 3013 1693 patebit
3031 1622 3406 1695 respondendo
3429 1621 3494 1680 ad
3515 1622 3879 1682 fundamenta
3903 1640 4034 1681 con-

2431 1711 2586 1766 trarii
2613 1711 2842 1767 erroris.

2508 1804 2561 1857 5.
2595 1800 2678 1858 Ex
2703 1800 2882 1859 verbis
2910 1817 3040 1875 ergo
3068 1802 3266 1861 Christi
3292 1804 3525 1876 Domini,
3555 1807 3739 1879 ches
3765 1808 4032 1879 gentium

2429 1887 2818 1949 dominantior
2840 1908 3073 1961 eorum,
3109 1900 3220 1952 etc.
3253 1893 3374 1951 talis
3411 1893 3700 1966 prohibitio
3725 1909 3840 1951 non
3881 1894 4036 1951 colli-

2431 1980 2614 2053 gitur3
2654 1996 2778 2039 nam
2807 1996 2938 2039 cum
2978 1982 3190 2041 subdit:
3227 1986 3343 2041 Vos
3378 1988 3578 2042 atatem
3617 2000 3738 2042 nois
3773 1988 3893 2051 sic,
3929 2001 4035 2043 non

2425 2078 2516 2128 est
2540 2086 2768 2144 sensus,
2798 2087 2898 2131 vos
2933 2088 3040 2130 non
3067 2072 3335 2132 habebitis
3364 2072 3671 2133 dominium
3699 2074 4030 2148 temporale,

2427 2162 2528 2220 sed
2555 2178 2750 2220 sensus
2780 2171 2885 2235 est,
2909 2180 3018 2221 non
3044 2162 3449 2223 dominabimini
3469 2166 3618 2222 siout
3641 2164 3717 2222 illi
3745 2165 4034 2223 dominan-

2429 2259 2545 2325 tur,
2569 2253 2621 2310 id
2648 2260 2734 2311 est
2751 2252 2823 2310 ad
2851 2260 3097 2311 vestrum
3120 2253 3497 2327 commodum,
3523 2252 3841 2327 utilitatem,
3863 2262 3924 2311 et
3943 2255 4035 2311 bo-

2428 2359 2649 2417 norem3
2679 2343 2774 2401 ubi
2802 2360 2910 2401 non
2939 2344 3188 2419 loquitur
3215 2342 3282 2401 de
3319 2345 3581 2418 regimine
3607 2344 3902 2418 temporali
3927 2345 4032 2403 Ec-

2427 2433 2647 2507 clesiae,
2681 2434 2776 2491 sed
2805 2433 2872 2491 de
2901 2433 3189 2508 spirituali,
3212 2440 3272 2492 et
3299 2434 3528 2494 sormam
3556 2450 3623 2492 ac
3651 2434 3886 2492 modum
3915 2436 4030 2491 eius

2426 2524 2748 2596 praescribit
2778 2540 2876 2597 per
2915 2527 3379 2598 comparationem
3407 2523 3474 2583 ad
3513 2525 3852 2598 temporale,
3883 2525 4028 2599 quod

2425 2616 2478 2672 in
2499 2615 2876 2689 superioribus
2900 2616 3064 2674 etiam
3091 2622 3304 2673 tactum
3334 2621 3439 2673 est.
3464 2616 3535 2673 Et
3557 2616 3614 2672 in
3641 2614 3844 2674 codem
3863 2632 4028 2673 sensu

2423 2704 2670 2779 loquitur
2697 2706 3033 2775 Bernardus,
3060 2712 3122 2763 ut
3144 2721 3215 2763 ex
3240 2710 3504 2763 contextu
3529 2711 3618 2763 est
3646 2706 4018 2764 manifestum.

2421 2795 2596 2871 Addo,
2619 2795 2769 2871 quod
2795 2797 2929 2855 licet
2955 2795 3236 2867 daremus,
3259 2794 3534 2854 Christum
3555 2796 3628 2853 ibi
3659 2796 3815 2871 loqui
3833 2796 3908 2854 de
3935 2797 4030 2856 do·

2423 2889 2590 2947 minio
2619 2885 2926 2960 temporali,
2953 2886 3044 2945 illa
3075 2886 3245 2943 verba
3271 2903 3378 2944 non
3407 2886 3762 2945 continerent
3785 2887 4026 2961 prohibi·

2421 2980 2646 3047 tionem,
2669 2978 2764 3035 sed
2787 2976 2968 3034 solum
2988 2975 3348 3049 explicarent,
3373 2975 3655 3034 Christum
3675 2992 3788 3037 non
3811 2976 4026 3035 dedisse

2421 3069 2726 3130 homiuibus
2764 3067 2906 3126 hanc
2943 3074 3306 3141 potestatem,
3335 3067 3466 3125 licet
3491 3083 3598 3125 non
3637 3066 4014 3141 prohibuerit,

2420 3170 2486 3219 ut
2506 3178 2602 3235 per
2628 3159 2875 3218 homines
2895 3157 3014 3217 dari
3041 3156 3216 3229 possit
3241 3157 3626 3217 ecelesiasticis
3653 3158 4018 3232 principibus.

760 3272 863 3326 nec
892 3253 1091 3311 alicubi
1130 3250 1379 3309 Christus
1420 3247 1721 3321 praecepit,
1765 3252 1827 3305 ut
1873 3252 2021 3303 esset
2054 3247 2354 3305 coniuncta
2415 3254 2604 3326 Neque
2631 3250 2794 3307 etiam
2826 3266 2890 3306 ex
2920 3248 3044 3306 loco
3072 3248 3222 3306 Pauli
3251 3247 3376 3305 talis
3401 3247 3694 3321 prohibitio
3713 3248 3896 3322 colligi
3925 3266 4022 3323 po-

758 3363 890 3407 cum
906 3351 1191 3417 potestate
1217 3341 1396 3415 regia,
1429 3337 1577 3396 nulla
1601 3352 1736 3411 ergo
1760 3342 1848 3393 est
1880 3336 2003 3395 talis
2028 3339 2348 3395 necessitas.

826 3442 881 3496 4.
910 3435 1064 3504 Quod
1089 3438 1273 3490 autem
1300 3430 1400 3488 bae
1426 3427 1567 3486 duae
1593 3434 1891 3501 potestates
1918 3428 1975 3484 in
2002 3427 2192 3485 eadem
2225 3443 2349 3500 per-

758 3541 895 3584 sona
932 3524 1254 3583 coniunctae
1290 3536 1412 3579 esse
1446 3520 1681 3592 possint,
1712 3516 1955 3574 similiter
1978 3515 2248 3590 probatur
2287 3532 2354 3574 ex

756 3632 866 3675 usu
904 3614 1216 3686 Ecclesiae3
1248 3626 1373 3669 nam
1412 3623 1665 3667 summus
1703 3606 1952 3665 Pontifex
1993 3608 2151 3665 simul
2181 3608 2342 3665 etiam

754 3720 853 3763 rex
882 3713 968 3764 est
992 3702 1377 3777 temporalis-in
1416 3700 1529 3757 suis
1558 3698 1718 3755 terris
1740 3740 1755 3768 ,
1782 3712 2025 3771 quarum
2051 3704 2139 3755 est
2176 3696 2352 3755 domi·

756 3813 892 3869 nus,
923 3795 1074 3871 quod
1100 3810 1133 3853 a
1158 3793 1363 3851 sanctis
1390 3788 1743 3848 Pontificibus
1769 3785 2089 3845 inchoatum
2120 3793 2178 3844 et
2211 3802 2347 3845 con-

756 3893 1035 3945 servatum
1054 3892 1161 3958 est,
1185 3882 1330 3941 unde
1352 3881 1578 3955 cogitari
1601 3893 1710 3935 non
1731 3883 1914 3950 potest
1936 3892 2057 3935 esse
2074 3876 2348 3935 illicitum.

754 3978 873 4035 Imo
899 3974 1120 4049 speciali
1146 3974 1238 4031 Dei
1272 3970 1617 4045 providentia
1641 3968 1847 4026 factum
1874 3983 1997 4024 esse
2026 3966 2266 4025 affirmat
2288 3965 2345 4024 d.

752 4066 986 4125 Thomas
1012 4068 1066 4123 in
1087 4070 1144 4125 2.
1169 4068 1403 4120 sentent.
1418 4064 1471 4119 in
1493 4060 1616 4117 line.
1642 4057 1897 4117 Similiter
1923 4057 2080 4115 multi
2108 4058 2350 4133 episcopi

756 4158 916 4216 simul
928 4156 1127 4215 habent
1144 4153 1359 4212 civilem
1375 4157 1706 4225 potestatem
1719 4157 1777 4206 et
1794 4144 2111 4219 dominium,
2132 4156 2196 4206 ut
2212 4162 2350 4204 con·-

756 4256 888 4321 stat,
916 4248 1241 4323 praesertim
1269 4244 1321 4301 in
1346 4241 1656 4313 Germania,
1684 4244 1744 4296 et
1768 4238 2019 4313 Hispania
2040 4281 2057 4313 ,
2086 4246 2144 4297 et
2169 4240 2224 4296 in
2253 4254 2351 4295 co-

753 4338 1099 4399 nimbricensi
1119 4335 1227 4394 hoc
1251 4333 1588 4408 episcopatu.
1613 4330 1770 4388 Ratio
1790 4344 1923 4387 vero
1948 4335 2053 4402 est,
2080 4330 2217 4404 quia
2240 4327 2347 4386 hoc

753 4448 865 4490 non
883 4437 968 4488 est
992 4444 1090 4504 per
1110 4443 1171 4485 se
1196 4425 1423 4497 malum,
1446 4436 1625 4496 neque
1645 4426 1732 4478 est
1757 4419 1939 4495 aliqua
1965 4420 2197 4494 positiva
2225 4419 2347 4495 lege

752 4520 1113 4601 prohibitum,
1141 4523 1199 4575 et
1235 4512 1448 4580 aliunde
1474 4517 1658 4585 potest
1696 4510 1899 4569 multas
1928 4512 2172 4570 rationes
2212 4526 2348 4570 eon·

752 4616 1037 4693 gruentiae
1074 4608 1306 4682 habere3
1334 4620 1487 4679 ergo.
1519 4600 1857 4661 antecedens
1891 4601 2077 4677 quoad
2116 4602 2346 4676 primam

752 4714 963 4781 partem
989 4701 1287 4776 probatur,
1316 4694 1447 4773 quia
1473 4699 1671 4754 contra
1700 4692 1907 4751 nullam
1938 4701 2025 4751 est
2059 4695 2341 4753 virtutem.

751 4798 886 4857 Item
912 4794 1041 4871 quia
1059 4794 1107 4849 si
1134 4791 1313 4864 aliqua
1332 4794 1480 4846 esset
1505 4800 1602 4859 per
1622 4800 1682 4842 se
1704 4784 1929 4859 malitia,
1958 4784 2192 4842 maxime
2217 4786 2346 4858 quia

754 4878 1067 4961 temporalis
1093 4887 1334 4957 potestas
1360 4876 1649 4951 impediret
1672 4874 1909 4933 debitam
1936 4890 2131 4934 curam
2156 4881 2212 4932 et
2238 4873 2349 4932 sol-

753 4976 1093 5037 licitudinem
1120 4972 1275 5029 circa
1311 4966 1825 5027 administrationem
1863 4966 2157 5041 spiritualis
2196 4973 2348 5039 pote·

753 5069 934 5142 statis,
963 5065 1071 5124 hoc
1098 5068 1283 5121 autem
1309 5074 1412 5118 nee
1438 5058 1753 5115 necessario
1782 5059 2034 5131 sequitur
2050 5099 2066 5131 ,
2095 5056 2223 5131 quia
2250 5071 2348 5130 per

752 5158 1113 5219 ministerium
1142 5151 1376 5211 aliorum
1415 5154 1595 5224 potest
1622 5146 1715 5207 illa
1758 5153 1998 5221 potestas
2039 5147 2348 5205 executioni

752 5247 1027 5318 mandari,
1056 5246 1131 5303 ita
1168 5250 1237 5305 ut
1259 5258 1369 5300 non
1398 5238 1635 5299 multum
1663 5238 1945 5313 impediat.
1978 5240 2262 5297 Praeterea
2300 5238 2345 5296 si

752 5340 881 5421 quid
908 5338 1149 5414 laboris,
1198 5334 1283 5393 vel
1318 5330 1652 5393 incommodi
1704 5329 1832 5389 hinc
1869 5330 2024 5405 sequi
2068 5329 2341 5404 videatur,

2418 3347 2550 3400 test.
2578 3337 3003 3414 Expendendum
3029 3338 3172 3396 enim
3199 3343 3285 3395 est
3308 3337 3442 3395 illud
3483 3337 3714 3395 verbum
3749 3337 4026 3414 implicat

2419 3447 2504 3493 se.-
2523 3436 2708 3504 potest
2727 3445 2962 3503 namque
2983 3428 3398 3486 ecclesiasticus
3419 3429 3676 3501 princeps
3695 3428 3780 3486 uti
3799 3428 3908 3487 hac
3929 3444 4024 3502 po-

2419 3528 2620 3579 testate
2649 3518 2955 3592 temporali,
2981 3534 3088 3576 nou
3117 3532 3175 3575 se
3201 3516 3530 3591 implicando
3557 3518 3792 3591 negotiis
3819 3534 4024 3576 saecu-

2419 3610 2648 3682 laribus,
2673 3609 2769 3667 sed
2796 3608 3096 3681 prudenter
3115 3623 3180 3665 ac
3211 3607 3490 3665 moderate
3513 3606 3606 3665 illa
3627 3607 3859 3668 utendo.
3879 3610 4014 3671 nem

2419 3709 2507 3759 est
2533 3697 2948 3774 ponderandum
2972 3696 3108 3755 illud
3134 3697 3364 3755 verbum
3389 3698 3638 3771 neyotiis
3682 3698 4020 3757 saecular-z·-

2423 3791 2546 3860 bus,
2571 3788 2720 3865 quod
2742 3789 2962 3861 proprie
2981 3787 3250 3861 signifieat
3267 3788 3780 3863 negotiationem,ct
3797 3792 4020 3847 nimiam

2419 3879 2839 3938 sollicitudinem
2849 3878 2998 3936 circa
3019 3876 3341 3951 temporalia
3359 3878 3608 3951 lucra,ut
3625 3879 4022 3954 notavithry-

2417 3980 2555 4029 sost.
2586 3970 2852 4041 Princeps
2877 3974 3064 4027 autem
3090 3967 3504 4027 ecclesiasticus
3531 3984 3641 4026 non
3669 3968 3742 4027 ad
3775 3968 3932 4028 hunc
3961 3972 4020 4026 fi-

2417 4078 2540 4119 nem
2569 4061 2773 4134 acoipit
2798 4058 3156 4133 temporalem
3183 4059 3575 4132 principatum,
3604 4058 3702 4118 sed
3731 4067 3794 4117 ut
3821 4060 4021 4119 Eccle-

2416 4154 2528 4209 siae
2571 4149 2786 4207 utilitati
2814 4156 2873 4206 et
2911 4148 3148 4207 fidelium
3175 4148 3484 4206 commodis
3512 4150 3682 4224 magis
3720 4151 4010 4223 inserviat3

2415 4249 2474 4300 et
2495 4241 2616 4301 ideo
2641 4238 2776 4299 illud
2797 4238 3098 4311 temporale
3119 4240 3200 4296 ita
3225 4241 3588 4299 coniunctum
3609 4240 3884 4313 spirituali
3909 4258 4016 4299 non

2413 4340 2500 4391 est
2523 4331 2806 4392 saeculare
2831 4331 3075 4404 omnino,
3107 4328 3204 4387 sed
3231 4328 3414 4402 aliquo
3442 4329 3607 4388 modo
3634 4346 3892 4406 sacrum;
3925 4331 4020 4388 ha·

2414 4423 2542 4481 bere
2567 4422 2736 4497 igitur
2757 4420 2923 4480 talem
2949 4425 3276 4495 potestatem
3303 4420 3522 4478 civilem
3546 4420 3712 4479 simul
3739 4436 3879 4479 eum
3907 4422 4016 4495 spi-

2413 4511 2596 4573 rituali
2621 4519 2814 4572 contra
2846 4512 3054 4569 nullam
3082 4509 3258 4585 legem
3286 4509 3526 4569 divinam
3549 4518 3666 4583 est,
3697 4510 3787 4569 vel
3821 4513 4016 4584 positi-

2415 4621 2562 4678 vam,
2583 4603 2669 4663 vel
2690 4604 3013 4662 naturalem.
3039 4600 3195 4671 Quod
3218 4617 3349 4660 vero
3371 4608 3564 4661 contra
3586 4600 3890 4659 humanam
3914 4616 4018 4658 non

2414 4699 2506 4765 sit,
2525 4711 2622 4769 per
2643 4711 2702 4754 se
2727 4701 2924 4753 notum
2943 4699 3050 4768 est,
3069 4708 3169 4750 neo
3189 4691 3395 4766 indiget
3415 4691 3755 4765 probatione.
3767 4693 3868 4750 Sic
3885 4708 4016 4766 ergo

2412 4802 2741 4860 responsum
2793 4792 2879 4844 est
2918 4783 2984 4842 ad
3039 4782 3454 4842 fundamentum
3499 4784 3732 4843 secundi
3781 4786 4010 4843 erroris.

2412 4876 2688 4935 Adrianus
2717 4882 2902 4934 autem
2931 4889 3072 4948 papa
3097 4876 3153 4931 in
3179 4874 3408 4947 epistola
3433 4872 3508 4930 ibi
3531 4874 3698 4933 citata
3721 4874 3906 4935 solum
3939 4876 4020 4932 in-

2412 4968 2612 5037 tendit,
2643 4964 2824 5041 quod,
2853 4965 2907 5023 in
2937 4964 3107 5039 priori
3135 4970 3344 5037 puncto
3370 4970 3568 5021 contra
3593 4966 3836 5037 primum
3861 4982 4014 5023 erro·

2411 5073 2530 5116 rem
2567 5056 2839 5130 diximus,
2868 5069 2970 5113 nec
2997 5056 3140 5112 enim
3166 5055 3343 5128 potuit
3366 5053 3640 5129 indicare,
3671 5070 3796 5113 esse
3831 5056 4018 5129 probi-

2413 5147 2623 5219 bitum,
2651 5145 2800 5219 quod
2829 5145 3061 5218 ipsemet
3087 5142 3462 5217 profitebatur.
3491 5144 3658 5203 Plura
3683 5144 3752 5203 de
3781 5146 3894 5205 hoc
3927 5163 4014 5205 ar·

2409 5242 2671 5313 gumento
2693 5237 2794 5311 legi
2814 5243 3046 5311 possunt
3066 5234 3120 5293 in
3139 5235 3388 5295 Bellarm.
3405 5234 3498 5293 lib.
3515 5242 3570 5294 5.
3585 5233 4006 5297 demmfflont.

2413 5332 2690 5403 cap.9,et
2724 5333 2811 5387 10.
