4325 6267
747 321 882 382 .36

721 468 877 518 recta
915 460 1219 531 conclusit,
1248 459 1433 534 leqem
1464 459 1672 520 debere
1697 478 1822 521 esse
1855 481 1899 521 a
1925 479 2192 540 persona
2210 483 2321 540 pu-

721 547 900 614 blica,
929 563 1084 621 quae
1105 551 1280 606 totius
1301 547 1708 608 multitudinis
1729 567 1940 609 curam
1960 553 2157 610 habet.
2178 555 2320 612 Con-

721 644 830 694 stat
855 637 1044 710 igitur,
1070 643 1396 709 potestatem
1416 638 1624 696 serendi
1653 638 1805 712 leges
1825 640 2093 699 humanas
2121 642 2319 700 saltem

718 739 839 781 esso
875 725 926 782 in
955 739 1212 796 supremo
1241 726 1446 798 capite,
1477 728 1870 801 quodcumque
1899 728 2030 786 illud
2059 732 2163 803 sit,
2196 731 2321 804 quia

721 828 823 870 nec
852 818 1035 885 potest
1069 813 1292 886 procedi
1318 816 1372 871 in
1401 816 1697 887 inlinitum,
1728 833 1828 874 nec
1857 821 1910 873 111
1941 817 2044 875 alio
2073 833 2194 876 esse
2222 835 2317 892 po-

718 908 828 958 test
853 902 1027 958 maior
1047 909 1286 972 potestas
1311 904 1367 958 in
1394 903 1486 961 illo
1516 904 1724 962 ordine.
1759 907 1818 961 lu
1845 905 2192 980 inferioribus
2221 923 2320 963 au·

721 995 832 1046 tem
861 996 919 1047 et
941 990 1308 1048 subordinatis
1338 991 1672 1064 principibus
1703 999 1853 1050 tanta
1880 994 2003 1066 erit,
2028 1001 2237 1066 quanta
2262 994 2325 1050 il·

721 1080 784 1137 lis
823 1079 992 1137 suerit
1034 1080 1444 1138 communicata
1479 1096 1514 1137 a
1548 1083 1753 1154 capite:
1794 1081 1944 1156 quod
1984 1089 2070 1141 est
2108 1084 2319 1140 ratione

722 1170 966 1225 muneris
995 1167 1456 1240 uniuscuiusque,
1485 1183 1553 1226 ex
1580 1169 2000 1246 consuetudine,
2029 1179 2129 1228 aut
2157 1187 2225 1228 ex
2246 1170 2321 1226 le-

721 1257 882 1330 gibus
901 1297 917 1329 ,
948 1256 1031 1313 vel
1055 1255 1351 1329 privilegiis
1377 1257 1790 1333 intelligendum
1818 1260 1956 1329 erit,
1988 1266 2051 1318 ut
2077 1260 2215 1317 inira
2245 1258 2323 1317 la·

724 1347 837 1402 tius
863 1345 1100 1403 dicetur.

813 1438 898 1493 10.
931 1432 1012 1490 Λᾶ
1042 1436 1306 1492 rationem
1333 1451 1465 1509 ergo
1494 1436 1775 1496 dubitandi
1802 1440 1856 1496 in
1888 1439 2154 1512 principio
2176 1439 2322 1511 posi·

729 1530 840 1581 tam
867 1530 1022 1580 recte
1051 1524 1348 1596 respondet
1370 1524 1426 1580 d.
1458 1525 1648 1582 Thom.
1682 1541 1852 1598 supra
1873 1527 1942 1584 ad
1963 1528 2223 1601 primum,
2250 1527 2323 1584 le·

726 1629 853 1685 gem
894 1612 1200 1670 naturalem
1243 1629 1404 1686 posse
1442 1613 1780 1673 considerari
1800 1655 1814 1681 ,
1847 1617 1930 1672 vel
1968 1622 2132 1688 prout
2157 1621 2245 1672 est
2270 1615 2322 1671 in

727 1700 976 1766 subditis,
1006 1700 1089 1757 vel
1112 1709 1282 1772 prout
1305 1709 1394 1759 est
1418 1703 1475 1758 in
1495 1703 1678 1776 aliquo
1701 1706 2004 1775 superiore,
2031 1719 2062 1760 a
2082 1719 2195 1776 quo
2216 1703 2323 1760 lata

727 1797 836 1847 est.
868 1791 1043 1846 Priori
1073 1789 1236 1847 modo
1264 1796 1349 1848 est
1375 1806 1406 1846 a
1433 1798 1632 1847 natura
1652 1793 1814 1849 insita
1837 1794 1968 1865 ipsis
1990 1791 2325 1863 hominibus,

729 1879 824 1953 qui
855 1893 954 1950 per
983 1893 1106 1936 eam
1141 1877 1552 1952 gubernantur,
1581 1881 1745 1953 eique
1773 1880 1992 1938 obedire
2017 1879 2245 1950 debent,
2275 1885 2332 1937 et

731 1969 833 2024 hac
874 1967 1085 2024 ratione
1126 1973 1401 2040 quatenus
1443 1968 1586 2026 illam
1625 1971 1680 2026 in
1723 1972 1842 2026 suis
1881 1970 2151 2027 mentibus
2190 1970 2330 2025 scri-

732 2065 882 2129 ptam
912 2054 1136 2129 habent,
1165 2055 1372 2113 dicitur
1403 2061 1784 2132 unusquisque
1812 2059 1910 2116 sibi
1941 2060 2038 2132 ipsi
2067 2073 2190 2115 esse
2219 2057 2327 2127 lex,

699 2146 878 2201 -sicut
904 2142 1079 2201 codex
1114 2143 1302 2217 legum
1338 2145 1615 2202 interdum
1653 2147 1796 2204 solet
1821 2148 2006 2204 vocari
2037 2148 2142 2217 lox,
2175 2153 2239 2204 ut
2263 2145 2331 2203 do

731 2234 885 2290 libris
925 2233 1121 2292 veteris
1156 2233 1488 2292 Testamenti
1523 2252 1590 2292 ex
1633 2237 1965 2314 Hieronymo
2003 2251 2175 2308 supra
2198 2234 2330 2292 dixi-

734 2341 891 2384 mus:
939 2324 1072 2381 liber
1100 2331 1286 2380 autem
1316 2332 1575 2382 mortuus
1603 2341 1711 2383 non
1739 2332 1922 2397 potest
1947 2325 2057 2382 dici
2081 2341 2205 2383 esse
2234 2323 2332 2380 sibl

731 2416 834 2486 ipsi
868 2413 986 2486 lex,
1017 2415 1142 2486 quia
1185 2429 1296 2470 non
1337 2419 1522 2485 potest
1557 2430 1616 2470 se
1645 2430 1742 2486 per
1768 2413 1942 2488 legem
1973 2415 2170 2487 inipso
2200 2415 2334 2470 scri-

732 2509 883 2575 ptam
913 2503 1252 2575 gubernare3
1283 2517 1384 2558 cor
1411 2508 1598 2559 autem
1631 2503 1866 2559 hominis
1888 2508 1973 2560 est
1994 2502 2132 2559 liber
2149 2504 2332 2575 vivus,

737 2593 792 2647 in
831 2607 945 2664 quo
982 2597 1067 2648 est
1101 2591 1188 2648 lex
1215 2597 1444 2648 naturae
1469 2591 1694 2664 scripta,
1723 2597 1780 2648 et
1803 2592 1922 2649 ideo
1951 2598 2221 2665 quatenus
2246 2592 2337 2648 illa

733 2681 982 2753 regitur,
1021 2677 1224 2736 dicitur
1267 2679 1364 2735 sibi
1394 2679 1497 2751 ipsi
1534 2694 1656 2738 esse
1694 2680 1798 2738 lex.
1829 2679 2114 2748 Quomodo
2150 2688 2335 2737 autom

731 2768 824 2826 illa
862 2767 947 2824 lex
984 2774 1214 2826 naturae
1255 2767 1328 2824 sit
1363 2767 1434 2824 ab
1470 2769 1656 2842 aliquo
1693 2769 1972 2840 superiore
2011 2774 2335 2841 potestatem

735 2854 1000 2928 habente,
1031 2857 1275 2914 dicemus
1313 2857 1366 2913 in
1395 2855 1534 2913 libro
1561 2860 1831 2931 sequenti.
1863 2857 1942 2914 Ad
1972 2859 2337 2916 confirmatio-

737 2961 862 3002 nem
893 2945 1293 3017 respondetur,
1333 2944 1505 3002 solam
1550 2944 2040 3017 honestatem,„vel
2071 2946 2337 3001 iustitiam

741 3035 1008 3104 actionis,
1045 3049 1186 3106 quae
1225 3048 1321 3105 per
1362 3031 1536 3106 legem
1581 3033 1877 3092 humanam
1915 3035 2334 3113 praescribitur,

739 3139 850 3180 non
895 3138 1017 3180 esse
1064 3123 1198 3179 satis
1237 3120 1303 3178 ad
1340 3121 1617 3193 propriam
1665 3121 2043 3195 obligationem
2079 3122 2251 3195 legis,
2284 3128 2341 3178 et

739 3211 864 3269 ideo
912 3211 1044 3268 licet
1088 3213 1142 3267 in
1190 3209 1493 3268 condendis
1535 3209 1637 3267 illis
1674 3210 1886 3283 legibus
1925 3211 1996 3267 sit
2025 3213 2341 3267 necessaria

742 3301 1064 3373 prudentia,
1103 3307 1160 3357 et
1199 3300 1322 3357 ideo
1357 3300 1686 3356 intervenire
1733 3299 1996 3370 debeant,
2035 3308 2093 3358 et
2129 3300 2341 3356 soleant

740 3390 968 3447 consilia
1008 3389 1346 3461 sapientum,
1399 3394 1581 3445 tamen
1629 3387 1721 3444 illa
1765 3403 1874 3445 non
1916 3388 2201 3445 sufficiunt
2226 3389 2339 3444 sine

738 3478 1022 3535 voluntate
1073 3476 1322 3533 habentis
1370 3480 1728 3548 potestatem,
1769 3491 1804 3532 a
1840 3491 1952 3548 qua
1989 3480 2262 3547 potestate
2286 3481 2345 3532 et

740 3565 1020 3623 voluntate
1057 3565 1142 3621 lex
1169 3563 1372 3635 accipit
1400 3564 1508 3620 vim
1535 3568 1592 3620 et
1616 3577 1736 3620 esse
1765 3562 1933 3637 legis,
1975 3569 2035 3620 ut
2065 3579 2236 3635 supra
2260 3563 2342 3620 di-

739 3664 895 3713 ctum
922 3660 1026 3710 est.
1060 3651 1284 3720 Quando
1311 3667 1444 3724 ergo
1471 3651 1738 3708 dicuntur
1765 3649 1912 3724 leges
1937 3667 2061 3709 esse
2084 3651 2341 3709 consulta

737 3743 1068 3813 sapientum,
1099 3739 1182 3796 vel
1210 3755 1331 3796 esse
1357 3737 1432 3806 id,
1463 3739 1616 3812 quod
1647 3740 1857 3797 ratione
1889 3741 2220 3811 constiterit,
2244 3746 2341 3798 aut

740 3830 873 3904 quid
902 3827 1100 3899 simile,
1129 3824 1492 3886 denominatio
1523 3827 1760 3884 sumitur
1790 3842 1820 3884 a
1848 3829 2181 3900 proprietate
2203 3844 2339 3902 qua-

739 3918 866 3975 dam
905 3917 1133 3974 maximo
1163 3917 1503 3988 necessaria,
1533 3922 1587 3973 et
1613 3915 1847 3973 sortasse
1875 3918 2048 3990 posita
2073 3926 2159 3975 est
2186 3918 2252 3974 ad
2281 3919 2340 3975 il-

741 4008 848 4063 lius
869 4005 1252 4064 necessitatem
1281 4003 1646 4078 indicandam,
1675 4021 1783 4064 non
1807 4021 1936 4064 vero
1957 4007 2092 4082 quia
2113 4006 2203 4064 illa
2224 4006 2340 4066 sus·-

739 4096 896 4152 ficiat.

1203 4291 1213 4300 ·
1318 4271 1599 4340 CAPUT
1643 4272 1759 4342 IX.

751 4469 959 4528 mrum
1000 4467 1078 4520 sit
1116 4463 1188 4520 de
1226 4465 1462 4521 ratione
1500 4462 1674 4536 leqis,
1719 4467 1785 4520 ut
1809 4467 1886 4521 sit
1911 4467 2079 4523 iusta
2105 4471 2162 4523 et
2190 4469 2341 4524 iuste

818 4552 981 4614 lata,
1015 4557 1070 4608 et
1111 4551 1182 4608 de
1209 4551 1348 4609 aliis
1376 4549 1808 4610 conditionibus
1831 4551 1977 4627 leqis
2003 4554 2079 4613 ab
2107 4554 2341 4614 Isidoro

808 4643 1036 4716 positis.

1297 4807 1780 4872 summarium

748 4979 797 5029 1.
823 4977 1149 5030 conditiones
1175 4978 1484 5028 intrinsecae
1504 4979 1735 5041 legis.—
1755 4979 1806 5031 2.
1829 4979 1996 5032 Prima
2013 4982 2250 5033 assertio:
2272 4983 2343 5032 De

812 5048 1010 5098 ratione
1044 5047 1174 5110 legIS
1206 5053 1316 5108 est,
1352 5052 1414 5097 ut
1445 5049 1725 5112 praecipiat
1759 5050 1914 5102 iusta.
1953 5077 2025 5089 —
2057 5052 2343 5114 Dupliciter

810 5117 1164 5167 consideratur
1199 5116 1279 5166 lex
1304 5123 1364 5168 ut
1389 5116 1545 5168 iusta.
1571 5145 1640 5154 —
1665 5117 1716 5169 3.
1744 5119 2000 5180 Quomodo
2023 5129 2171 5170 actus
2195 5132 2341 5184 prae·

810 5191 990 5249 ceptus
1023 5198 1114 5250 per
1140 5186 1304 5250 legem
1327 5177 1512 5237 habeat
1536 5186 1852 5240 honestatem
1877 5181 2165 5253 positivam.
2193 5217 2262 5229 -
2286 5189 2339 5252 4,

739 5273 750 5297 ἱ

2143 331 2173 379 -“
2204 343 2405 394 unna
2433 347 2483 395 1.

2460 471 2719 534 Quomodo
2754 473 2809 524 iit
2850 476 2983 532 iusta
3022 477 3103 526 lex
3140 477 3226 526 illa
3244 513 3259 538 ,
3294 489 3427 540 quae
3450 479 3589 528 circa
3614 480 3997 544 permissionem

2462 542 2579 590 mali
2600 551 2874 603 „versatum
2914 572 2982 580 —
3016 545 3069 594 5.
3107 546 3331 596 Primum
3364 547 3718 598 corollarium:
3750 549 3997 600 Honestas

2458 617 2538 660 est
2574 609 2639 661 de
2676 613 2871 664 ratione
2910 614 3069 676 legis;
3107 621 3161 664 et
3198 615 3261 664 ad
3296 615 3456 679 ipsam
3480 616 3800 669 reducuntur
3823 631 3997 670 omnes

2461 679 2779 732 conditiones
2804 685 2869 734 ab
2894 683 3083 734 isidoro
3108 685 3320 747 positae·
3349 712 3420 722 -—
3445 686 3497 737 6.
3524 687 3815 737 Secundum
3831 688 3997 739 corol-

2460 747 2675 800 larium:
2702 751 2807 802 Lex
2838 753 2949 802 sine
2977 752 3245 804 honestate
3272 767 3365 804 nec
3390 755 3640 806 rationem
3666 757 3794 819 legis
3816 757 3993 816 habet,

2460 829 2555 868 nec
2589 821 2820 884 obligare
2846 827 3015 885 potest
3038 827 3129 872 aut
3162 824 3379 874 servari.
3405 824 3549 875 —ln
3572 825 3733 876 dubio
3753 825 3817 874 de
3840 825 3999 876 hone·

2460 891 2596 939 state
2624 890 2753 952 legis
2772 890 3136 954 praesumenda
3164 897 3245 942 est
3266 893 3535 955 honestas,
3565 907 3625 944 ac
3652 893 3863 957 proinde
3888 907 3996 944 ser-

2462 958 2643 1008 vanda.
2671 985 2732 994 —
2769 959 2819 1009 7.
2856 959 3087 1010 Secunda
3122 962 3367 1012 assertio:
3408 962 3479 1012 De
3517 964 3714 1014 ratione
3740 963 3870 1024 legis
3893 969 3994 1022 est,

2468 1033 2527 1077 ut
2552 1028 2688 1079 iuste
2714 1027 2933 1078 feratur.
2960 1055 3031 1065 —
3049 1028 3102 1078 8.
3124 1029 3189 1078 Ut
3210 1029 3289 1078 lex
3310 1030 3447 1081 iuste
3466 1030 3687 1092 feratur,
3712 1032 3899 1095 triplex
3917 1031 3998 1080 iu-

2461 1097 2637 1149 stitiae
2674 1097 2843 1148 virtus
2876 1103 2957 1148 est
2993 1098 3297 1150 exercenda.
3329 1126 3399 1136 —
3432 1099 3485 1150 9.
3515 1101 3787 1152 Probatur.
3814 1127 3886 1137 —
3910 1101 3995 1152 10.

2461 1165 2536 1216 Ad
2558 1165 2782 1216 valorem
2802 1167 2931 1229 legis
2950 1168 3237 1217 necessaria
3255 1174 3334 1218 est
3354 1169 3553 1218 iustitia
3572 1169 3999 1220 distributiva.—

2466 1237 2551 1286 11.
2591 1236 2765 1285 Tertia
2802 1235 3048 1286 assertio:
3078 1237 3371 1287 Deratione
3398 1239 3528 1300 legis
3550 1244 3653 1292 est.
3681 1243 3741 1288 ut
3766 1240 3835 1288 sit
3858 1239 3999 1288 circa

2462 1305 2722 1356 obiectum
2758 1304 3022 1368 possibile.
3050 1333 3119 1342 —
3146 1305 3228 1356 12.
3256 1305 3597 1356 confirmatur
3620 1305 3747 1357 haec
3782 1307 4001 1358 assertio

2460 1386 2523 1424 ex
2547 1373 2865 1424 Tridentino.
2892 1400 2963 1410 —
2988 1374 3072 1426 13.
3101 1373 3397 1425 Differentia
3432 1375 3570 1426 inter
3606 1376 3912 1428 iniustitiam
3935 1387 3999 1425 ex

2463 1449 2609 1506 parte
2634 1442 2879 1493 materiae
2901 1449 2957 1494 et
2980 1455 3043 1494 ex
3066 1448 3215 1507 parte
3240 1444 3394 1496 modi.

2482 1630 2531 1685 1.
2576 1628 2855 1699 Expositis
2902 1627 3307 1688 conditionibus
3358 1632 3411 1687 111
3460 1631 3577 1705 lege
3620 1633 3897 1705 requisitis
3932 1647 4000 1688 ex

2397 1723 2552 1789 parto
2581 1731 2969 1788 personarum,
3000 1733 3100 1775 seu
3128 1735 3453 1792 causarum,
3486 1736 3628 1794 quae
3655 1729 3888 1794 possunt
3906 1737 4001 1778 ex-

2400 1805 2637 1862 trinsece
2684 1804 2951 1879 iudicari,
2994 1807 3345 1878 explicandae
3387 1810 3613 1866 veniunt
3656 1810 4003 1867 conditiones

2400 1893 2567 1951 veluti
2593 1894 2922 1951 intrinsecae
2942 1903 2999 1952 et
3019 1898 3190 1965 actui,
3213 1898 3270 1953 in
3290 1912 3457 1971 quem
3481 1897 3616 1969 legis
3636 1903 3995 1970 praeceptum

2400 1983 2595 2040 cadere
2623 1988 2837 2055 potest,
2868 1989 2923 2039 et
2946 1982 3047 2055 ipsi
3074 1985 3274 2042 actioni
3302 1985 3511 2043 serendi
3535 1987 3732 2059 legem,
3756 2001 3896 2060 quas
3924 1987 3995 2044 ad

2400 2073 2659 2130 iustitiam
2698 2087 3058 2145 revocamus,
3101 2080 3159 2130 et
3198 2074 3304 2131 sub
3344 2075 3435 2130 illa
3480 2073 3995 2146 comprehendimus

2401 2175 2589 2218 omnes
2618 2159 2953 2218 conditiones
2981 2161 3187 2231 positas
3212 2161 3279 2217 ab
3300 2163 3509 2218 Isidoro
3532 2163 3625 2219 lib.
3656 2168 3710 2220 5.
3736 2160 3992 2236 Etymol.

2403 2265 2527 2322 cap.
2557 2255 2614 2319 2,
2648 2250 2742 2305 ubi
2762 2250 2840 2304 sic
2862 2249 3061 2321 inquit:
3086 2254 3213 2308 Lex
3234 2253 3349 2306 eru
3369 2265 3556 2317 omne,
3584 2249 3741 2330 quod
3762 2253 3998 2306 ratione

2399 2341 2750 2404 constiterit,
2798 2336 3122 2395 dumtaxat
3160 2337 3313 2411 quod
3350 2337 3634 2412 religione
3665 2343 3989 2411 conyruac,

2402 2424 2561 2500 quod
2578 2423 2933 2500 disciplinae
2952 2442 3164 2483 convert
3172 2429 3277 2494 iat,
3308 2424 3464 2498 quod
3482 2425 3669 2484 salua
3683 2426 3992 2500 proficiat.

2403 2516 2629 2574 Videtur
2654 2523 2841 2573 autem
2880 2515 3031 2588 loqui
3068 2516 3240 2588 magis
3282 2514 3350 2572 de
3378 2514 3775 2572 consuetudine
3802 2515 4000 2572 huma-

2405 2619 2505 2673 na,
2538 2620 2706 2678 quam
2734 2602 2802 2662 de
2832 2604 2949 2676 lege
2976 2603 3027 2659 in
3054 2618 3287 2678 genere,
3318 2605 3568 2678 quamvis
3598 2604 3761 2660 verba
3778 2605 4003 2676 possint

2406 2691 2475 2751 ad
2505 2695 2691 2749 omnia
2718 2691 3143 2750 accommodari.
3176 2695 3233 2748 ln
3260 2694 3453 2750 eodem
3484 2707 3614 2748 vcro
3642 2692 3778 2749 libro
3804 2708 3859 2748 c.
3890 2695 3959 2750 21
3980 2733 3996 2761 ,

2404 2789 2463 2841 et
2490 2783 2581 2840 lib.
2616 2787 2675 2854 2,
2704 2797 2757 2838 c.
2794 2787 2881 2841 10.
2914 2781 3047 2838 alias
3076 2781 3439 2854 conditiones,
3465 2780 3547 2837 vol
3568 2781 3787 2838 easdem
3808 2780 4000 2838 distin-

2406 2871 2551 2928 ctius
2596 2877 2911 2940 enumerat,
2951 2867 3171 2926 dicens:
3200 2872 3337 2927 Erit
3364 2875 3566 2926 autem
3592 2867 3691 2925 lea·
3717 2870 3995 2934 honesta,

2404 2965 2591 3026 iusta,
2621 2957 2949 3035 possibilis,
2978 2957 3302 3016 secundum
3336 2963 3645 3024 naturam,
3676 2956 4001 3014 secundum

2408 3048 2889 3107 consuetudinem
2910 3051 3181 3122 patriae,
3219 3051 3499 3122 tempori,
3533 3046 3770 3120 locoque
3798 3062 4002 3103 conve-

2406 3141 2597 3196 niens.
2638 3139 2785 3206 Quas
2823 3139 2987 3194 etiam
3030 3136 3371 3194 conditiones
3411 3136 3479 3195 de
3506 3137 3624 3210 lege
3656 3137 3897 3194 humana
3923 3137 4004 3192 in-

2408 3233 2742 3300 terpretatur
2768 3225 2824 3284 d.
2854 3227 3087 3283 Thomas
3123 3235 3173 3286 1-
3196 3231 3254 3297 2,
3286 3243 3342 3300 q.
3378 3231 3473 3298 95,
3496 3233 3613 3300 art.
3640 3231 3695 3284 3.
3719 3226 3853 3293 Quia
3875 3240 4003 3280 vero

2410 3316 2492 3373 vel
2534 3331 2759 3386 omnes,
2791 3316 2873 3372 vel
2911 3315 3239 3388 praecipuae
3278 3317 3493 3373 illarum
3522 3316 3572 3372 in
3604 3317 3751 3373 omni
3778 3315 3897 3388 lege
3917 3314 4004 3371 lo-

2409 3420 2541 3461 cum
2570 3403 2791 3474 habent,
2822 3411 2880 3461 et
2906 3404 2973 3462 ad
2995 3402 3431 3462 concludendam
3458 3404 3594 3477 legis
3616 3402 4001 3470 definitionem,

2408 3492 2783 3550 necessarium
2820 3498 2934 3563 est,
2978 3494 3221 3549 notitiam
3251 3492 3465 3550 illarum
3493 3492 3728 3560 habere:
3764 3491 3886 3548 ideo
3912 3504 4004 3545 ea·
4099 3487 4105 3494 ’

2411 3596 2538 3637 rum
2576 3580 2865 3653 explicatio
2902 3581 3288 3638 convenienter
3330 3581 3383 3637 in
3422 3580 3571 3637 bunc
3614 3580 3801 3637 locum
3832 3579 3999 3636 cadit.

2410 3670 2611 3727 Omnes
2646 3676 2829 3726 autem
2860 3684 3183 3726 revocamus
3212 3670 3283 3726 ad
3310 3670 3449 3727 duas
3480 3669 3826 3726 conditiones
3852 3670 3909 3724 in
3940 3668 4004 3723 ti-

2409 3757 2528 3815 tulo
2558 3758 2881 3830 insinuatas,
2912 3757 3145 3830 scilicet,
3179 3765 3243 3814 ut
3269 3756 3356 3813 lex
3384 3758 3457 3814 sit
3483 3759 3647 3828 iusta,
3678 3763 3733 3813 ot
3758 3759 3901 3812 iusto
3928 3755 4007 3811 se-

2411 3855 2568 3904 ratur
2588 3886 2604 3917 ,
2634 3861 2774 3919 quas
2810 3861 2877 3902 ex
2914 3845 3161 3917 professo
3198 3845 3626 3918 explicabimus,
3656 3851 3716 3902 et
3744 3861 3876 3902 cum
3902 3844 4004 3900 illis

2410 3935 2543 3994 alias
2572 3933 2858 3992 corollarie
2885 3933 3305 3991 declarabimus.

2488 4029 2543 4082 2.
2575 4024 2707 4080 Dico
2744 4038 2877 4096 ergo
2920 4025 3121 4094 primo:
3163 4022 3230 4079 de
3272 4022 3477 4079 ratione
3514 4027 3571 4078 et
3604 4022 3841 4079 essentia
3868 4022 4003 4094 legis

2410 4119 2516 4186 est,
2542 4120 2607 4170 ut
2632 4115 2933 4185 praecipiat
2949 4113 3114 4168 iusta.
3142 4113 3389 4168 Assertio
3412 4117 3499 4167 est
3516 4126 3628 4167 non
3648 4109 3829 4167 solum
3850 4118 4004 4166 certa

2414 4201 2723 4260 secundum
2758 4201 2949 4272 iidem,
2990 4198 3085 4256 sed
3116 4200 3285 4256 etiam
3321 4199 3471 4255 clara
3504 4198 3817 4256 secundum
3844 4203 4005 4254 natu·

2412 4292 2582 4349 ralem
2613 4293 2901 4348 rationem.
2934 4290 3004 4344 Et
3028 4291 3253 4346 ita-eam
3276 4289 3501 4346 tradunt
3520 4303 3628 4344 non
3650 4288 3833 4344 solum
3855 4286 4006 4342 theo·

2416 4381 2555 4452 logi,
2594 4386 2650 4437 et
2688 4387 2871 4451 patres
2910 4378 3135 4434 inferius
3164 4376 3452 4452 allegandi,
3484 4377 3579 4446 sed
3608 4380 3775 4435 etiam
3802 4378 4003 4448 passim

2412 4469 2715 4543 philosophi
2762 4471 2817 4524 in
2866 4467 3212 4539 praecedenti
3258 4467 3435 4538 capite
3481 4467 3649 4524 citati.
3680 4466 4006 4524 Declaratur

2410 4569 2591 4617 autem
2634 4560 2684 4616 in
2720 4559 2868 4614 hunc
2898 4555 3143 4628 modum,
3172 4556 3299 4630 quia
3327 4555 3545 4612 duobus
3577 4555 3749 4612 modis
3777 4554 4005 4626 intelligi

2410 4655 2621 4721 potest,
2655 4647 2830 4719 legem
2856 4643 3053 4702 debere
3082 4659 3202 4700 esse
3232 4645 3453 4717 iustam,
3486 4659 3595 4700 uno
3624 4644 3789 4701 modo
3821 4657 4008 4714 respe-

2412 4744 2509 4794 ctu
2547 4735 2719 4807 ipsius
2754 4741 2915 4790 actus
2954 4731 3243 4790 exercendi
3280 4749 3311 4789 a
3349 4731 3569 4790 subdito
3596 4747 3665 4787 ex
3694 4732 3745 4787 vi
3774 4731 3895 4787 talis
3927 4730 4007 4786 le-

2410 4828 2514 4900 gis,
2544 4826 2801 4882 nimirum
2830 4823 2980 4896 quod
3010 4822 3135 4879 talis
3166 4822 3257 4894 sit,
3292 4829 3350 4878 ut
3382 4821 3555 4894 possit
3574 4821 3643 4876 ab
3663 4836 3729 4876 eo
3749 4821 3891 4876 iuste
3913 4820 4005 4875 iio-

2410 4917 2486 4987 ri·,
2531 4915 2635 4971 alio
2676 4912 2837 4969 modo
2876 4917 3129 4983 respectu
3170 4911 3454 4983 ipsiusmet
3480 4909 3634 4982 legis,
3666 4909 3817 4982 quod
3850 4909 4008 4964 nimi-

2412 5021 2537 5061 rum
2566 5005 2684 5059 sine
2712 5002 2909 5058 iniuria
2936 5001 3138 5057 homini
3164 5001 3492 5072 imponatur.
3526 5003 3717 5056 Potest
3752 5001 3897 5057 enim
3925 5001 4009 5054 in·

2410 5093 2627 5152 terdum
2658 5098 2817 5150 actus
2844 5105 2967 5147 esse
2994 5087 3139 5161 talis,
3170 5094 3235 5145 ut
3260 5103 3291 5144 a
3320 5087 3537 5145 subdito
3564 5090 3709 5146 iuste
3738 5087 3853 5143 fieri
3880 5101 4008 5158 pos-

2412 5186 2520 5257 sit,
2562 5189 2625 5242 ut
2665 5197 2718 5238 v.
2754 5195 2809 5254 3.
2842 5179 3083 5236 ieiunare
3120 5177 3173 5256 in
3203 5191 3338 5249 pane
3364 5183 3423 5234 et
3450 5191 3615 5249 aqua,
3654 5182 3712 5234 et
3738 5174 3887 5248 quod
3914 5189 4007 5230 su-
