4325 6267
832 273 957 338 256

751 429 906 492 gare.
936 415 1089 476 Unde
1126 415 1467 474 convertitur
1495 423 1904 490 argumentum,
1935 417 2063 490 quia
2093 414 2346 489 obligatio

752 507 884 581 legis
928 507 1198 564 humanae
1235 505 1514 564 radiemur
1557 508 1611 563 in
1651 506 1744 565 illo
1785 509 2052 582 principio
2080 506 2338 579 naturali,

752 597 1112 654 obediendum
1142 611 1264 654 esse
1291 596 1686 670 superioribus,
1719 597 1932 666 sed,hie
1965 597 2215 671 superior
2237 612 2347 653 non

751 687 869 744 vult
901 686 1140 760 obligare
1168 684 1236 743 ad
1263 687 1524 761 mortale3
1555 702 1687 760 ergo
1715 689 1924 746 aecius
1947 687 2193 746 naturale
2212 685 2347 744 obli·

751 782 848 849 gat
877 775 943 833 ad
973 776 1229 848 mortale,
1260 778 1388 850 quia
1414 779 1467 833 in
1497 779 1765 851 praesenti
1794 795 1904 835 non
1931 785 2214 852 operatur,
2244 778 2347 834 nisi

750 865 1018 924 mediante
1055 867 1335 925 voluntate
1355 869 1653 940 superioris
1671 909 1688 940 ,
1712 875 1769 926 et
1789 871 1947 942 quasi
1967 868 2147 926 dando
2177 867 2247 925 illi
2269 867 2347 924 ei-

749 957 1026 1030 nesciam,
1075 972 1186 1014 non
1225 957 1319 1015 dat
1357 964 1540 1015 autem
1581 958 1886 1016 efficaciam
1923 966 2120 1017 contra
2147 959 2342 1030 ipsam,

751 1046 848 1104 sed
875 1052 940 1103 ut
971 1047 1082 1119 ipsa
1113 1047 1405 1123 impleatur
1431 1049 1482 1104 in
1512 1049 1629 1122 his,
1660 1065 1802 1122 quae
1831 1048 1971 1106 vult.

825 1136 908 1194 Ad
937 1137 1242 1194 secundum
1263 1144 1496 1211 negatur
1515 1140 1933 1212 consequentia,
1961 1145 2045 1195 est
2062 1137 2207 1197 enim
2229 1136 2349 1194 lon-

753 1243 820 1301 ge
851 1226 1067 1285 diversa
1108 1229 1245 1286 ratio
1286 1228 1424 1285 inter
1464 1228 1802 1287 voluntatem
1839 1227 2202 1302 praecipiendi
2230 1244 2347 1285 rem

750 1315 924 1374 levem
971 1317 1078 1374 sub
1127 1317 1370 1388 mortali,
1413 1319 1498 1375 vel
1539 1333 1760 1393 gravem
1809 1319 1912 1376 sub
1955 1319 2169 1377 veniali.
2212 1319 2349 1387 Quia

751 1410 906 1482 prior
937 1408 1190 1468 voluntas
1217 1415 1302 1466 est
1327 1408 1396 1466 ad
1433 1409 1808 1481 imponendam
1847 1409 2260 1484 obligationem,
2292 1417 2349 1465 et

752 1499 878 1556 ideo
928 1515 1056 1556 cum
1085 1499 1338 1573 obligatio
1368 1502 1436 1557 sit
1467 1501 1668 1557 iniusta
1687 1545 1700 1570 ,
1731 1507 1790 1558 et
1814 1499 2080 1558 excedens
2110 1505 2347 1573 potesta-

749 1592 863 1646 tem
888 1589 1178 1646 humanam
1203 1605 1311 1646 non
1332 1589 1491 1646 habet
1511 1589 1842 1647 efficaciam:
1869 1591 2137 1663 posterior
2163 1598 2347 1647 autem

750 1679 1003 1737 voluntas
1053 1680 1120 1738 ad
1159 1678 1541 1753 minuendam,
1583 1680 1668 1737 vel
1709 1683 1888 1754 potius
1929 1696 2038 1737 non
2067 1679 2346 1753 imponen-

748 1770 876 1828 dam
907 1770 1074 1829 talem
1099 1770 1516 1845 obligationem,
1547 1771 1752 1829 scilicet
1773 1772 1874 1829 sub
1900 1771 2112 1827 mortali
2143 1768 2346 1845 (quoad

749 1861 892 1919 hanc
919 1862 1064 1919 enim
1084 1868 1293 1934 partem
1315 1877 1462 1920 nunc
1487 1860 1632 1918 illam
1653 1859 2120 1934 consideramus),
2143 1861 2213 1918 ad
2240 1860 2345 1917 hoc

748 1960 933 2011 autem
965 1969 1075 2010 non
1101 1958 1184 2009 est
1210 1969 1470 2028 necesse,
1503 1952 1799 2027 utaliquid
1825 1952 2050 2022 efficiat,
2083 1951 2182 2009 sed
2209 1951 2345 2008 satis

747 2048 867 2116 est,
898 2049 1093 2101 utnon
1124 2043 1355 2117 efficiat3
1387 2058 1496 2100 non
1523 2042 1694 2100 efficit
1721 2048 1904 2100 autem
1929 2057 1997 2099 eo
2025 2043 2140 2114 ipso
2159 2083 2175 2115 ,
2199 2039 2345 2115 quod

746 2149 857 2190 non
885 2135 1024 2208 vult,
1061 2134 1203 2192 unde
1233 2136 1276 2191 si
1304 2151 1408 2191 non
1437 2135 1558 2192 vult
1585 2133 1823 2207 obligare
1851 2133 1919 2192 ad
1947 2133 2201 2206 mortale,
2231 2133 2345 2206 pla-

746 2240 815 2282 ne
844 2241 954 2282 non
1001 2225 1221 2299 obligat.
1272 2226 1460 2298 Neque
1501 2224 1693 2296 refert,
1738 2222 1886 2298 quod
1928 2223 2048 2280 talis
2088 2223 2345 2280 voluntas

747 2313 916 2372 stulta
959 2316 1030 2372 sit
1065 2315 1208 2382 (hoc
1237 2318 1379 2373 enim
1407 2316 1668 2388 permisso
1690 2355 1706 2388 ,
1737 2321 1792 2372 et
1817 2330 1924 2372 non
1954 2330 2253 2386 concesso,
2284 2320 2349 2372 ut

748 2404 886 2462 inl'ra
909 2404 1142 2478 dicam),
1165 2423 1271 2463 non
1295 2413 1381 2463 est
1405 2406 1598 2464 eodem
1625 2407 1788 2464 modo
1817 2407 2006 2478 stulta,
2029 2422 2142 2480 quo
2171 2406 2342 2479 prior3

745 2510 875 2553 nam
908 2497 1060 2568 prior
1085 2502 1171 2553 est
1201 2495 1368 2554 stulta
1394 2504 1449 2553 et
1475 2498 1708 2569 iniusta,
1732 2497 2000 2569 posterior
2027 2503 2213 2554 autem
2236 2511 2345 2552 non

747 2593 835 2643 est
873 2587 1108 2660 iniusta,
1149 2597 1268 2644 esto
1311 2589 1384 2644 sit
1423 2586 1773 2660 imprudens,
1807 2589 1954 2660 prior
1995 2587 2135 2644 enim
2163 2586 2345 2645 estad

669 2683 675 2688 '
746 2676 1134 2750 imponendum
1175 2693 1467 2752 gravamen
1509 2677 1652 2735 ultra
1688 2684 2041 2752 potestatem,
2071 2678 2345 2750 posterior

747 2766 930 2825 solum
972 2766 1040 2824 ad
1080 2782 1188 2823 non
1218 2767 1603 2839 imponendum
1633 2773 1810 2826 totum
1839 2784 2167 2842 gravamen,
2196 2766 2377 2841 quod·

748 2863 973 2928 posset,
1011 2856 1062 2912 in
1103 2872 1215 2931 quo
1246 2874 1352 2915 non
1381 2857 1510 2915 facit
1539 2860 1792 2930 superior
1821 2861 2071 2916 iniuriam
2101 2857 2341 2930 subdito,

637 2960 644 2966 ·
746 2954 867 3004 esto
913 2947 1046 3004 alias
1086 2947 1226 3005 male
1255 2948 1543 3022 gubernet.
1573 2948 1726 3007 Unde
1755 2948 1840 3007 hic
1871 2951 2033 3007 etiam
2060 2955 2347 3021 retorque-⁵

746 3043 844 3095 tur
883 3044 1306 3112 argumentum,
1351 3054 1478 3096 narn
1519 3044 1582 3096 ut
1614 3039 1866 3097 voluntas
1894 3056 2001 3098 non
2029 3039 2344 3112 imponendi

750 3145 891 3186 onus
920 3129 987 3186 de
1015 3131 1160 3187 l'acto
1191 3129 1321 3188 illud
1359 3146 1466 3186 non
1493 3129 1766 3204 imponat,
1797 3132 1926 3188 satis
1952 3137 2069 3199 est,
2101 3130 2249 3204 quod
2277 3130 2347 3188 de

746 3218 892 3276 sacto
925 3219 1216 3292 habeatur,
1238 3227 1435 3294 estque
1463 3221 1820 3292 impertinens
1836 3263 1850 3290 ,
1875 3221 2023 3295 quod
2046 3220 2347 3294 prudenter

731 3315 847 3366 ‘aut
873 3309 1046 3366 stulte
1075 3309 1358 3367 habeatur.
1383 3311 1456 3368 Ut
1484 3311 1528 3367 si
1553 3327 1648 3367 rex
1669 3312 1805 3368 ierat
1830 3311 2004 3385 legem
2029 3312 2144 3367 sine
2174 3327 2345 3368 causa

747 3399 892 3457 iusta
915 3442 930 3473 ‚
971 3399 1110 3456 nihil'
1140 3400 1300 3471 facit3
1333 3402 1378 3456 si
1405 3416 1534 3458 vero
1562 3400 1775 3459 auferat
1802 3402 1975 3475 legem
2003 3403 2203 3458 iustam
2232 3401 2345 3457 sine

747 3503 918 3547 causa
958 3491 1134 3561 iusta,
1179 3489 1390 3548 sactum
1429 3496 1599 3563 tenet,
1644 3492 1776 3548 licet
1814 3491 2182 3562 malefaciat,
2212 3491 2341 3564 quia

746 3578 871 3653 plus
900 3577 966 3636 ad
994 3579 1350 3664 ponendum,
1380 3596 1547 3654 quam
1573 3580 1643 3638 ad
1671 3597 1776 3638 non
1805 3580 2191 3653 imponendum
2211 3622 2227 3655 ,
2260 3581 2343 3638 vel

746 3685 859 3726 non
886 3667 1326 3730 conservandum
1348 3686 1490 3728 onus
1511 3670 1826 3746 requiritur.
1851 3672 1940 3729 Sic
1961 3687 2090 3745 ergo
2111 3671 2167 3728 in
2188 3687 2346 3744 prae-

749 3759 909 3817 senti.

825 3849 906 3907 Ad
935 3851 1164 3908 tertium
1189 3849 1256 3908 de
1285 3850 1584 3909 differentia
1609 3850 1830 3909 venialis
1856 3858 1913 3911 et
1939 3852 2184 3911 mortalis
2205 3867 2336 3926 pec-

751 3939 883 4002 cati,
912 3938 1043 3997 dato
1071 3939 1424 3998 antecedente
1454 3941 1508 3997 in
1536 3941 1677 3999 bono
1707 3959 1872 4000 sensu
1891 3985 1906 4014 ,
1947 3948 2183 4016 negatur
2212 3957 2345 3999 eon-

751 4031 1058 4103 sequentia.
1089 4032 1226 4088 Nam
1255 4033 1309 4088 in
1339 4029 1445 4105 his,
1478 4047 1617 4105 quae
1646 4049 1754 4088 non
1784 4038 1916 4089 sunt
1941 4048 2039 4106 per
2081 4048 2139 4089 se
2177 4031 2343 4106 mala,

749 4121 847 4178 sed
885 4127 1101 4179 tantum
1129 4123 1258 4195 quia
1285 4121 1588 4197 prohibita,
1619 4121 1748 4180 licet
1773 4123 1910 4179 ratio
1945 4123 2158 4197 peccati
2198 4135 2345 4178 mor-

749 4211 872 4267 talis
898 4217 998 4268 aut
1017 4211 1238 4268 venialis
1261 4227 1368 4268 non
1393 4213 1624 4285 pendeat
1644 4211 1949 4270 immediate
1971 4228 2036 4270 ex
2060 4212 2344 4270 voluntate

751 4301 1005 4376 hominis,
1039 4303 1349 4360 necessario
1377 4303 1615 4377 pendent
1639 4310 1875 4376 remote,
1917 4305 1972 4360 in
2001 4310 2273 4377 quantum
2312 4317 2344 4359 a

749 4393 1033 4450 voluntate
1079 4392 1310 4450 hominis
1349 4393 1553 4467 pendet
1589 4391 1822 4467 ponere,
1867 4392 1953 4450 vel
1991 4408 2100 4450 non
2139 4407 2342 4465 ponere

749 4489 1108 4556 praeceptum
1137 4482 1452 4558 prohibens,
1481 4492 1536 4541 et
1562 4499 1764 4559 ponere
1793 4482 1901 4542 tale
1927 4483 2010 4539 vel
2039 4481 2144 4539 tale
2178 4497 2343 4554 prae·

737 4559 994 4645 ceptum.
1022 4575 1140 4631 Non
1184 4579 1268 4631 est
1293 4589 1426 4648 ergo
1450 4574 1599 4645 satis,
1623 4573 1772 4648 quod
1792 4575 2020 4646 materia
2049 4574 2118 4630 sit
2137 4573 2340 4647 gravis,

751 4663 969 4737 quando
991 4671 1104 4722 tota
1127 4664 1216 4722 illa
1236 4664 1302 4721 de
1333 4682 1416 4737 se,
1445 4671 1502 4722 et
1525 4681 1632 4721 non
1662 4664 1951 4737 prohibita,
1975 4669 2120 4720 esset
2141 4662 2343 4720 indiffe-

751 4771 906 4812 rens:
940 4761 1155 4829 oportet
1183 4771 1338 4829 ergo,
1361 4763 1426 4813 ut
1447 4753 1798 4828 prohibeatur
1827 4754 2145 4827 simpliciter
2173 4759 2228 4810 et
2249 4753 2341 4810 ad-

751 4851 983 4918 aequate
1009 4889 1022 4916 ,
1066 4853 1130 4903 ut
1167 4845 1242 4902 sic
1285 4845 1464 4902 dicam
1485 4889 1498 4916 ,
1531 4843 1838 4903 secundum
1869 4850 2041 4901 totam
2071 4844 2342 4916 capacita-

754 4942 862 4993 tem
892 4950 1072 5008 suam3
1104 4941 1161 4993 et
1186 4937 1360 5007 posita
1389 4935 1482 4994 tali
1511 4935 1894 5008 prohibitione,
1927 4935 2032 4992 iam
2057 4951 2169 4992 non
2208 4951 2339 5007 pen-

751 5024 898 5083 debit
922 5041 989 5084 ex
1014 5025 1295 5083 voluntate
1323 5025 1572 5099 hominis,
1602 5024 1751 5100 quod
1780 5032 2074 5098 peccatum
2096 5027 2169 5082 sit
2190 5040 2338 5082 mor-

753 5114 880 5191 tale,
910 5114 996 5173 vel
1025 5117 1252 5189 veniale,
1283 5114 1374 5174 sed
1405 5132 1469 5173 ex
1498 5122 1696 5173 natura
1725 5115 1922 5174 obiecti
1961 5117 2037 5173 sic
2077 5117 2340 5190 propositi

2204 289 2408 341 unna
2432 290 2540 339 111.
2601 271 2614 285 '

2416 413 2635 490 quando
2661 413 2887 474 materia
2912 423 2999 474 est
3024 430 3199 487 capax
3240 413 3583 489 obligationis
3623 414 3728 472 sub
3768 413 4009 488 mortali,

2414 511 2471 562 et
2498 505 2773 579 legislator
2812 522 2919 563 non
2958 505 3155 564 limitat
3196 504 3420 562 modum
3454 504 3867 580 praecipiendi,
3913 505 4015 562 sed

2417 598 2730 670 simpliciter
2759 597 2878 654 vult
2903 597 3237 670 praecipere.
3272 599 3498 653 atvero
3541 597 3592 653 in
3634 603 3824 655 nostro
3866 611 4015 653 casu

2416 704 2522 744 non
2552 688 2879 762 supponitur
2907 686 3195 760 prohibitio
3232 685 3541 758 sufficiens,
3574 692 3637 743 ut
3667 686 3890 743 materia
3918 685 4015 742 illa

2416 779 2489 833 sit
2517 777 2679 850 mala,
2712 779 2838 851 quia
2864 777 3165 850 prohibita,
3198 777 3253 832 in
3280 775 3459 849 gradu
3498 778 3711 847 peccati
3740 775 4013 848 mortalis,

2414 868 2543 940 quia
2572 882 2679 924 non
2702 868 2779 924 sic
2801 867 3141 939 prohibetur3
3160 881 3292 940 ergo
3314 881 3381 924 ex
3403 865 3687 943 hypothesi
3710 865 3829 923 talis
3852 881 4017 938 prae-

2414 957 2559 1031 cepti
2590 957 2916 1029 impossibile
2938 963 3043 1030 est,
3070 964 3254 1015 actum
3276 957 3353 1014 illi
3373 958 3715 1014 contrarium
3738 972 3857 1014 esse
3880 973 4018 1028 pec-

2413 1052 2600 1104 catum
2629 1048 2879 1106 mortale.
2910 1049 3047 1105 Nam
3077 1046 3161 1104 vel
3187 1053 3272 1104 est
3296 1047 3403 1104 tale
3430 1062 3529 1118 per
3556 1063 3644 1119 se,
3662 1054 3719 1104 et
3746 1046 3851 1104 hoc
3874 1064 4013 1119 non,

2414 1144 2481 1194 ut
2512 1139 2863 1214 supponitur,
2894 1139 2977 1196 vel
3007 1144 3096 1196 est
3121 1138 3249 1211 tale,
3282 1138 3410 1212 quia
3435 1136 3788 1212 prohibitum,
3818 1144 3874 1196 et
3899 1138 4013 1195 hoc

2418 1229 2579 1287 etiam
2609 1245 2736 1301 non,
2768 1230 2897 1303 quia
2922 1246 3030 1286 non
3058 1235 3143 1287 est
3168 1230 3243 1286 ita
3270 1229 3583 1301 simpliciter
3609 1228 3962 1302 prohibitum.

2495 1320 2576 1376 Ad
2605 1325 2863 1393 quartum
2893 1319 3219 1392 respondeo,
3250 1318 3629 1393 obligationem
3659 1321 3816 1393 quasi
3839 1321 4017 1393 passi-

2417 1425 2560 1483 vam,
2586 1424 2724 1482 quae
2753 1410 2805 1466 in
2828 1410 3045 1466 subdito
3068 1410 3346 1467 moraliter
3369 1408 3771 1481 consideratur,
3794 1425 3906 1467 non
3926 1426 4019 1466 es-

2416 1517 2475 1557 se
2502 1501 2794 1556 essentiam
2823 1501 2979 1574 legis,
3008 1501 3104 1559 sed
3130 1500 3388 1558 effectum
3406 1543 3420 1571 ,
3450 1501 3700 1574 quamvis
3742 1502 3787 1557 si
3827 1502 4017 1557 consi-

2415 1589 2640 1647 deretur
2669 1596 2732 1647 ut
2757 1591 2984 1648 effeetus
3014 1607 3215 1648 causae
3246 1590 3555 1657 efficientis,
3597 1590 3695 1647 sed
3734 1590 4009 1662 formalis,

2415 1680 2591 1754 possit
2618 1695 2727 1737 non
2755 1681 3023 1738 immerito
3064 1681 3393 1739 intrinsecus
3419 1686 3474 1737 et
3500 1680 3804 1739 essentialis
3844 1697 4017 1758 repu-

2416 1772 2541 1828 tari.
2578 1770 2790 1828 Omissa
2822 1778 3005 1829 tamen
3031 1771 3393 1846 obbligatione
3433 1774 3680 1845 passiva3
3723 1771 3791 1829 de
3830 1773 4016 1829 activa.

2416 1858 2764 1935 obligatione,
2789 1876 2932 1934 quae
2960 1845 3152 1935 potius'
3169 1868 3256 1919 est
3280 1863 3438 1936 quasi
3460 1861 3707 1918 activitas
3728 1861 4017 1936 obligatio-

2416 1953 2496 2008 nis
2523 1953 2793 2024 passivae,
2822 1951 2970 2026 dico,
3002 1951 3140 2009 hauc
3170 1967 3289 2010 esse
3319 1953 3383 2010 de
3411 1953 3644 2010 essentia
3666 1953 3823 2026 legis,
3846 1959 3905 2010 et
3924 1954 4011 2009 in-

2416 2041 2771 2115 separabilem
2800 2042 2866 2099 ab
2896 2043 3007 2116 illa,-
3039 2043 3166 2116 quia
3193 2044 3278 2100 lex
3318 2043 3677 2100 essentialiter
3704 2048 3794 2114 est
3820 2044 4017 2101 vincu-

2414 2130 2529 2188 lum
2557 2131 2901 2206 obligationis
2926 2131 3291 2191 inductivum.
3322 2135 3509 2207 Neque
3538 2141 3735 2191 contra
3761 2133 3869 2192 boc
3916 2133 4019 2192 ob-

2415 2228 2544 2296 stat,
2575 2222 2724 2297 quod
2754 2224 2836 2281 lex
2866 2224 2935 2280 sit
2962 2225 3112 2295 prior
3142 2224 3461 2297 obligatione
3489 2226 3735 2300 passiva,
3778 2231 3835 2282 et
3860 2224 4018 2299 quod

2416 2313 2684 2370 consistat
2711 2313 2761 2370 in
2790 2314 3128 2372 intimatione
3156 2314 3451 2390 voluntatis
3477 2315 3835 2388 legislatoris;
3878 2331 4016 2372 nam

2413 2401 2593 2474 potius
2622 2402 2745 2459 hinc
2776 2404 3219 2476 sequitur,talem
3248 2421 3367 2462 esse
3392 2405 3888 2480 legem,qualisest
3911 2423 4015 2464 vo-

2414 2491 2599 2550 luntas
2622 2537 2637 2566 ,
2678 2509 2819 2568 quae
2859 2508 2955 2566 per
2993 2493 3085 2550 illa
3118 2495 3423 2567 intimatur,
3462 2497 3595 2570 quia
3631 2495 3721 2553 illa
3755 2497 4015 2554 voluntas

2414 2589 2500 2639 est
2526 2584 2683 2656 quasi
2711 2586 2887 2640 anima
2911 2586 3063 2658 eius,
3094 2581 3151 2642 et
3178 2586 3243 2642 ab
3280 2586 3368 2643 {lla
3397 2588 3555 2660 quasi
3592 2586 3885 2644 formaliter
3913 2587 4018 2646 ha-

2412 2672 2504 2729 bet
2540 2675 2645 2730 vim
2681 2673 2980 2747 obligandi3
3022 2674 3117 2732 sed
3159 2676 3211 2732 in
3248 2683 3439 2733 nostro
3480 2693 3613 2734 casu
3657 2677 3747 2734 illa
3788 2678 3872 2735 lex
3899 2695 4017 2736 non

2415 2762 2624 2821 intimat
2652 2764 2989 2823 voluntatem
3028 2765 3303 2841 obligandi
3332 2767 3436 2825 sub
3466 2769 3709 2840 mortali,
3742 2783 3874 2844 ergo
3904 2785 4013 2827 nec

2414 2853 2531 2926 ipsa
2566 2861 2747 2925 potest
2782 2855 2885 2912 sub
2922 2856 3137 2913 mortali
3174 2856 3439 2929 obligare:
3481 2874 3607 2915 nam
3648 2861 3917 2916 intimatio
3949 2867 4019 2917 ut

2414 2942 2525 3010 sic,
2555 2949 2767 3001 tantum
2795 2946 2955 3002 estin
2986 2962 3187 3020 genere
3228 2949 3397 3020 signi,
3440 2947 3587 3022 quod
3628 2949 3809 3007 solum
3848 2951 4021 3008 habet

2412 3033 2719 3091 efficaciam
2745 3037 2956 3094 ratione
2992 3037 3207 3109 signati.
3240 3038 3393 3096 Unde
3434 3037 3503 3094 ad
3544 3041 3773 3111 primam
3813 3056 4019 3098 conse-

2412 3125 2711 3198 quentiam,
2740 3126 2887 3199 quod
2915 3127 3091 3199 posita
3118 3128 3239 3202 lege
3266 3143 3333 3186 ex
3360 3144 3425 3186 ea
3450 3131 3776 3188 naturaliter
3814 3133 4015 3187 nasci-

2412 3221 2505 3271 tur
2532 3214 2784 3288 obligatio
2813 3219 3227 3288 proportionata
3255 3219 3544 3292 materiae,
3578 3218 3883 3293 respondeo
3924 3221 4015 3276 di-

2412 3305 3129 3380 stinguendoconsequens:
3159 3323 3284 3365 nam
3325 3310 3499 3381 posita
3539 3309 3657 3382 lege
3696 3309 4015 3385 adaequata

2412 3397 2684 3468 materiae,
2718 3411 2910 3454 verum
2934 3402 3047 3466 est3
3081 3401 3136 3455 in
3163 3406 3351 3456 nostro
3380 3407 3562 3457 autem
3590 3416 3728 3458 casu
3756 3417 3866 3458 non
3912 3417 4015 3475 po-

2413 3487 2560 3542 nitur
2588 3485 2671 3543 lex
2700 3486 3004 3561 adaequata
3032 3488 3317 3560 materiae,
3350 3496 3413 3547 ut
3439 3490 3816 3563 supponimus.
3848 3491 4009 3550 Unde

2411 3576 2590 3648 posita
2617 3576 2931 3635 huiusmodi
2960 3577 3079 3652 lege
3115 3577 3475 3655 inadaequata
3505 3583 3780 3650 materiae,
3811 3581 4014 3641 salsum

2410 3673 2495 3724 est
2517 3666 2650 3725 illud
2679 3670 3402 3745 consequens.Quapropter
3432 3672 3475 3728 si
3497 3689 3844 3748 consequens
3872 3674 4011 3733 illud
4077 3694 4091 3709 ²

2413 3759 2665 3816 universe
2680 3760 3008 3833 intelligatur
3024 3759 3093 3818 de
3108 3777 3457 3836 quacumque
3474 3763 3613 3837 lege,
3628 3771 3862 3839 negatur
3874 3781 4012 3823 con-

2412 3850 2716 3924 sequentia,
2747 3852 2874 3923 quia
2902 3850 2984 3908 vel
3012 3851 3240 3907 involvit
3268 3855 3681 3927 repugnantiam
3704 3896 3720 3929 ,
3750 3855 3837 3912 vel
3866 3865 4003 3930 sup-

2414 3941 2569 4011 ponit
2594 3939 2956 4013 probandurn,
2984 3933 3243 3998 nimirum
3271 3944 3422 4016 quod
3448 3943 3533 4001 lex
3576 3947 3893 4004 necessario
3934 3946 4011 4004 sit

2413 4029 2736 4102 adaequata,
2767 4031 2929 4087 etiam
2956 4038 3151 4088 contra
3190 4032 3526 4091 voluntatem
3564 4035 3789 4093 ferentis
3830 4036 4003 4094 illam.

2411 4120 2528 4176 Hoc
2555 4119 2695 4176 enim
2724 4119 2987 4178 hactenus
3026 4122 3317 4193 probatum
3344 4139 3453 4180 non
3480 4131 3602 4199 est,
3631 4141 3811 4200 neque
3839 4129 4011 4184 etiam

2410 4217 2499 4268 est
2523 4218 2827 4283 ostensum,
2858 4212 3005 4286 quod
3045 4212 3193 4270 circa
3232 4213 3477 4272 eamdem
3504 4217 3792 4273 materiam
3817 4259 3832 4286 ,
3875 4233 4011 4275 cum

2412 4299 2615 4358 eisdem
2642 4303 3095 4376 circumstantiis,
3125 4318 3233 4359 non
3259 4305 3471 4376 possint
3495 4320 3616 4363 esse
3645 4306 3897 4364 diversae
3928 4307 4007 4364 le-

2410 4406 2507 4466 ges
2534 4393 2705 4466 magis
2746 4391 2830 4448 vel
2872 4394 3050 4449 minus
3077 4392 3429 4464 prohibentes
3458 4395 3610 4452 iuxta
3648 4396 4007 4454 intentionem

2410 4479 2806 4553 praecipientis.
2838 4482 2907 4538 Et
2934 4482 3181 4554 quamvis
3222 4482 3271 4540 id
3312 4485 3480 4557 gratis
3522 4485 3780 4563 daretur,
3828 4487 4011 4545 adhuc

2410 4585 2518 4629 non
2548 4572 2878 4644 probaretur
2904 4572 3029 4630 inde
3058 4575 3113 4629 in
3142 4589 3206 4630 eo
3234 4590 3370 4631 casu
3396 4576 3525 4632 ferri
3556 4576 3730 4651 legem
3759 4578 4015 4652 obligan-

2410 4671 2522 4721 tem
2551 4665 2655 4722 sub
2681 4664 2916 4733 mortali,
2948 4661 3042 4722 se'd
3072 4665 3251 4737 potius
3264 4666 3477 4723 nullam
3499 4666 3674 4742 legem
3700 4667 3850 4742 ferri,
3879 4671 4015 4744 quia

2410 4754 2689 4830 legislator
2735 4771 2836 4814 nec
2876 4755 2998 4814 vult
3025 4755 3185 4832 serre,
3216 4772 3383 4830 quam
3422 4763 3627 4835 potest,
3660 4775 3764 4817 nec
3793 4767 4005 4837 potest,

2411 4861 2579 4922 quam
2606 4845 2747 4903 vult.

2491 4939 2543 4993 5.
2575 4936 2727 4994 Unde
2749 4935 2817 4993 ad
2844 4936 3103 4995 maiorem
3124 4939 3203 4996 rei
3224 4939 3637 5012 explicationem
3656 4939 3781 4998 dico
3810 4958 4015 5001 secun-

2410 5027 2500 5086 do.
2534 5026 2791 5095 Quamvis
2818 5030 2870 5085 in
2900 5043 2965 5086 eo
3004 5044 3140 5086 casu
3181 5029 3267 5087 lex
3302 5047 3413 5087 non
3456 5033 3625 5105 possit
3660 5032 3903 5108 obligare
3939 5035 4017 5093 ad

2410 5119 2661 5192 mortale,
2692 5125 2758 5176 ut
2784 5125 3063 5177 ostensum
3092 5127 3197 5194 est3
3227 5120 3583 5180 nihilominus
3609 5138 3719 5180 non
3758 5132 3846 5182 est
3886 5141 4011 5182 om-

752 5206 807 5266 id
834 5209 1102 5283 sequitur:
1125 5209 1280 5266 etita
1306 5207 1358 5267 in
1385 5207 1760 5283 superioribus
1785 5207 2014 5268 diximus
2055 5208 2327 5284 occidere,
2406 5213 2539 5270 nino
2566 5210 2745 5286 nulla,
2777 5216 3067 5286 potestque
3095 5211 3333 5288 obligare
3362 5212 3431 5271 ad
3467 5213 3673 5273 veniale
3714 5215 3873 5275 iuxta
3914 5233 4015 5275 vo·
