4325 6267
1753 333 1962 383 capua·
1993 334 2057 379 v.
3375 312 3455 375 17

286 470 364 527 de
401 468 699 543 Rettqwne
726 468 861 525 libro
897 468 914 525 l
942 505 956 535 ,
987 464 1162 535 capite
1191 468 1222 520 3
1243 504 1257 533 ,
1286 467 1342 520 et
1370 464 1532 519 tract.
1566 461 1622 532 6,
1652 456 1789 515 libro
1827 462 1872 522 t,

284 562 470 631 capite
507 563 592 617 12.
819 608 830 623 ,
987 592 994 599 ·

363 651 478 705 Hac
499 664 630 706 vero
650 646 902 705 doctrina
920 642 1202 716 supposita
1222 642 1375 699 circa
1388 640 1674 712 imperium
1691 636 1878 694 unius-

281 740 564 812 cuiusque
591 737 658 796 ad
687 737 948 807 seipsum,
971 733 1038 791 de
1067 734 1293 805 imperio
1325 732 1486 786 unius
1507 729 1578 786 ad
1597 726 1764 784 alium
1787 740 1880 781 ne·-

283 829 530 885 cessario
555 825 846 884 dicendum
865 828 968 893 est,
995 828 1116 895 post
1137 828 1326 877 actum
1351 818 1642 875 voluntatis
1665 814 1880 888 legisla-

285 917 458 985 toris,
490 931 654 989 quem
682 929 852 986 supra
879 911 1187 981 declaravi,
1217 910 1398 965 solum
1429 906 1663 980 requiri,
1694 919 1759 961 ac
1785 920 1880 961 ne-

282 1005 594 1063 cessarium
617 1019 760 1072 esse,
793 1010 856 1060 ut
880 1000 1158 1073 legislator
1176 998 1310 1055 illud
1331 1012 1496 1053 suum
1518 995 1616 1052 dec
1625 1000 1803 1050 retum
1823 998 1881 1051 et

282 1095 552 1153 iudicium
579 1093 848 1161 insinuet,
881 1088 1212 1159 manifestet,
1244 1102 1342 1143 seu
1371 1085 1586 1143 intimet
1621 1082 1876 1151 subditis,

284 1185 356 1241 ad
387 1202 526 1259 quos
556 1184 638 1241 lex
658 1184 774 1255 ipsa
797 1181 1057 1237 refertur:
1078 1180 1198 1235 Hoc
1217 1176 1358 1233 enim
1380 1172 1753 1231 necessarium
1773 1177 1878 1241 est,

287 1278 422 1347 quia
449 1274 580 1330 alias
599 1289 706 1329 non
729 1281 917 1343 posset
937 1267 1192 1325 voluntas
1213 1264 1472 1337 principis
1493 1262 1732 1333 obligare
1752 1259 1882 1316 sub-

287 1364 498 1435 ditum,
530 1363 660 1437 quia
682 1377 793 1419 non
817 1362 1192 1417 innotesceret
1215 1354 1324 1427 illi,
1355 1360 1419 1409 ut
1442 1352 1692 1410 dicemus
1717 1349 1882 1406 latius

289 1461 516 1527 agentes
537 1453 606 1510 de
626 1449 1082 1526 promulgatione.
1108 1443 1264 1512 Quod
1287 1449 1470 1499 autem
1492 1442 1598 1498 hoc
1622 1438 1885 1510 sufficiat,

287 1548 464 1614 patet,
489 1541 622 1615 quia
649 1539 904 1598 voluntas
934 1535 1196 1609 principis
1221 1540 1308 1589 est
1333 1548 1402 1589 ex
1429 1546 1486 1587 se
1513 1530 1734 1599 efficax3
1757 1544 1882 1584 nam

286 1638 378 1689 est
410 1648 480 1689 ex
515 1629 808 1699 sufficienti
835 1632 1104 1700 potestate
1141 1630 1198 1681 et
1223 1638 1354 1679 cum
1382 1620 1632 1679 absoluto
1660 1620 1884 1676 decreto

285 1720 580 1794 obligandi,
596 1725 660 1777 ut
677 1718 1029 1790 supponitur,
1057 1729 1194 1787 ergo
1217 1712 1262 1767 si
1285 1710 1372 1767 illa
1394 1709 1731 1767 sufficienter
1754 1700 1884 1779 'pro-

287 1819 530 1883 ponatur
555 1808 812 1881 subdito,
844 1812 1103 1879 operatur
1140 1801 1289 1876 quod
1325 1796 1474 1873 vu'lt;
1511 1799 1721 1858 inducit
1749 1814 1884 1872 ergo

285 1900 698 1973 obligationem,
729 1912 863 1971 ergo
903 1900 1286 1967 consummata
1319 1897 1406 1947 est
1433 1890 1552 1961 lex,
1586 1905 1719 1962 ergo
1755 1887 1884 1943 nihil

285 1988 438 2045 aliud
463 1986 834 2044 necessarium
861 1990 966 2042 est.
998 1981 1159 2051 Quod
1185 1980 1484 2038 evidentius
1517 1977 1792 2035 constabit
1817 1993 1884 2035 ex

286 2079 536 2137 dicendis
565 2078 741 2150 capite
770 2077 1040 2149 sequenti.

365 2171 436 2224 De
463 2166 552 2223 illa
579 2181 710 2223 vero
737 2164 1029 2221 intentione
1059 2166 1297 2231 constat,
1329 2159 1634 2215 consistere
1657 2157 1710 2212 in
1731 2157 1883 2213 locu-

288 2257 440 2314 tione
465 2253 726 2329 quadam,
755 2253 860 2309 suh
886 2251 1162 2309 locutione
1189 2261 1598 2322 quamcumque
1618 2246 1884 2318 significa-

285 2346 490 2403 tionem
527 2360 624 2401 seu
659 2341 1150 2408 manifestationem
1187 2337 1380 2395 interni
1417 2344 1578 2394 aetus
1615 2335 1771 2393 alteri
1807 2334 1886 2391 fa-

285 2444 450 2493 ctam
470 2430 1002 2505 comprehendendo.
1031 2432 1176 2487 Haec
1205 2434 1388 2485 autem
1418 2427 1645 2487 locutio.
1671 2426 1886 2481 sirecte

281 2525 702 2595 consideretur,
745 2521 1062 2595 praesertim
1101 2520 1155 2575 in
1195 2517 1384 2575 ordine
1421 2514 1494 2572 ad
1531 2522 1879 2584 creaturam,

279 2616 566 2687 perficitur
602 2629 697 2685 per
733 2620 920 2669 actum
949 2613 1354 2677 transeuntem,
1385 2605 1480 2678 qui
1505 2606 1688 2679 aliquo
1719 2603 1882 2660 modo

283 2703 510 2762 tandem
546 2702 809 2775 recipitur
845 2701 902 2755 in
927 2716 1028 2771 eo,
1059 2699 1152 2755 cui
1187 2699 1248 2753 tit
1274 2694 1496 2753 locutio.
1527 2695 1600 2752 Ut
1625 2694 1762 2749 inter
1789 2692 1884 2748 ho-

282 2796 464 2850 mines
497 2791 716 2848 evidens
751 2797 871 2862 est,
913 2796 971 2847 et
997 2788 1140 2845 idem
1167 2802 1270 2843 suo
1300 2784 1462 2841 niodo
1488 2784 1736 2840 existimo
1762 2797 1882 2838 esse

279 2887 429 2942 inter
456 2881 706 2955 angelos,
739 2895 864 2936 nam
878 2879 939 2935 ‘si
965 2879 1034 2949 is,
1057 2876 1152 2949 qui
1185 2873 1448 2948 loquitur,
1473 2888 1582 2929 non
1614 2872 1886 2943 imprimat

279 2970 492 3044 aliquid
530 2970 612 3041 ei,
653 2968 722 3025 ad
761 2983 926 3043 quem
962 2964 1239 3039 loquitur,
1281 2977 1390 3019 non
1425 2959 1789 3018 manifestabit
1812 2959 1884 3016 illi

281 3066 624 3133 conceptum
651 3074 842 3115 suum.
873 3057 941 3114 Et
963 3054 1106 3113 idem
1124 3060 1212 3111 est
1229 3053 1298 3110 de
1316 3057 1428 3111 Deo
1451 3058 1708 3125 respectu
1731 3066 1882 3107 crea-

279 3158 575 3220 turarum,
611 3164 714 3205 non
741 3147 886 3205 enim
913 3146 1182 3203 intimavit
1208 3146 1352 3201 Deus
1377 3141 1584 3200 Adamo
1606 3156 1764 3197 suam
1786 3155 1884 3195 vo-

277 3240 558 3296 luntatem
585 3237 652 3294 de
678 3233 996 3295 abstinendo
1022 3233 1090 3290 ab
1115 3248 1220 3289 esu
1248 3231 1460 3289 arboris
1481 3232 1640 3302 vitae,
1663 3229 1767 3287 nisi
1787 3243 1883 3300 per

277 3326 668 3385 revelationem
694 3325 934 3399 aliquam
960 3322 1064 3394 ipsi
1088 3322 1295 3379 Adamo
1327 3321 1556 3389 factam3
1583 3328 1640 3376 et
1667 3320 1712 3375 si
1734 3322 1882 3375 Deus

279 3416 596 3474 manifestet
631 3416 788 3473 beato
827 3416 882 3471 in
915 3411 1114 3483 verbo,
1153 3410 1287 3484 quid
1326 3410 1456 3467 velit
1489 3410 1558 3466 ab
1597 3409 1716 3480 ipso
1743 3408 1879 3477 lieri,

275 3510 521 3579 ipsamet
547 3506 679 3561 visio
713 3502 884 3575 verbi,
915 3517 1058 3575 quae
1083 3506 1170 3557 est
1196 3500 1248 3556 in
1273 3499 1454 3567 beato,
1485 3497 1648 3555 habet
1671 3499 1780 3553 vim
1805 3496 1884 3553 lo-

281 3597 532 3652 cutionis
571 3603 630 3651 et
664 3592 1020 3651 intimationis
1057 3592 1152 3647 Dei
1188 3590 1337 3647 circa
1365 3590 1474 3646 tale
1501 3594 1878 3661 praeceptum.

281 3690 366 3743 De
403 3685 685 3742 locutione
713 3688 898 3739 autem
929 3688 1216 3737 creaturae
1241 3678 1310 3735 ad
1335 3680 1530 3749 Deu'm,
1561 3678 1664 3735 alia
1687 3684 1774 3734 est
1797 3693 1884 3734 ra·

281 3777 384 3841 tio,
411 3774 478 3833 de
498 3790 612 3848 qua
631 3772 740 3830 dixi
761 3772 814 3828 in
834 3772 998 3828 citato
1020 3770 1144 3827 loco
1164 3766 1236 3825 de
1260 3770 1432 3827 Orat.
1458 3766 1546 3824 hic
1570 3772 1754 3823 autem
1775 3781 1882 3823 non

279 3864 452 3921 babet
471 3863 680 3931 locum,
699 3862 826 3935 quia
848 3876 956 3918 non
981 3864 1164 3931 potest
1183 3842 1438 3915 creatura
1461 3858 1730 3929 imperare
1749 3858 1878 3913 Deo.

371 3958 427 4012 9.
458 3955 536 4011 Ex
563 3952 649 4008 his
675 3966 810 4024 ergo
838 3947 1136 4021 concludo,
1168 3953 1295 4019 post
1320 3946 1662 4019 praedictum
1689 3953 1880 4004 actum

281 4043 580 4103 voluntatis
623 4040 804 4099 solum
842 4038 1049 4112 requiri
1091 4040 1145 4093 in
1178 4036 1486 4110 legislatore
1513 4044 1700 4094 actum
1727 4036 1884 4094 intel-

281 4136 493 4203 lectus,
527 4132 621 4204 qui
657 4129 724 4187 ad
760 4128 1098 4202 loquendum
1127 4127 1346 4185 subdito
1373 4126 1442 4184 de
1472 4126 1562 4183 tali
1589 4141 1647 4183 re
1677 4127 1760 4181 vel
1788 4125 1882 4183 de-

279 4228 438 4279 creto
463 4220 812 4279 necessarius
841 4218 1021 4275 fuerit.
1051 4218 1125 4275 Et
1149 4222 1553 4291 consequenter
1580 4231 1702 4272 esse
1717 4222 1880 4288 pote-

281 4312 360 4367 rit
397 4309 746 4367 necessarius
785 4323 964 4365 novus
999 4314 1158 4364 actus
1193 4306 1490 4362 voluntatis
1517 4304 1784 4361 efficiendi
1812 4305 1883 4359 si·

279 4416 458 4474 gnum
499 4398 852 4455 manifestans
887 4396 1126 4468 priorem
1153 4395 1510 4452 voluntatem.
1541 4395 1616 4453 Ut
1647 4397 1702 4451 in
1727 4394 1885 4451 nobis

281 4489 586 4562 requiritur
628 4484 982 4560 apprehensio
1022 4483 1316 4541 verborum
1334 4523 1350 4548 ,
1394 4484 1594 4557 quihus
1643 4483 1882 4551 locuturi

279 4594 508 4649 sumus,
531 4584 590 4634 et
615 4576 869 4649 yoluntas
896 4571 1144 4631 movendi
1175 4573 1438 4646 linguam3
1460 4579 1516 4630 et
1535 4574 1633 4640 ita,
1658 4589 1886 4646 propor-

283 4671 432 4725 tione
461 4672 713 4737 servata,
745 4667 800 4721 in
829 4664 1074 4737 principe
1101 4663 1436 4737 requiritur,
1465 4670 1529 4720 ut
1556 4679 1652 4737 per
1679 4663 1883 4720 intelle-

281 4766 442 4816 ctum
481 4756 754 4829 concipiat
792 4753 1022 4813 modum
1063 4752 1342 4810 intimandi
1379 4750 1587 4828 legem,
1614 4758 1670 4808 et
1697 4760 1760 4809 ut
1785 4768 1882 4825 per

284 4849 633 4905 voluntatem
675 4846 804 4903 velit
841 4843 1038 4916 exequi
1085 4843 1474 4899 intimationem
1495 4884 1510 4913 ,
1558 4840 1708 4913 quod
1751 4856 1881 4898 cum

285 4939 644 5010 proportione
674 4940 854 5008 potest
879 4932 948 4989 ad
970 4936 1140 4991 Deum
1163 4932 1456 5004 applicari3
1478 4932 1556 4987 ita
1573 4932 1718 4988 enim
1740 4931 1880 4988 hanc

282 5026 682 5085 intimationem
717 5032 983 5097 operatur
1011 5024 1157 5079 sicut
1183 5022 1314 5079 alios
1339 5021 1570 5080 effectus
1596 5039 1749 5080 suos.
1783 5026 1882 5079 De·

284 5118 454 5191 nique
475 5120 600 5189 post
612 5114 828 5188 praedic
835 5120 952 5169 tum
967 5119 1157 5169 actum
1171 5112 1338 5171 volun
1345 5114 1468 5169 tatis
1485 5110 1706 5185 intelligi
1719 5112 1880 5169 etiam

285 5212 476 5281 potest
502 5205 554 5261 in
583 5202 890 5277 legislatore
915 5218 1094 5259 novus
1123 5208 1280 5261 actus
1309 5202 1644 5271 intellectus„
1663 5218 1774 5276 quo
1803 5203 1880 5261 vi-

458 5326 634 5371 sunt!
645 5356 656 5375 .
678 5324 736 5369 De
753 5325 928 5379 Leuibus
942 5346 993 5357 -
1007 5324 1110 5367 Pars
1128 5324 1162 5367 l.

1944 454 2039 512 det
2085 453 2232 511 illam
2272 452 2601 509 voluntatem
2644 469 2831 527 suam,
2876 460 2937 511 ut
2974 453 3024 509 in
3064 456 3171 511 Deo
3201 452 3546 525 intelligimus

1946 544 2229 600 scientiam
2275 542 2497 600 visionis
2539 534 2895 613 posteriorem
2950 541 3042 598 illa
3090 541 3384 598 voluntate.
3431 543 3549 611 Quo

1944 636 2106 691 etiam
2141 636 2235 702 fit,
2280 640 2343 690 ut
2376 631 2649 704 legislator
2689 637 2811 704 post
2846 630 3213 703 cognitionem
3252 647 3384 688 suae
3412 630 3545 706 legis

1943 724 2095 783 aliter
2129 726 2295 780 etiam
2336 722 2541 779 iudicet
2578 720 2646 778 de
2686 723 2911 779 materia
2950 721 3115 794 legis,
3159 736 3326 794 quam
3360 728 3541 797 antea,

1944 817 2072 888 quia
2107 814 2259 886 prius
2296 812 2476 870 solum
2500 811 2777 869 iudicabat
2802 812 2968 880 illam,
3001 818 3063 869 ut
3092 818 3273 884 aptam
3312 815 3545 885 impera·

1945 904 2022 975 ri·,
2065 910 2253 976 postea
2300 917 2429 958 vero
2458 900 2664 958 iudicat
2688 916 2841 967 eam,
2873 908 2936 959 ut
2960 902 3323 958 necessariam
3354 900 3424 958 ad
3451 900 3551 958 ho-

1943 1000 2206 1052 nestatem
2250 1008 2463 1049 morum
2497 1007 2565 1048 ex
2600 990 2825 1048 decreto
2864 1008 2987 1049 suo.
3020 991 3166 1059 Quae
3205 992 3381 1048 omnia
3410 991 3547 1049 adeo

1947 1090 2077 1141 sunt
2117 1081 2435 1150 manifesta,
2480 1085 2543 1138 ut
2582 1095 2690 1137 non
2729 1079 3011 1153 indigeant
3036 1097 3177 1138 nova
3205 1081 3542 1151 probatione.

1945 1170 2229 1241 Quomodo
2275 1176 2463 1227 autem
2505 1169 2639 1227 haec
2683 1170 2751 1227 ad
2794 1170 2968 1243 legem
2997 1177 3352 1239 concurrant,
3382 1177 3547 1243 atque

1949 1264 2082 1321 adeo
2122 1264 2175 1318 in
2214 1277 2325 1334 quo
2350 1266 2481 1317 actu
2520 1260 2611 1315 illa
2638 1259 2813 1332 posita
2840 1260 2933 1333 sit,
2974 1259 3224 1317 dicemus
3251 1261 3428 1331 capite
3464 1274 3549 1315 se-

1949 1354 2158 1427 quenti.

2542 1542 2819 1612 CAPUT
2858 1543 2943 1611 V.

2008 1742 2220 1798 mmm
2248 1739 2346 1797 lex
2376 1742 2452 1797 sit
2480 1743 2649 1797 actus
2674 1735 3005 1795 intellectus
3029 1734 3121 1792 vel
3146 1735 3484 1806 voluntatis,

2447 1835 2503 1887 et
2526 1832 2801 1902 quisnam
2826 1825 2932 1885 ille
2956 1830 3049 1885 stt.

2522 2008 3001 2074 summarium

1955 2198 2004 2247 1.
2032 2197 2199 2248 Prima
2232 2198 2483 2249 sententia
2516 2197 2793 2256 affirmans,
2827 2196 2991 2260 legem
3014 2207 3126 2245 esse
3149 2203 3321 2246 aetum
3346 2198 3543 2250 intelle-

2019 2273 2155 2318 ctus.
2182 2294 2253 2303 —
2276 2267 2328 2317 2.
2358 2256 2659 2319 Rat'ionihus
2680 2265 3025 2315 confirmatur.
3057 2291 3126 2300 --
3150 2264 3200 2316 3.
3228 2265 3282 2315 ln
3301 2278 3403 2330 quo
3420 2274 3540 2319 actu

2021 2337 2315 2387 intellectus
2336 2338 2405 2387 sit
2432 2331 2831 2397 lex.—Quidam
2855 2334 3032 2385 dicunt
3057 2346 3170 2385 esse
3189 2333 3433 2386 iudicium
3460 2349 3541 2387 ra-

2017 2406 2193 2457 tionis.
2221 2434 2291 2443 —
2314 2408 2369 2457 4.
2396 2406 2496 2457 Alii
2528 2406 2708 2456 dicunt
2742 2417 2855 2456 esse
2888 2410 3061 2457 actum
3094 2404 3414 2467 intellectus,
3450 2408 3540 2471 qui

2019 2474 2212 2526 dicitur
2231 2476 2517 2539 imperium.
2545 2503 2614 2512 —
2640 2474 2691 2525 5.
2715 2474 2891 2524 Altera
2907 2474 3162 2540 sententia
3178 2473 3449 2537 affirmans,
3469 2477 3541 2528 le-

2016 2558 2132 2609 gem
2155 2558 2267 2595 esse
2290 2554 2462 2597 actum
2486 2545 2787 2596 voluntatis.
2812 2572 2882 2581 —
2907 2544 2959 2593 6.
2984 2542 3320 2595 confirmatur
3341 2557 3404 2594 ex
3422 2559 3539 2609 pro-

2019 2616 2325 2678 prietatibus
2368 2615 2517 2680 legis.
2560 2640 2627 2651 —
2667 2615 2717 2664 7.
2754 2614 2982 2677 Quatuor
3028 2614 3346 2665 conditiones
3388 2614 3517 2679 legis

2019 2697 2148 2747 quae
2173 2685 2335 2735 solum
2357 2684 2609 2749 quadrant
2634 2684 2687 2733 in
2710 2690 2883 2735 actum
2906 2684 3202 2734 voluntatis.
3218 2684 3347 2733 -8.
3374 2652 3538 2749 impul

2019 2762 2210 2815 gnatur
2227 2754 2457 2806 doctrina
2468 2754 2693 2805 Medinae
2711 2753 2849 2804 circa
2869 2753 3183 2803 voluntatem
3191 2752 3542 2816 obligandi.—

2019 2822 2072 2873 9.
2097 2824 2240 2874 Velle
2275 2825 2567 2889 praecipere
2600 2830 2653 2873 et
2688 2823 2818 2873 veile
2852 2836 2951 2873 non
2976 2824 3205 2887 obligare
3228 2828 3349 2873 sunt
3375 2824 3539 2873 inten-

2021 2894 2186 2944 tiones
2210 2900 2583 2959 repugnantes,
2610 2894 2810 2945 sublata
2846 2892 3306 2955 ignorantia.-1n
3334 2898 3450 2944 voto
3471 2894 3540 2943 si-

2019 2963 2213 3013 militer
2246 2968 2533 3027 repugnant
2556 2963 2777 3014 intentio
2804 2962 3018 3014 vovendi
3044 2970 3099 3013 et
3123 2959 3344 3012 intentio
3366 2975 3465 3013 non
3489 2976 3545 3014 o-

2021 3029 2266 3094 bligandi.
2290 3058 2361 3069 —
2384 3034 2465 3083 10.
2496 3032 2547 3082 ln
2574 3034 2861 3083 iuramento
2882 3037 3051 3095 potest
3070 3038 3209 3082 stare
3229 3032 3447 3084 intentio
3465 3034 3544 3084 iu·

2019 3099 2168 3151 randi
2200 3114 2319 3151 cum
2344 3102 2627 3153 intentione
2651 3113 2707 3152 se
2730 3114 2830 3152 non
2854 3101 3139 3163 obligandi.
3158 3128 3231 3137 —
3257 3101 3341 3151 11.
3368 3102 3543 3153 Tertia

2020 3172 2271 3222 sententia
2292 3170 2561 3232 affirmans,
2577 3171 2740 3234 legem
2758 3172 2988 3235 componi
3006 3183 3069 3220 ex
3087 3176 3309 3233 utroque
3326 3177 3542 3221 actu.—

2021 3237 2108 3290 12.
2135 3239 2380 3291 iudicium
2410 3238 2710 3291 distinctum
2742 3238 2807 3289 de
2830 3246 2939 3291 tota
2962 3239 3329 3291 controversia.
3356 3266 3426 3277 —
3452 3241 3536 3292 13.

2011 3309 2199 3359 ‘Helius
2233 3310 2543 3374 intelligitur
2558 3344 2573 3371 ,
2608 3322 2666 3361 ac
2698 3308 2993 3359 defenditur
3026 3310 3191 3371 legem
3223 3320 3337 3358 esse
3368 3316 3541 3361 actum

2018 3380 2319 3431 voluntatis.
2342 3406 2410 3415 —
2446 3380 2525 3429 u.
2554 3379 2657 3430 Lex
2690 3392 2752 3428 ex
2776 3378 3095 3442 impositione
3119 3375 3372 3439 signifieat
3396 3379 3542 3443 prius

2017 3454 2282 3499 externum
2302 3450 2570 3514 imperium
2587 3455 2641 3499 et
2652 3449 2854 3513 signum
2862 3447 3143 3499 voluntatis
3154 3448 3515 3511 praecipientis
3523 3485 3536 3498 .

2037 3596 2084 3650 1.
2117 3594 2445 3667 suppositis,
2476 3607 2619 3667 quae
2646 3592 2699 3649 in
2730 3592 2997 3667 superiori
3020 3592 3201 3663 capite
3218 3590 3351 3661 dixi,
3371 3608 3541 3666 quae·
3580 3638 3591 3657 ,

1949 3682 2052 3739 stio
2087 3682 2202 3740 fere
2233 3688 2343 3740 tota
2368 3682 2477 3739 erit
2499 3682 2567 3739 de
2594 3681 2759 3739 modo
2786 3680 3079 3755 loquendi3
3111 3687 3291 3738 tamen
3316 3690 3565 3755 propter·

1949 3774 2271 3831 varietatem
2296 3774 2617 3844 opinionum
2639 3771 2972 3845 expedienda
2990 3771 3227 3829 breviter
3240 3777 3348 3829 est.
3366 3772 3543 3830 Prima

1949 3864 2116 3936 igitur
2161 3864 2433 3920 sententia
2472 3861 2739 3933 affirmat,
2780 3862 2955 3935 legem
2978 3875 3099 3917 esse
3124 3865 3313 3917 actum
3336 3862 3544 3919 intelle-

1949 3961 2096 4009 ctus:
2129 3952 2205 4009 ita
2232 3952 2393 4009 sentit
2417 3950 2474 4007 d.
2503 3950 2739 4007 Thomas
2767 3949 2822 4006 d.
2856 3966 2913 4023 q.
2945 3954 3038 4016 90,
3070 3956 3177 4005 art.
3218 3954 3267 4015 1,
3296 3956 3353 4007 et
3380 3966 3540 4023 saepe

1949 4042 2020 4098 ita
2047 4041 2297 4114 loquitur
2321 4042 2374 4097 in
2401 4038 2662 4096 discursu
2691 4038 2944 4096 materiae
2965 4038 3191 4095 Vincen.
3223 4040 3290 4095 in
3314 4038 3535 4113 specul.

1948 4146 2100 4187 mor.
2131 4128 2224 4187 lib.
2260 4135 2291 4187 5
2310 4172 2325 4201 ,
2354 4136 2494 4202 part.
2528 4133 2587 4201 2,
2616 4128 2673 4185 d.
2713 4133 2763 4187 1.
2790 4128 3110 4201 Sequuntur
3135 4127 3421 4186 themistae
3441 4130 3542 4186 Ca-

1953 4222 2047 4276 iet.
2077 4220 2244 4277 Conr.
2271 4225 2327 4276 et
2352 4219 2446 4276 alii
2473 4218 2565 4289 ibi,
2594 4226 2650 4275 et
2682 4222 2729 4277 1.
2761 4224 2819 4292 2,
2850 4235 2907 4292 q.
2946 4220 3031 4285 17,
3061 4222 3245 4292 q-58,
3275 4225 3379 4277 art.
3406 4223 3461 4291 4,
3484 4227 3542 4278 et

1949 4324 2008 4383 q.
2041 4313 2147 4380 60,
2176 4318 2280 4366 art.
2318 4313 2383 4383 ¹3
2428 4309 2558 4366 Soto
2597 4314 2645 4379 t,
2678 4308 2743 4365 de
2770 4308 2897 4366 iust.
2928 4324 2985 4383 q.
3024 4312 3073 4381 1,
3107 4315 3212 4366 art.
3254 4315 3313 4381 ¹3
3342 4310 3544 4367 Turre-

1951 4413 2120 4455 crem.
2157 4399 2211 4454 in
2230 4414 2356 4471 cap.
2388 4395 2693 4471 Officium.
2727 4397 2783 4455 d.
2816 4403 2871 4471 33
2899 4398 3081 4455 Alens.
3117 4402 3169 4456 3.
3202 4414 3256 4471 p.
3286 4415 3341 4474 q.
3366 4403 3461 4473 263
3481 4402 3541 4457 in

1951 4490 2126 4561 primo
2153 4486 2411 4546 Richard.
2448 4492 2501 4545 3.
2534 4486 2589 4543 d.
2625 4493 2723 4559 33,
2752 4489 2913 4545 artic.
2934 4492 2995 4559 2,
3024 4503 3081 4561 q.
3116 4492 3171 4558 6,
3202 4487 3269 4545 ad
3293 4492 3347 4561 33
3373 4492 3541 4547 Anto-

1952 4579 2062 4634 nin.
2094 4582 2150 4635 2.
2184 4594 2239 4649 p.
2271 4578 2354 4635 tit.
2388 4581 2454 4647 4,
2487 4592 2609 4649 cap.
2648 4581 2735 4651 ¹03
2765 4577 3033 4655 Guilielm.
3075 4579 3245 4635 Paris.
3277 4585 3438 4637 tract.
3466 4578 3541 4639 de

1953 4665 2150 4739 Leqib.
2194 4676 2251 4723 et
2274 4666 2517 4723 Cordub.
2550 4667 2640 4724 lib.
2675 4672 2731 4726 2.
2762 4669 3069 4741 quaestion.
3101 4685 3159 4743 q.
3198 4673 3283 4728 10.
3316 4672 3541 4729 Probari

1951 4762 2135 4813 autem
2168 4756 2309 4813 solet
2336 4757 2469 4813 haec
2498 4758 2761 4814 sententia
2787 4758 2983 4831 primo,
3008 4758 3133 4831 quia
3153 4766 3263 4817 tam
3292 4760 3539 4833 Scriptu-

1950 4860 2046 4916 ra,
2077 4859 2245 4917 quam
2286 4852 2491 4917 patres,
2523 4846 2857 4918 philosophi,
2885 4854 2943 4903 et
2966 4848 3341 4906 iurisconsulti
3364 4848 3542 4925 legem

1952 4933 2201 4991 tribuunt
2238 4934 2430 4991 rationi
2460 4940 2557 4991 aut
2593 4935 2903 5008 sapientiae.
2933 4937 3191 4994 Proverb.
3222 4953 3345 5012 cap.
3378 4945 3433 4998 8.
3465 4940 3544 4995 ait

1951 5022 2252 5096 Sapientia:
2283 5026 2399 5081 Per
2444 5040 2537 5081 me
2572 5022 2771 5098 lequm
2796 5022 3125 5083 conditores
3158 5028 3325 5084 iusta
3348 5026 3541 5085 decer-

1949 5117 2120 5171 nunt.
2163 5115 2255 5172 Sic
2296 5114 2459 5171 etiam
2500 5112 2751 5171 Clemens
2789 5113 2927 5171 alex.
2969 5113 3060 5171 lib.
3108 5118 3156 5172 1.
3186 5116 3399 5173 δἐι-σπι.
3429 5130 3539 5172 non

1951 5201 2112 5275 longe
2141 5218 2175 5259 a
2211 5204 2314 5261 fine
2354 5206 2462 5271 ait,
2503 5204 2675 5277 legem
2702 5218 2823 5261 esse
2850 5205 3157 5275 opinionem
3184 5203 3380 5260 bonam
3398 5246 3413 5275 ,
3446 5202 3540 5260 bo·

3049 5320 3075 5362 3
