4325 6267
1821 325 2035 377 CAPUT
2058 327 2212 379 xlx.

383 447 703 507 servabunt.
735 450 974 508 Possunt
999 450 1202 509 infinita
1231 450 1424 510 similia
1448 466 1518 511 ex
1553 452 1852 525 scripturis
1881 450 1976 509 ad-

380 538 544 612 duci,
574 538 672 595 sed
699 555 808 597 non
834 546 1054 612 oportet
1088 542 1364 599 immorari
1404 544 1458 599 in
1496 557 1556 600 re
1593 541 1747 599 clara
1771 548 1830 599 et
1863 541 1974 598 evi-

380 628 544 686 dente
579 628 784 688 lumine
809 630 1079 703 naturali,
1109 630 1301 689 saltem
1328 632 1514 705 quoad
1535 640 1832 707 praecepta
1857 646 1974 689 mo·

375 719 533 776 ralia.

451 807 892 866 Fundamentum
920 808 1326 867 haereticorum
1354 810 1540 883 plures
1567 808 1794 869 involvit
1818 824 1974 869 erro-

373 912 500 970 res,
540 913 684 971 quos
711 897 818 955 hoc
855 896 979 955 loco
1018 905 1253 957 tractare
1294 917 1404 958 non
1430 916 1762 975 possumus,
1791 900 1974 957 sedin

373 988 538 1044 variis
565 987 700 1045 locis
729 987 896 1045 huius
923 990 1104 1059 operis
1136 990 1406 1047 tractandi
1428 996 1578 1048 sunt.
1605 992 1744 1048 Nam
1769 991 1970 1065 primo,

373 1075 528 1149 quod
557 1075 752 1133 dicunt
776 1078 1133 1149 impossibilia
1161 1094 1282 1137 esse
1301 1079 1483 1137 divina
1503 1079 1780 1150 mandata,
1805 1096 1976 1153 supra

371 1167 484 1223 iam
525 1167 795 1223 reiectum
834 1174 954 1237 est,
997 1173 1054 1225 et
1091 1183 1159 1225 ex
1209 1173 1454 1227 tractatu
1499 1166 1572 1225 de
1622 1172 1840 1228 Gratia
1881 1170 1977 1227 fiet

370 1254 700 1312 evidentius.
729 1255 984 1312 Secundo
1022 1255 1216 1313 ibidem
1246 1256 1543 1329 repelletur
1569 1298 1584 1329 ,
1615 1258 1766 1331 quod
1795 1260 1970 1328 aiunt,

372 1345 559 1401 omnia
581 1357 748 1415 opera
768 1344 1043 1402 iustorum
1063 1360 1186 1402 esse
1207 1353 1461 1418 peccata,
1479 1347 1802 1418 praesertim
1825 1364 1975 1405 mor-

371 1433 524 1491 talia.
555 1432 734 1491 Tertio
761 1448 946 1491 veram
969 1432 1324 1492 differentiam
1349 1435 1483 1510 legis
1505 1436 1700 1493 veteris
1721 1443 1778 1493 et
1799 1452 1971 1495 novae

371 1523 657 1580 trademus
695 1524 748 1579 in
777 1523 878 1580 line
908 1522 1072 1580 huius
1100 1529 1402 1593 tractatus,
1432 1531 1488 1581 et
1528 1525 1718 1583 falsam
1747 1526 1815 1584 ab
1844 1525 1971 1584 hae-

367 1612 559 1669 reticis
607 1612 904 1670 confictam
961 1613 1424 1686 impugnabimus.
1475 1616 1681 1683 Quarto
1725 1614 1967 1673 radicem

368 1703 616 1759 omnium
644 1701 962 1775 haeresum,
1005 1718 1147 1777 quae
1186 1711 1272 1761 est
1311 1706 1581 1776 imputata
1621 1704 1826 1761 iustitia
1857 1745 1872 1776 ‚
1912 1707 1969 1762 in

365 1794 599 1849 materia
617 1790 688 1847 de
712 1791 891 1864 gratia
909 1792 1206 1849 evellemus
1227 1833 1243 1865 ,
1272 1792 1453 1865 ibique
1475 1793 1846 1867 ostendemus,
1871 1793 1970 1851 ho-

365 1882 543 1937 mines
569 1896 700 1939 vere
729 1887 786 1938 et
810 1896 870 1939 re
899 1882 1015 1955 ipsa
1045 1898 1110 1938 ac
1139 1884 1432 1941 intrinsece
1452 1884 1737 1941 iustificari
1765 1900 1865 1955 per
1886 1884 1969 1941 in-

367 1969 688 2028 haerentem
729 1970 992 2029 iustitiam
1042 1986 1139 2043 per
1186 1971 1464 2029 Christum
1505 1971 1728 2047 datam,
1767 1980 1824 2031 et
1870 1990 1970 2046 per

361 2058 614 2115 eamdem
652 2074 779 2117 vere
813 2066 870 2117 et
907 2059 1174 2117 radicitus
1215 2063 1416 2118 remitti
1455 2068 1725 2132 peccata,
1767 2069 1826 2119 et
1855 2078 1964 2119 non

363 2154 581 2205 tautum
625 2150 734 2221 tegi
761 2187 777 2219 ,
817 2164 919 2207 seu
959 2148 1027 2205 ad
1067 2164 1300 2220 poenam
1337 2165 1450 2207 non
1491 2151 1772 2223 imputari.
1811 2151 1968 2209 Unde

361 2243 586 2295 certum
616 2253 737 2293 esse
767 2239 1071 2309 constabit,
1100 2255 1270 2311 opera
1294 2241 1566 2297 iustorum
1605 2241 1683 2298 ita
1711 2244 1967 2299 aestima-

359 2328 452 2398 ri,
480 2332 536 2384 et
575 2328 849 2399 reputari,
892 2343 958 2385 ac
1000 2327 1260 2399 imputari
1303 2344 1336 2386 a
1375 2332 1519 2399 Deo,
1563 2331 1713 2387 sicut
1749 2346 1810 2388 re
1837 2346 1968 2390 vera

360 2421 518 2473 sunt.
547 2417 702 2475 Unde
729 2418 774 2472 si
802 2417 910 2475 sint
936 2417 1074 2475 hona
1115 2433 1310 2491 opera,
1344 2420 1684 2491 imputantur
1710 2422 1781 2479 ad
1811 2437 1968 2495 prae-

365 2508 574 2578 mium3
609 2506 652 2561 si
673 2504 815 2563 mala
841 2506 1010 2579 levia,
1044 2506 1112 2563 ad
1153 2522 1384 2579 poenam
1425 2508 1780 2580 temporalem
1806 2551 1821 2582 ,
1865 2512 1965 2567 nisi

359 2612 464 2668 per
493 2596 880 2669 poenitentiam
907 2605 964 2654 et
989 2597 1417 2656 satisfactionem
1437 2596 1747 2670 deleantur3
1771 2601 1817 2655 si
1835 2616 1964 2673 pec-

359 2692 492 2741 cata
531 2686 748 2759 gravia,
789 2688 864 2741 ita
904 2684 1206 2758 imputari,
1248 2694 1315 2743 ut
1353 2687 1528 2758 ipsam
1569 2688 1828 2745 iustitiam
1866 2688 1964 2746 de-

359 2780 615 2846 struant,
648 2773 823 2831 donec
853 2790 952 2847 per
983 2775 1370 2845 poenitentiam
1397 2782 1704 2847 reparetur.

442 2864 881 2921 Fundamentum
918 2879 1050 2938 ergo
1092 2865 1496 2922 haereticorum
1534 2867 1697 2923 etiam
1725 2868 1962 2925 naturali

357 2954 556 3011 lumini
599 2954 941 3011 contrarium
969 2960 1086 3029 est,
1116 2959 1173 3010 et
1197 2952 1410 3011 divinae
1438 2953 1664 3011 bonitati
1691 2954 1848 3013 valde
1877 2972 1961 3013 re-

357 3058 636 3116 pugnans.
675 3043 793 3099 Non
821 3048 1004 3114 potest
1031 3044 1178 3100 enim
1198 3041 1487 3114 displicere
1507 3045 1618 3100 Deo
1641 3050 1956 3117 peccatum,

365 3138 428 3187 ut
457 3138 752 3203 peccatum
780 3138 884 3203 est,
919 3146 1041 3188 nam
1069 3130 1202 3187 odio
1228 3135 1314 3188 est
1331 3135 1456 3189 Deo
1477 3134 1729 3207 impius,
1763 3137 1820 3190 et
1846 3136 1964 3190 im-

351 3223 556 3295 pietas
587 3223 745 3291 eius,
777 3222 906 3293 Sap.
945 3225 1030 3280 14.
1073 3222 1209 3277 Item
1250 3228 1523 3293 repugnat
1560 3220 1772 3280 divinae
1801 3222 1961 3282 iusti·

357 3311 464 3367 tiae
487 3352 504 3384 ,
533 3324 601 3367 eo
627 3310 840 3367 facilius
872 3311 1150 3367 remittere
1170 3352 1186 3383 ,
1215 3310 1299 3367 vel
1329 3327 1438 3367 non
1459 3312 1732 3382 imputare
1759 3326 1959 3383 pecca-

359 3407 444 3471 ta,
481 3416 596 3473 quo
623 3401 813 3457 maiori
841 3399 1042 3455 fiducia
1072 3401 1125 3456 in
1165 3400 1400 3471 ipsomet
1436 3401 1546 3457 Deo
1587 3401 1754 3473 flunt3
1798 3402 1957 3473 quasi

355 3492 476 3562 ipse
523 3488 734 3547 dederit
773 3488 1048 3546 licentiam
1089 3488 1399 3561 peccandi,
1437 3489 1808 3562 promittendo
1848 3507 1958 3548 non

355 3578 778 3651 imputationem
803 3577 880 3635 eis
903 3618 918 3648 ,
947 3577 1043 3649 qui
1069 3578 1219 3634 illam
1248 3577 1604 3636 crediderint.
1631 3580 1710 3635 Eo
1728 3579 1809 3635 vel
1841 3596 1958 3637 ma-

353 3670 526 3739 xime,
556 3668 689 3741 quia
714 3682 855 3725 vana
882 3675 942 3725 ει
963 3670 1090 3726 licta
1119 3674 1207 3725 est
1246 3668 1365 3724 talis
1407 3668 1693 3740 promissio
1718 3690 1734 3741 3
1765 3668 1958 3727 nullibi

353 3760 502 3816 enim
529 3759 584 3815 in
613 3758 960 3815 Testamenta
989 3773 1129 3815 novo
1154 3757 1385 3814 habetur
1407 3757 1578 3829 magis
1599 3773 1764 3831 quam
1791 3759 1844 3815 in
1865 3775 1956 3815 ve-

353 3850 490 3921 teri3
523 3850 638 3905 imo
667 3848 742 3905 ait
768 3847 970 3905 Paulus
1010 3849 1238 3905 Roman.
1265 3853 1299 3906 2
1328 3888 1345 3920 ‚
1385 3847 1694 3904 secundum
1722 3862 1953 3920 evange-

354 3938 492 3995 lium
517 3940 702 3994 Deum
733 3952 854 3994 esse
883 3937 1262 3996 iudicaturum
1299 3937 1517 3993 occulta
1546 3935 1826 3993 hominum
1858 3952 1956 4009 per

353 4029 535 4085 lesum
570 4027 879 4094 Christum,
914 4028 1104 4099 utique
1135 4024 1442 4083 secundum
1470 4024 1644 4097 legem
1673 4030 1727 4081 et
1753 4027 1955 4083 verita-

351 4122 464 4175 tem
486 4158 501 4185 ,
531 4132 641 4173 non
671 4116 980 4173 secundum
1007 4116 1170 4172 salsas
1201 4114 1480 4172 hominum
1501 4116 1948 4171 existimationes.

349 4209 597 4280 Denique
627 4205 905 4277 interrogo
937 4200 1004 4260 ab
1035 4203 1118 4260 his
1139 4202 1452 4279 haereticis,
1475 4218 1543 4259 an
1564 4202 1806 4259 homines
1828 4210 1953 4261 ante

349 4288 558 4353 Christi
585 4292 882 4351 adventum
923 4293 1351 4350 iustificarentur
1379 4293 1434 4349 in
1461 4291 1562 4347 fide
1594 4292 1820 4365 Christi,
1851 4308 1953 4350 nec

349 4388 458 4443 ne?
491 4387 632 4441 Nam
681 4384 725 4439 si
773 4388 1002 4455 negent,
1053 4397 1306 4455 magnam
1358 4381 1608 4437 iniuriam
1662 4381 1954 4438 universali

350 4474 709 4548 redemptioni
737 4473 932 4530 Christi
961 4471 1229 4543 inserunt,
1259 4478 1315 4529 et
1352 4476 1661 4543 repugnant
1685 4472 1953 4541 expressis

346 4567 485 4623 locis
515 4580 708 4622 sacrae
737 4564 1074 4635 scripturae.
1107 4565 1229 4618 Nec
1256 4564 1412 4618 etaim
1434 4558 1606 4617 aliud
1631 4576 1842 4616 nomen
1867 4565 1954 4617 est

343 4656 454 4713 sub
483 4653 652 4711 caelo
677 4651 890 4710 datum
914 4651 1274 4712 hominibus.
1309 4649 1413 4707 sub
1433 4665 1548 4723 quo
1570 4654 1836 4724 oporteat
1855 4665 1952 4707 eos

345 4743 546 4801 salvos
569 4741 750 4815 fieri,
782 4746 908 4797 Act·
937 4744 992 4799 4.
1027 4739 1190 4797 lllum
1215 4740 1360 4797 enim
1389 4739 1571 4796 solum
1598 4740 1787 4811 posuit
1804 4741 1951 4797 Deus

345 4834 764 4906 propitiatorem
807 4844 903 4902 per
956 4828 1114 4885 tidem
1167 4830 1222 4886 in
1263 4828 1525 4901 sanguine
1566 4829 1770 4900 ipsius,
1814 4834 1952 4885 teste

344 4922 520 4981 Paulo
548 4920 617 4979 ad
645 4922 877 4979 Roman.
913 4923 966 4975 3.
1000 4918 1056 4975 Si
1083 4923 1266 4976 autem
1296 4916 1597 4990 affirment,
1630 4934 1844 4991 semper
1871 4920 1953 4976 iu-

345 5012 732 5069 stificationem
759 5010 960 5067 factam
990 5008 1157 5065 fuisse
1179 5023 1277 5080 per
1298 5008 1488 5080 fidem3
1522 5014 1588 5066 ut
1607 5023 1952 5082 consequen-

347 5111 434 5159 ter
461 5103 788 5175 loquantur,
803 5104 1022 5171 oportet
1046 5103 1111 5155 ut
1129 5096 1338 5167 dicant,
1354 5112 1571 5169 semper
1594 5097 1796 5155 iactam
1817 5099 1952 5155 suis·

347 5206 410 5247 se
439 5192 552 5249 sine
595 5191 722 5263 lege
747 5195 808 5246 et
841 5187 1100 5261 operibus
1127 5227 1142 5261 ,
1185 5192 1243 5247 et
1277 5198 1376 5258 per
1405 5200 1516 5243 non
1541 5186 1950 5260 imputationem

3490 317 3573 381 67

2041 468 2174 509 cum
2201 451 2319 511 sola
2345 452 2548 511 fiducia
2573 466 2641 512 ex
2665 459 2821 527 parte
2844 450 3156 529 hominum3
3187 470 3320 531 ergo
3342 455 3529 516 dicere
3552 473 3649 518 co-

2041 547 2278 615 gentur,
2312 544 2476 601 etiam
2507 544 2681 601 iustos
2710 546 2763 600 in
2809 550 2959 601 statu
2996 545 3129 618 legis
3166 552 3397 603 naturae
3432 554 3530 605 aut
3557 564 3651 607 ve-

2042 630 2174 687 teris
2203 645 2313 689 non
2340 631 2511 689 luisse
2542 633 2650 706 legi
2688 633 2982 703 obnoxios,
3014 650 3118 695 nec
3156 650 3423 708 peccasse
3451 644 3652 697 contra

2043 719 2225 792 illam,
2260 722 2470 779 etiamsi
2502 721 2650 779 illam
2694 723 3237 798 transgrederentur,
3268 724 3567 785 dummodo
3596 728 3653 785 id

2043 809 2290 867 facerent
2320 825 2455 868 cum
2496 811 2599 868 fide
2637 828 2745 869 non
2784 814 3195 887 imputationis3
3242 815 3374 888 quid
3400 831 3535 890 ergo
3570 826 3659 875 est

2044 900 2193 974 quod
2227 900 2534 973 specialiter
2560 902 2846 976 evangelio
2873 902 3222 963 attribuunt?
3250 905 3351 963 Est
3382 921 3513 979 ergo
3540 905 3641 963 im·

2041 989 2195 1061 pium
2224 994 2285 1049 et
2313 1005 2519 1049 vanum
2542 990 2648 1049 tale
2677 990 3112 1051 fundamentum.
3291 993 3296 998 “

2574 1180 2855 1251 CAPUT
2894 1180 3074 1251 XIX.

2116 1361 2535 1437 Explicantur
2561 1361 2772 1438 aliqua
2798 1362 3155 1437 smpturae
3182 1364 3551 1433 testimonia,

2385 1454 2605 1529 quibus
2631 1454 2916 1512 haeretici
2942 1451 3294 1511 abutuntur.

2612 1617 3099 1685 summarium

2039 1802 2089 1853 ¹.
2117 1803 2351 1859 obiectio
2374 1806 2753 1859 haereticorum
2775 1818 2839 1856 ex
2861 1818 2945 1870 ep.
2977 1806 3001 1855 l
3032 1803 3097 1854 ad
3121 1803 3340 1857 Timoth.
3368 1818 3480 1872 cap.
3512 1808 3647 1858 1.-

2107 1874 2207 1925 ΑΙίἰ
2231 1879 2545 1941 expositores
2569 1878 2724 1927 huius
2748 1877 2845 1927 loci
2871 1874 2937 1925 de
2958 1875 3071 1941 lege
3090 1876 3285 1937 veteri,
3312 1888 3443 1940 quae
3467 1878 3644 1945 iustis,

2105 1944 2240 1997 idest
2266 1946 2562 1999 christianis
2585 1948 2885 2017 iustis,‚non
2910 1950 2989 1995 est
3016 1944 3397 2007 imposita—2.
3424 1947 3528 1997 Lex
3548 1962 3649 2001 non

2107 2020 2187 2066 est
2214 2018 2379 2079 posita
2416 2018 2555 2067 iusto
2588 2014 2755 2081 quoad
2792 2015 2895 2064 vim
2929 2014 3239 2076 coactivam,
3268 2014 3354 2064 sed
3380 2016 3547 2079 quoad
3572 2018 3649 2069 di·

2106 2086 2384 2137 rectivam:
2411 2093 2492 2137 est
2515 2086 2795 2138 communis
2828 2083 3243 2148 expositio—3.
3281 2084 3416 2135 Haec
3451 2090 3648 2151 exposi-

2108 2154 2184 2204 tio
2210 2155 2473 2207 iudlcatur
2498 2154 2923 2220 probabilis—4.
2952 2154 3055 2205 Lex
3078 2166 3179 2203 non
3198 2160 3277 2203 est
3297 2154 3463 2218 posita
3490 2157 3646 2221 iusto,

2104 2225 2226 2287 quia
2252 2225 2328 2274 illi
2355 2240 2457 2276 non
2480 2232 2652 2286 nocet,
2679 2231 2739 2276 ut
2763 2224 2852 2273 alii
2877 2222 3298 2287 exponunt.—5.
3328 2224 3649 2279 Probabilior

2104 2294 2373 2357 expositio:
2402 2295 2506 2346 Lex
2532 2308 2631 2345 non
2656 2299 2735 2344 est
2762 2292 2927 2356 posita
2952 2294 3111 2353 iusto,
3138 2291 3187 2340 id
3213 2298 3293 2343 est
3312 2306 3413 2343 non
3438 2301 3649 2358 propter

2103 2362 2327 2425 iustum,
2356 2364 2445 2415 sed
2469 2370 2679 2429 propter
2715 2362 2932 2412 iniustos
2957 2362 3226 2413 lata.-6.
3254 2362 3406 2423 Ratio
3440 2362 3645 2416 divinae

2105 2434 2511 2485 comminationis
2548 2433 2727 2498 primis
2759 2432 3061 2495 parentibus
3106 2430 3417 2481 violantibus
3442 2444 3652 2495 praece-

2103 2508 2252 2565 ptum
2276 2504 2331 2553 in
2358 2502 2743 2567 paradiso.—7.
2770 2500 2998 2552 Secunda
3023 2499 3249 2551 obiectio
3272 2499 3657 2555 haereticorum

2101 2584 2166 2621 ex
2188 2584 2301 2636 cap.
2332 2573 2383 2623 5.
2414 2574 2567 2638 epist.
2594 2572 2740 2622 Pauli
2764 2570 2828 2620 ad
2850 2570 3149 2621 Galatas.—
3173 2570 3243 2619 De
3277 2582 3377 2632 qua
3416 2570 3530 2633 lege
3567 2572 3644 2625 lo-

2102 2648 2293 2704 quatur
2318 2642 2611 2706 Apostolus,
2624 2647 2679 2691 et
2704 2640 2827 2705 quid
2854 2640 2921 2689 sit
2948 2652 3060 2690 esse
3079 2638 3179 2689 suh
3204 2639 3319 2702 lege
3344 2639 3476 2702 apud
3503 2652 3644 2692 eum-

2099 2710 2496 2763 dem.—Prima
2532 2712 2784 2773 expositio
2818 2710 3105 2764 Ambrosii,
3131 2709 3221 2771 qui
3248 2720 3341 2771 per
3378 2710 3543 2772 legem
3568 2712 3648 2762 in-

2103 2781 2295 2845 telligit
2329 2782 2497 2844 legem
2532 2781 2731 2844 peccati
2767 2785 2821 2829 et
2860 2778 3405 2829 fomitis.—Eluditur
3442 2784 3641 2844 exposi-

2101 2850 2340 2900 tio.—-8.
2368 2850 2600 2901 Secunda
2630 2850 2877 2914 expositio
2902 2848 3211 2911 Hieronymi,
3238 2848 3329 2911 qui
3354 2861 3449 2911 per
3472 2851 3638 2914 legem

2099 2920 2352 2982 intelligit
2378 2921 2543 2985 legem
2565 2917 3001 2969 caeremonialem.
3018 2918 3150 2967 —9.
3178 2918 3354 2967 Tertia
3389 2921 3641 2982 expositio

2099 2988 2411 3051 Augustini,
2438 2990 2527 3052 qui
2564 3001 2656 3051 per
2691 2988 2855 3050 legem
2892 2987 3137 3049 intelligit
3172 2992 3278 3039 tam
3302 2990 3644 3039 caeremonia-

2100 3058 2201 3107 lem
2216 3094 2231 3120 ‚
2259 3071 2412 3123 quam
2436 3059 2697 3109 moralem.
2712 3056 2977 3107 —Ultima
3002 3055 3252 3119 expositio
3281 3054 3410 3105 duas
3434 3070 3642 3120 praece-

2097 3127 2278 3178 dentes
2302 3127 2813 3179 connectenS.-10.
2840 3126 3075 3177 obiectio
3110 3124 3423 3189 Hieronymi.
3446 3127 3636 3178 —Pri-

2097 3209 2178 3246 ma
2204 3198 2455 3261 expositio
2474 3197 2571 3247 loci
2592 3202 2691 3257 est,
2720 3196 2882 3245 iustos
2899 3207 2999 3243 non
3018 3206 3131 3243 esse
3150 3194 3249 3243 sub
3270 3193 3385 3256 lege
3404 3200 3639 3249 terrente

2096 3272 2150 3316 et
2176 3268 2504 3317 minante.—-
2519 3266 2604 3316 11.
2631 3265 2859 3315 Secunda
2884 3263 3133 3327 expositio
3156 3269 3256 3322 est,
3282 3275 3384 3312 non
3408 3276 3521 3322 esse
3540 3266 3640 3317 suh

2095 3336 2243 3400 lege,
2282 3336 2373 3400 qui
2412 3337 2578 3397 legem
2612 3348 2715 3385 non
2750 3330 3151 3384 ἤπιοι-12.
3188 3332 3364 3381 Tertia
3390 3335 3641 3397 expositio

2097 3407 2414 3469 probabilior
2439 3411 2519 3455 est
2534 3441 2548 3467 ,
2576 3416 2677 3455 non
2700 3416 2813 3454 esse
2838 3404 2935 3453 sub
2960 3402 3073 3463 lege
3110 3400 3245 3450 idem
3279 3413 3423 3462 esse,
3449 3415 3508 3454 ac
3533 3418 3635 3455 non

2095 3474 2247 3526 subdi
2276 3476 2378 3537 legi
2403 3476 2658 3538 scriptae,
2685 3480 2740 3523 et
2764 3472 2851 3523 illa
2879 3485 2977 3521 non
3014 3469 3446 3532 indigere—13.
3474 3473 3636 3524 Solvi-

2097 3550 2186 3594 tur
2209 3559 2241 3596 o
2279 3544 2432 3595 iectio
2456 3543 2747 3605 Hieronymi
2772 3553 2929 3605 super
2948 3540 3120 3590 allata.
3136 3539 3470 3600 —Quomodo
3488 3542 3633 3592 Chri-

2094 3620 2209 3665 stus
2307 3615 2475 3663 minus
2500 3620 2613 3663 erat
2638 3613 2738 3663 sub
2762 3610 3057 3673 lege—14.
3078 3609 3254 3658 Tertia
3272 3609 3498 3661 obiectio
3515 3610 3635 3661 hae-

2093 3684 2379 3734 reticorum
2402 3696 2464 3732 ex
2490 3695 2603 3746 cap.
2632 3678 2685 3732 6.
2712 3680 2775 3730 ad
2802 3678 3285 3731 Romanos—Esse
3320 3679 3419 3729 suh
3444 3680 3557 3744 lege
3582 3682 3635 3731 in

2091 3753 2191 3804 hoc
2216 3754 2380 3804 citato
2403 3754 2517 3803 loco
2541 3752 2677 3802 idem
2698 3758 2777 3800 est
2791 3785 2806 3810 ‚
2827 3762 2887 3799 ac
2910 3761 3021 3799 esse
3040 3748 3138 3797 sub
3156 3746 3541 3810 imperfectione
3560 3750 3636 3801 le-

2093 3824 2176 3885 gis
2202 3824 2424 3886 scriptae
2441 3858 2455 3884 ,
2483 3834 2615 3886 quae
2638 3820 2864 3882 obligat,
2893 3832 2993 3868 non
3018 3816 3416 3867 adiuvat—15.
3443 3818 3636 3879 Quarta

2093 3894 2319 3943 obiectio
2343 3891 2721 3941 haereticorum
2745 3902 2808 3939 ex
2832 3888 2990 3937 variis
3027 3887 3152 3937 locis
3186 3886 3303 3935 novi
3341 3886 3633 3937 Testamen-

2095 3963 2154 4011 ti.
2174 3962 2338 4012 -16.
2366 3960 2685 4024 Expenditur
2709 3960 2852 4009 locus
2879 3956 3023 4008 Pauli
3041 3956 3105 4005 ad
3140 3956 3308 4006 Galat.
3330 3954 3399 4017 2,
3438 3959 3493 4006 in
3527 3970 3632 4021 quo

2095 4031 2362 4093 Apostolus
2388 4030 2618 4093 loquitur
2637 4028 2701 4077 de
2737 4028 2981 4078 libertate
3004 4037 3034 4074 a
3070 4026 3184 4087 lege
3221 4026 3418 4086 veteri,
3458 4037 3489 4075 a
3523 4040 3627 4090 qua

2089 4106 2211 4151 sunt
2248 4100 2401 4151 liberi
2446 4096 2914 4149 christiani.—-17.
2958 4095 3255 4157 Explicatur
3298 4094 3443 4145 loeus
3485 4095 3634 4147 Pauli

2089 4181 2174 4233 ep.
2205 4168 2254 4218 2.
2282 4170 2399 4221 Gor.
2428 4180 2541 4232 cap.
2568 4167 2619 4217 3.
2642 4166 2705 4215 de
2732 4167 2974 4217 libertate
2993 4178 3021 4213 a
3042 4163 3291 4213 velamine
3315 4164 3634 4217 obcaecatio-

2090 4239 2173 4288 nis
2202 4238 2281 4287 vel
2308 4250 2335 4287 a
2366 4238 2621 4287 servitute
2646 4233 2976 4298 legis—18.
3004 4232 3323 4297 Expenditur
3354 4233 3499 4285 locus
3522 4235 3633 4299 epi-

2091 4308 2253 4357 stolae
2279 4306 2447 4357 lacobi
2470 4306 2536 4357 de
2562 4307 2677 4367 lege
2701 4304 2990 4361 libertatis.
3018 4290 3069 4352 id
3092 4308 3173 4353 est
3196 4302 3449 4354 caritatis.

2105 4481 2154 4535 1.
2190 4478 2458 4548 Superest
2485 4481 2549 4532 ut
2574 4474 2883 4531 testimonia
2911 4473 3325 4545 scripturarum
3354 4424 3628 4545 expenda-

2023 4582 2173 4640 mus,
2190 4582 2333 4640 quae
2361 4568 2415 4623 in
2438 4566 2679 4622 savorem
2702 4564 2787 4619 sui
2812 4562 3015 4619 erroris
3036 4562 3295 4619 haeretici
3316 4560 3621 4621 adducunt.

2021 4657 2266 4713 Primum
2302 4656 2543 4712 sumitur
2572 4668 2639 4710 ex
2664 4652 2847 4709 verbis
2874 4650 3025 4707 Pauli
3062 4654 3109 4708 1.
3143 4651 3377 4708 Timoth.
3430 4654 3492 4711 t:
3524 4655 3629 4711 Iu-

2019 4748 2110 4803 sto
2140 4759 2263 4799 non
2290 4748 2376 4800 est
2394 4741 2493 4799 lex
2510 4744 2735 4816 posita.
2766 4741 2915 4807 Quae
2942 4738 3109 4795 verba
3128 4739 3293 4813 aliqui
3314 4739 3510 4799 volunt
3528 4756 3628 4799 ex-

2021 4848 2223 4907 ponere
2254 4831 2319 4889 de
2350 4831 2469 4904 lege
2496 4830 2666 4888 veteri
2692 4870 2707 4901 ‚
2746 4830 2820 4887 ita
2856 4834 2921 4885 ut
2949 4844 3147 4886 sensus
3174 4830 3285 4901 sit,
3328 4830 3477 4888 illam
3507 4847 3623 4889 non

2018 4938 2139 4980 esse
2180 4922 2411 4994 positam
2452 4920 2649 4991 iustis,
2692 4918 2747 4977 id
2785 4925 2871 4977 est
2910 4918 3219 4976 christianis
3258 4934 3357 4991 per
3385 4922 3623 4993 gratiam

2019 5014 2163 5069 iuste
2191 5010 2517 5068 viventibus.
2549 5009 2697 5076 Quae
2724 5008 2985 5081 expositio
3022 5009 3166 5065 sumi
3206 5014 3391 5080 potest
3416 5025 3483 5067 ex
3510 5012 3627 5067 An-

2021 5100 2195 5157 selmo
2224 5099 2299 5157 ihi
2318 5141 2334 5173 ,
2364 5106 2423 5157 et
2451 5115 2520 5156 ex
2546 5103 2841 5171 contextu3
2875 5113 3001 5154 nam
3027 5097 3233 5155 Paulus
3260 5098 3519 5157 monebat
3537 5101 3623 5157 'ri-
3660 5108 3667 5115 “

2021 5189 2335 5261 motheum,
2378 5194 2441 5247 ut
2480 5188 2788 5261 corriperet
2824 5185 3091 5261 quosdam
3134 5186 3298 5245 salsos
3336 5186 3621 5264 doctores,
