4325 6267
1804 327 2014 377 CAPUT
2042 329 2109 375 vl
2120 356 2134 374 .

340 453 443 510 sibi
471 452 538 508 ab
573 452 693 509 aliis
726 451 868 508 fieri:
908 452 962 507 in
1000 450 1083 507 his
1118 457 1305 508 autem
1346 452 1621 525 principiis
1651 451 1932 521 fundatur,

337 540 486 615 quod
514 543 585 599 sit
600 539 955 597 obediendum
973 541 1347 613 superioribus
1361 542 1785 613 potestatibusin
1797 558 1939 615 quo-

337 636 583 703 cumque
608 629 815 705 ordine.
848 629 1003 687 Unde
1024 631 1077 686 in
1099 630 1206 685 illis
1230 631 1407 687 verbis
1428 632 1763 702 continetur,
1784 631 1933 705 quod

338 719 525 779 fideles
553 719 784 776 debeant
817 719 1039 776 obedire
1070 720 1408 791 parentibuS,
1432 728 1490 777 et
1512 722 1653 777 servi
1678 721 1932 788 dominis,

338 817 397 866 et
430 808 635 866 subditi
682 808 976 889 praelatis3
1010 807 1141 866 alias
1184 812 1333 866 iuxta
1376 810 1775 867 haereticorum
1818 826 1941 865 sen-

342 914 490 970 sum,
523 900 697 956 omnis
726 899 1027 955 obedientia
1070 899 1379 955 hominibus
1419 899 1765 972 praestanda,
1795 903 1941 955 esset

343 986 559 1045 sublata
585 1004 682 1059 per
709 987 798 1044 illa
825 989 990 1044 verba
1014 987 1232 1045 Christi.
1274 989 1431 1057 Quod
1468 995 1554 1045 est
1588 996 1781 1045 contra
1824 1006 1941 1045 om-

342 1092 465 1133 nem
498 1078 755 1133 rationem
784 1083 840 1133 et
877 1084 1073 1134 contra
1110 1077 1272 1133 verba
1313 1077 1559 1134 eiusdem
1594 1078 1796 1136 Christi
1832 1082 1941 1135 Bu·

344 1182 443 1223 cae
474 1172 565 1225 10:
604 1170 723 1241 Qui
748 1184 849 1223 vos
876 1165 1067 1234 audit,
1100 1183 1194 1224 me
1223 1166 1419 1235 audit;
1449 1172 1505 1224 et
1533 1173 1755 1241 quivos
1778 1186 1937 1242 spe-r-

343 1257 453 1323 uit,
496 1272 589 1313 me
622 1259 865 1329 spernit.
910 1257 1057 1324 Quae
1102 1257 1227 1314 licet
1264 1254 1331 1313 de
1371 1257 1627 1328 praelatis
1666 1258 1942 1316 Ecclesiae

347 1345 639 1417 praecipue
666 1345 813 1401 dicta
842 1346 967 1415 sint,
997 1346 1052 1402 in
1080 1346 1333 1403 omnibus
1364 1348 1741 1417 superioribus
1769 1348 1941 1420 legiti-

347 1436 449 1490 mis
473 1449 605 1491 cum
634 1435 979 1505 proportione
1008 1436 1192 1495 locum
1234 1436 1453 1505 babent,
1504 1436 1655 1494 iuxta
1694 1438 1831 1493 illud
1873 1436 1940 1493 ad

346 1523 554 1581 Coloss.
572 1530 626 1581 3:
651 1525 823 1581 Sicut
851 1528 1124 1591 Domino,
1152 1530 1208 1582 et
1224 1544 1345 1583 non
1366 1528 1715 1593 hominibus,
1744 1534 1853 1583 ete.
1872 1528 1943 1583 Et

348 1615 505 1672 inira:
526 1618 778 1671 Domino
796 1616 1035 1673 Christo
1058 1620 1284 1673 servite.
1294 1619 1363 1673 Et
1377 1618 1583 1675 clarius
1595 1618 1661 1675 ad
1673 1616 1872 1690 Ephes.
1885 1621 1937 1675 6:

346 1706 537 1771 Servi,
572 1702 797 1760 obedite
823 1702 1079 1762 dominis
1104 1706 1455 1764 carnalibus
1488 1724 1626 1765 cum
1652 1712 1861 1764 timore
1888 1711 1973 1763 et·

345 1800 600 1850 tremore
622 1796 687 1850 iu
713 1796 1099 1867 simplicitate
1126 1795 1321 1853 cordis
1358 1801 1557 1864 vestri,
1590 1800 1743 1854 sicut
1774 1798 1943 1853 Chri-

346 1888 455 1939 sto.
475 1884 547 1939 Et
568 1887 617 1940 1.
642 1886 761 1941 Pet.
782 1889 839 1943 2:
873 1886 1059 1955 Servi,
1085 1884 1304 1941 subditi
1328 1891 1503 1943 estote
1526 1887 1795 1951 dominis.
1828 1892 1937 1942 etc.

340 1978 349 1985 ·
425 1972 507 2029 Ad
530 1981 794 2045 quartum
823 1974 1194 2031 testimonium
1218 1991 1283 2031 ex
1313 1981 1361 2034 l.
1380 1978 1506 2033 Cor.
1529 1978 1581 2035 7:
1600 1976 1797 2033 Nolite
1818 1991 1937 2033 ser-

344 2061 563 2135 vifieri
578 2062 905 2129 hominum,
936 2062 1090 2119 lacile
1112 2064 1495 2136 respondetur,
1509 2065 1583 2122 ibi
1604 2081 1709 2121 non
1734 2065 1801 2121 de
1824 2080 1939 2121 ser·

346 2154 521 2208 vitute
550 2153 847 2223 corporali,
878 2152 975 2209 sed
1002 2154 1069 2209 de
1098 2154 1365 2226 spirituali
1386 2172 1864 2225 esse-sermonem,
1884 2161 1946 2212 ut

348 2248 500 2313 patet
518 2257 585 2297 ex
606 2243 1057 2314 praecedentibus
1083 2244 1283 2316 verbis,
1288 2250 1483 2321 pretio
1505 2249 1685 2321 empti
1706 2250 1859 2312 estis,
1887 2254 1945 2302 et

348 2334 428 2389 ita
452 2332 583 2389 sacti
610 2331 809 2390 Christi
837 2335 1003 2404 servi,
1022 2342 1084 2390 ut
1110 2335 1178 2390 ibi
1203 2338 1422 2407 saepius
1443 2335 1674 2393 dixerat:
1691 2335 1819 2393 huic
1842 2352 1941 2392 au·

348 2428 459 2478 tem
484 2423 737 2478 servituti
768 2422 990 2493 opponit
1015 2424 1335 2481 servitutem
1366 2424 1667 2498 bominum,
1700 2426 1944 2497 loquitur

347 2526 480 2583 ergo
508 2510 575 2568 de
614 2512 881 2582 spirituaii
916 2514 1205 2569 servitute.
1247 2515 1383 2571 Nam
1422 2514 1489 2570 de
1526 2516 1796 2587 corporali
1835 2516 1941 2571 iam

346 2600 577 2675 dixerat,
610 2600 739 2657 nihil
769 2602 987 2659 obstare
1010 2602 1207 2661 Christi
1227 2605 1499 2676 servituti:
1524 2607 1633 2660 imo
1654 2604 1945 2661 consilium

347 2690 609 2749 dederat:
653 2694 873 2749 Servus
905 2697 1150 2750 vocatus
1192 2709 1280 2760 es,
1327 2710 1446 2751 own
1490 2698 1568 2751 sit
1596 2694 1697 2751 tibi
1736 2710 1939 2751 curae.

347 2782 501 2837 Tunc
530 2789 715 2837 autem
742 2780 947 2838 dicitur
975 2783 1100 2855 quis
1128 2783 1241 2839 lieri
1270 2799 1465 2839 servus
1504 2783 1784 2840 hominum
1830 2800 1948 2840 ser-

348 2872 521 2927 vitute
550 2870 786 2941 peccati,
810 2871 1031 2943 quando
1061 2877 1127 2927 ut
1154 2870 1367 2943 placeat
1398 2872 1731 2944 bominibuS,
1759 2871 1944 2944 displi-

347 2968 441 3017 cet
469 2964 595 3031 Deo,
628 2967 685 3016 et
709 2960 929 3033 quando
962 2962 1355 3033 temporalibus
1378 2960 1611 3018 dominis
1634 2970 1830 3018 contra
1855 2964 1943 3019 Dei

352 3050 609 3107 bonorem
638 3050 977 3123 obsequitur,
1009 3059 1066 3106 et
1098 3053 1170 3107 ita
1209 3050 1416 3107 dixerat
1454 3051 1525 3107 ibi
1568 3052 1732 3124 paulo
1772 3068 1937 3123 supe·

348 3142 487 3198 rius:
526 3140 697 3216 Quod
722 3143 773 3197 si
799 3138 1059 3212 infidelis
1088 3139 1353 3207 discedit,
1405 3140 1691 3199 discedat.
1731 3146 1860 3200 Non
1889 3157 1945 3197 e-

347 3233 476 3286 nim
500 3232 767 3287 servituti
802 3230 1095 3286 subiectas
1135 3234 1223 3286 est
1240 3228 1469 3301 frater,
1521 3237 1633 3287 aut
1672 3247 1842 3287 soror
1878 3234 1945 3287 in

350 3318 709 3377 huiusmodi.
729 3323 800 3377 In
812 3335 967 3394 pace
987 3324 1190 3377 autem
1212 3325 1445 3377 vocavit
1471 3338 1579 3378 nos
1600 3326 1781 3379 Deus.
1808 3322 1944 3379 Obe-

352 3408 547 3466 dientia
572 3411 704 3482 ergo
732 3408 803 3465 ad
834 3409 1105 3479 homines,
1132 3410 1175 3465 si
1216 3410 1285 3466 sit
1306 3412 1447 3467 iusta
1472 3418 1528 3468 et
1556 3411 1812 3473 honesta,
1836 3428 1947 3468 non

351 3506 438 3555 est
464 3505 655 3555 contra
681 3499 881 3556 Christi
910 3499 1364 3571 redemptionem,
1395 3499 1491 3556 sed
1525 3506 1609 3556 est
1636 3502 1755 3572 paci
1781 3506 1838 3557 et
1864 3501 1946 3556 iu-

354 3588 531 3645 stitiae
578 3594 965 3645 cousentanea-
1017 3593 1197 3662 Atque
1247 3590 1319 3645 ita
1356 3592 1607 3660 exposuit
1644 3590 1737 3646 illa
1782 3589 1947 3646 verba

354 3677 637 3754 chrysost.
674 3678 860 3734 homil.
902 3682 985 3736 19.
1018 3679 1068 3733 in
1108 3686 1157 3736 l.
1189 3678 1257 3735 ad
1279 3678 1525 3735 Corinth.
1549 3679 1649 3745 Qui
1672 3680 1834 3735 etiam
1854 3678 1948 3735 ad-

356 3766 453 3832 dit,
486 3783 644 3839 posse
674 3784 893 3823 servum
924 3774 1233 3824 manentem
1264 3784 1485 3824 servum
1515 3768 1820 3825 secundum
1846 3768 1947 3824 hu-

357 3872 571 3914 manam
608 3856 973 3914 conditionem
1021 3873 1225 3914 exuere
1266 3859 1633 3915 conditionem
1672 3858 1942 3930 servilem,

356 3964 463 4003 non
494 3947 781 4004 serviendo
806 3948 1033 4004 Domino
1064 3954 1124 4005 ut
1154 3948 1377 4019 homini,
1410 3948 1504 4004 sed
1537 3956 1595 4005 ut
1622 3947 1858 4019 Christo,
1885 3955 1949 4005 ut

355 4036 471 4092 aliis
503 4037 636 4093 locis
665 4039 847 4093 citatis
874 4038 1169 4109 Apostolus
1198 4037 1457 4093 consulit.
1484 4036 1555 4093 Et
1575 4046 1761 4109 posset
1786 4040 1947 4094 etiam

352 4127 569 4198 exponi,
595 4126 929 4200 nolitefieri
943 4128 1441 4215 semihominum:
1468 4143 1599 4183 cum
1621 4129 1736 4184 sitis
1758 4129 1951 4186 aChri-

355 4222 442 4271 sto
471 4218 759 4289 redempti,
792 4216 890 4288 ipsi
919 4219 1115 4273 servite
1144 4218 1199 4272 in
1221 4216 1551 4289 hominibus,
1574 4222 1630 4273 et
1650 4216 1721 4274 ita
1742 4234 1849 4273 non
1870 4218 1949 4273 el*-

352 4307 603 4363 ticiemini
626 4309 769 4363 servi
792 4306 1097 4376 bominum,
1123 4306 1337 4363 tametsi
1362 4305 1668 4361 conditione
1690 4307 1810 4361 sitis
1833 4320 1950 4362 ser-

355 4396 423 4451 vi.
457 4399 608 4463 Quae
635 4398 905 4466 posterior
942 4396 1205 4467 expositio
1245 4411 1429 4452 veram
1468 4396 1711 4451 continet
1744 4395 1944 4453 doctri·

354 4502 506 4559 nam,
528 4487 623 4544 sed
654 4488 805 4558 prior
832 4493 916 4543 est
944 4486 1209 4557 litteralis3
1236 4502 1359 4542 nam
1386 4486 1479 4542 illa
1500 4485 1686 4557 verba,
1721 4493 1781 4541 ut
1803 4483 1945 4542 idem

353 4576 787 4651 chrysostomus
816 4583 1007 4645 notat,
1037 4592 1143 4632 non
1172 4574 1241 4631 ad
1268 4592 1457 4632 servos
1495 4582 1729 4645 tantum,
1760 4576 1856 4632 sed
1880 4574 1948 4631 ad

353 4665 603 4722 homines
630 4666 796 4722 etiam
827 4665 1022 4722 liberos
1050 4663 1195 4722 dicta
1224 4671 1376 4733 sunt,
1411 4671 1472 4721 ut
1500 4662 1672 4720 nolint
1700 4664 1812 4721 lieri
1840 4664 1949 4737 spi-

354 4754 619 4810 ritualiter
649 4756 815 4820 servi,
846 4770 979 4811 cum
1008 4761 1155 4811 tanto
1186 4756 1362 4826 pretio
1404 4754 1512 4811 sint
1553 4752 1838 4825 redempti.
1881 4754 1951 4811 Et

352 4845 515 4900 etiam
542 4845 795 4916 exposuit
820 4845 1141 4901 Ambrosius
1171 4846 1223 4900 in
1252 4845 1305 4902 id
1325 4844 1463 4918 psal.
1496 4848 1588 4903 43:
1623 4843 1950 4902 Vendidisti

346 4932 635 5007 populum
656 4939 829 4991 tuum
849 4936 975 4991 sine
988 4935 1198 5009 pretio.
1217 4934 1297 4991 Ad
1320 4934 1529 5008 reliqua
1546 4934 1950 4992 haereticorum

353 5022 705 5080 fundamenta
730 5025 785 5079 in
814 5025 986 5095 primo
1015 5022 1153 5079 libro
1183 5039 1503 5095 responsum
1534 5030 1639 5096 est,
1667 5032 1726 5080 et
1757 5031 1951 5081 eontra

355 5113 547 5171 salsam
577 5112 877 5169 libertatem
908 5111 1263 5169 christianam
1286 5152 1300 5181 ,
1327 5128 1490 5185 quam
1516 5114 1613 5184 ipsi
1636 5113 1874 5185 fingunt,
1898 5114 1949 5169 in

356 5203 493 5260 libro
515 5204 765 5276 sequenti
791 5209 847 5259 et
870 5200 1032 5261 latius
1055 5205 1107 5260 in
1134 5202 1327 5259 ultimo
1362 5203 1524 5260 buius
1546 5208 1818 5260 tractatus
1840 5201 1950 5259 dis-

3403 307 3526 369 175

2010 467 2278 510 serenius.
2310 452 2512 507 Contra
2537 451 2810 508 fictionem
2841 456 3026 507 autem
3053 448 3200 505 illam
3240 446 3306 505 de
3343 448 3604 507 iustifica-

2010 543 2153 597 tione
2177 556 2272 613 per
2293 540 2723 613 imputationem,
2740 539 3007 597 mediante
3026 536 3142 595 sola
3159 536 3358 595 fiducia
3383 540 3435 595 in
3449 538 3603 596 Chri·

2009 637 2180 691 stum.
2213 631 2262 687 in
2295 637 2534 688 tractatu
2561 630 2634 687 de
2666 632 2880 688 Gratia
2905 626 3200 685 dicendum
3227 635 3331 684 est.

2595 806 2870 875 CAPUT
2903 807 3014 873 VI.

2011 1010 2105 1059 An
2128 1004 2279 1061 haec
2297 1007 2560 1077 potestas
2596 1000 2679 1058 ad
2687 1000 2982 1073 serendas
3017 1000 3169 1075 leqes
3208 1001 3407 1059 civiles
3447 1001 3596 1058 obli-

2082 1100 2290 1166 qantes
2307 1096 2646 1149 universam
2665 1089 3002 1148 Ecclesiam
3023 1095 3098 1149 sit
3115 1094 3181 1148 in
3201 1108 3432 1149 summo
3444 1094 3600 1149 Pon-

2091 1181 2267 1253 tifice.

2589 1362 3046 1425 summarium

2012 1537 2062 1599 1.
2092 1537 2274 1587 Variae
2304 1538 2571 1587 doctorum
2603 1534 3052 1586 sententiae—2.
3081 1534 3210 1585 Vera
3244 1537 3519 1586 sententia.
3541 1562 3610 1571 —

2080 1607 2392 1670 Temporalis
2434 1596 2661 1670 potesta's
2697 1604 2946 1669 quomodo
2977 1605 3212 1655 subiecta
3245 1605 3522 1668 spirituali.
3545 1632 3615 1642 —

2082 1676 2133 1727 3.
2162 1676 2517 1741 Respondetur
2536 1675 2820 1725 sententiae
2839 1675 3119 1738 oppositae.
3131 1702 3199 1710 -—
3211 1676 3262 1723 4.
3277 1676 3615 1740 Praescriptio

2079 1759 2198 1795 cum
2221 1746 2535 1810 possessione
2558 1746 2720 1794 malae
2745 1743 2862 1793 fidei
2887 1746 3194 1808 reprobatur
3227 1756 3320 1808 per
3355 1745 3494 1808 leges
3530 1756 3614 1795 ca-

2079 1828 2306 1866 nomcas.

2097 1978 2147 2029 1.
2181 1975 2456 2043 Diximus,
2494 1988 2618 2029 esse
2657 1974 2713 2028 in
2752 1972 3000 2029 Ecclesia
3036 1971 3239 2030 Christi
3278 1979 3604 2045 potestatem

2014 2064 2370 2135 temporalem
2403 2062 2468 2118 ad
2500 2060 2817 2134 obligandos
2846 2060 3168 2117 christianos
3198 2062 3407 2135 legibus
3434 2061 3609 2119 civili-

2011 2152 2135 2223 bus,
2154 2167 2304 2207 nunc
2333 2151 2626 2208 videndum
2647 2152 2922 2223 sequitur,
2938 2149 3085 2223 apud
3107 2166 3245 2223 quos
3265 2152 3334 2206 sit
3353 2150 3488 2209 haec
3514 2168 3612 2223 po·

2010 2248 2200 2313 testas,
2235 2248 2289 2297 et
2319 2241 2468 2312 prius
2497 2240 2744 2297 dicemus
2763 2278 2779 2308 ,
2815 2254 2883 2296 an
2908 2240 2982 2296 sit
3009 2239 3191 2311 aliqua
3223 2238 3338 2296 talis
3367 2247 3612 2311 potestas

2015 2329 2334 2388 universalis
2374 2346 2471 2402 pro
2502 2334 2614 2386 tota
2642 2328 2914 2399 Ecclesia,
2943 2334 3001 2385 et
3025 2334 3214 2401 postea
3240 2328 3516 2400 quomodo
3547 2344 3607 2385 re

2014 2436 2146 2478 vera
2176 2419 2467 2477 distributa
2496 2419 2588 2476 sit.
2619 2421 2898 2501 Res-peetu
2934 2426 3116 2475 autem
3155 2418 3472 2475 universalis
3499 2420 3608 2475 Ec-

2012 2509 2233 2582 clesiae,
2267 2510 2334 2567 de
2361 2508 2576 2566 duabus
2610 2509 2836 2565 maxime
2865 2508 3113 2580 personis
3134 2507 3367 2565 dubitari
3397 2515 3598 2580 polest,

2012 2600 2230 2658 scilicet
2266 2600 2334 2657 de
2361 2600 2620 2657 Pontifice
2643 2614 2858 2655 summo
2880 2603 2933 2654 et
2955 2600 3303 2671 imperatore,
3319 2596 3384 2653 de
3407 2599 3608 2671 quibus

2012 2690 2326 2762 singillatim
2351 2688 2790 2745 dicemus.Multi
2810 2704 2940 2761 ergo
2965 2688 3219 2745 doctores
3243 2687 3604 2761 tradiderunt,

2012 2780 2330 2835 Pontificem
2359 2795 2638 2837 summum
2669 2777 2867 2834 habere
2897 2778 3158 2834 directam
3187 2784 3514 2849 potestatem
3536 2776 3605 2834 ad

2012 2867 2262 2924 serendas
2291 2866 2436 2941 leges
2459 2867 2646 2925 civiles
2669 2884 2767 2940 pro
2792 2868 3046 2924 universa
3069 2867 3333 2924 Ecclesia.
3348 2866 3462 2923 lmo
3485 2867 3604 2938 qui·

2012 2958 2138 3013 dam
2175 2957 2448 3027 dixerunt,
2481 2956 2678 3013 habere
2707 2955 2855 3013 illam
2883 2972 2983 3028 pro
3023 2957 3281 3013 universo
3313 2956 3462 3015 orbe.
3495 2956 3607 3014 Mo·

2014 3049 2235 3120 verique
2268 3052 2593 3119 potuerunt,
2623 3047 2753 3118 quia
2779 3047 3028 3103 Christus
3051 3046 3308 3102 Dominus
3339 3046 3481 3102 illam
3511 3045 3606 3103 ha-

2012 3137 2151 3209 buit,
2181 3144 2238 3193 et
2265 3137 2413 3193 vices
2442 3151 2570 3191 suas
2599 3135 2810 3191 Vicario
2835 3152 2938 3192 suo
2963 3135 3116 3206 plene
3139 3135 3434 3193 concessit.
3447 3134 3602 3193 Unde

2012 3227 2080 3284 de
2107 3226 2163 3284 d.
2197 3230 2355 3284 Petro
2385 3225 2460 3282 ait
2487 3225 2752 3282 Ecclesia:
2790 3224 2916 3283 'libi
2945 3222 3198 3281 tradidit
3217 3229 3375 3281 Deus
3402 3228 3610 3283 onznia

2012 3333 2202 3390 reqna
2240 3314 2464 3373 muudi.
2499 3316 2888 3372 Verumtamen
2917 3316 2964 3371 si
2995 3314 3125 3371 haec
3155 3317 3423 3371 sententia
3451 3316 3604 3371 intel-

2015 3407 2214 3479 ligatur
2241 3404 2310 3461 de
2338 3406 2598 3480 universo
2626 3406 2780 3477 orbe,
2811 3412 2980 3477 prout
3005 3404 3236 3461 includit
3261 3421 3370 3461 non
3397 3398 3607 3462 tantum

2014 3496 2218 3567 fideles,
2251 3495 2348 3552 sed
2381 3497 2543 3553 etiam
2569 3495 2828 3567 infideles,
2861 3497 3184 3568 priusquam
3206 3494 3272 3551 ad
3296 3494 3453 3551 fldem
3476 3510 3611 3551 eon·
3721 3514 3727 3521 ·

2014 3592 2324 3657 vertantur,
2351 3593 2411 3645 et
2435 3586 2502 3642 de
2529 3585 2741 3642 directa
2783 3590 3048 3656 potestate
3074 3590 3130 3639 et
3157 3582 3529 3640 iurisdictione
3557 3584 3608 3639 in

2015 3676 2155 3747 illos,
2173 3681 2257 3732 est
2280 3676 2428 3732 clare
2457 3675 2613 3732 falsa.
2627 3674 2763 3743 Quia
2783 3674 3034 3730 Christus
3053 3675 3312 3731 Dominus
3331 3688 3612 3745 nunquam

2014 3766 2292 3823 concessit
2318 3766 2598 3822 Ecclesiae
2627 3764 2767 3820 hanc
2797 3770 3119 3835 potestatem
3143 3804 3158 3833 ,
3187 3761 3279 3819 sed
3312 3762 3490 3819 solum
3521 3778 3608 3819 re-

2016 3864 2208 3927 spectu
2235 3856 2470 3912 fidelium
2493 3855 2643 3912 dedit
2660 3860 2982 3927 potestatem
3001 3860 3057 3909 et
3077 3854 3160 3909 ius
3181 3851 3523 3924 praedicandi
3549 3851 3611 3909 il-

2016 3946 2103 4017 lis,
2128 3945 2318 4003 dicens
2346 3944 2532 4001 Matth.
2560 3944 2767 4001 ultimo:
2793 3948 3016 4002 Eantes
3037 3940 3232 3999 docete
3251 3958 3448 3999 omnes
3469 3958 3606 4015 yen-

2014 4042 2119 4093 tes:
2148 4036 2483 4108 ubicumque
2517 4040 2702 4091 autem
2743 4032 2892 4090 dedit
2927 4038 3251 4105 potestatem
3294 4032 3609 4106 gubernati-

2015 4140 2137 4181 vam
2166 4166 2182 4198 ,
2213 4124 2455 4197 loquitur
2506 4131 2762 4196 respectu
2789 4120 3045 4179 fidelium.
3087 4123 3234 4178 loan.
3280 4127 3382 4179 21:
3415 4124 3612 4179 Pasce

2014 4230 2145 4271 oves
2173 4229 2361 4275 meas:
2387 4219 2444 4269 et
2475 4212 2666 4270 Matth.
2708 4216 2796 4284 16,
2825 4212 2980 4284 prius
3016 4210 3148 4268 dixit
3182 4214 3372 4269 Petro:
3419 4212 3508 4269 Tu
3548 4227 3608 4268 es

2014 4290 2250 4371 Petruff,
2285 4308 2340 4359 et
2371 4318 2550 4377 super
2575 4304 2732 4360 lianc
2757 4308 2991 4377 petram
3031 4300 3363 4374 aedificabo
3403 4300 3608 4358 Eccle-

2016 4396 2174 4450 siam
2203 4408 2425 4455 meam:
2451 4399 2508 4449 et
2540 4398 2728 4465 postea
2757 4390 2978 4448 addidit:
3015 4389 3434 4467 Quodcumque
3461 4389 3612 4463 liqa·

2013 4486 2182 4551 veris,
2217 4488 2328 4539 etc.
2359 4489 2416 4539 et
2444 4498 2568 4554 cap.
2609 4488 2694 4541 18.
2733 4482 2884 4553 prius
2923 4480 3076 4537 dixit:
3123 4483 3236 4537 Dic
3279 4478 3603 4547 Ecclesiae,

2016 4580 2073 4630 et
2097 4580 2302 4647 postea:
2359 4576 2775 4649 Quaecumque
2815 4568 3226 4644 alliqaveritis,
3275 4576 3386 4627 etc.
3431 4570 3612 4643 Atque

2018 4662 2087 4719 ob
2116 4663 2256 4720 banc
2285 4677 2510 4719 causam
2539 4660 2674 4717 dixit
2700 4660 2923 4717 Paulus.
2950 4659 3258 4718 l.Corinth.
3285 4664 3335 4717 5:
3364 4659 3527 4736 Quid
3555 4674 3613 4715 e·
3685 4692 3696 4709 ,

2017 4756 2145 4809 nim
2173 4753 2320 4810 mihi
2339 4750 2409 4808 de
2429 4754 2522 4819 iis,
2559 4747 2888 4822 quaesoris
2916 4752 3052 4809 sint.
3083 4747 3401 4807 iudicare?
3427 4748 3484 4807 id
3503 4756 3608 4819 est,

2016 4840 2083 4898 de
2110 4839 2436 4910 infidelibus,
2467 4839 2562 4912 qui
2589 4846 2720 4895 sunt
2745 4846 2902 4895 extra
2923 4838 3247 4911 Ecclesiam,
3271 4845 3328 4895 et
3347 4854 3449 4894 non
3480 4838 3612 4895 sub·

2016 4934 2197 4989 iacent
2225 4928 2579 4989 iurisdictioni
2607 4928 2724 4984 eius
2741 4928 2769 4985 ⁴?
2795 4928 2948 4986 Unde
2969 4930 3316 4996 lnnocentius
3353 4928 3444 5003 ΙΙΙ..
3481 4942 3606 4999 cap.

2023 5020 2382 5087 caedemus,
2418 5018 2486 5077 de
2514 5018 2716 5075 divort.
2749 5017 2902 5091 dixit,
2931 5018 3348 5076 constitutiones
3389 5018 3612 5075 canoni·

2020 5128 2115 5169 cas
2142 5127 2249 5168 non
2278 5110 2520 5183 obligare
2539 5116 2695 5166 extra
2719 5108 3023 5167 Ecclesiam
3051 5125 3311 5184 paganos:
3327 5107 3500 5166 multo
3523 5126 3611 5166 er·

2022 5217 2093 5275 go
2124 5200 2308 5259 minus
2335 5206 2562 5273 possent
2590 5199 2832 5273 obligare
2857 5200 3002 5274 leges
3032 5201 3216 5259 civiles
3255 5200 3394 5257 latae
3415 5216 3447 5256 a
3475 5202 3612 5258 Pon-
