4325 6267
1755 313 1966 366 cartu·
1993 316 2138 368 XVI.
2194 329 2203 338 ·

307 441 640 516 cipiendnm.
657 441 777 500 Alio
797 439 962 500 modo
985 442 1275 516 contingit,
1293 440 1556 499 ditionem
1576 441 1777 514 regiam
1793 455 1902 498 non

309 535 490 592 solnm
516 550 584 591 ex
614 533 802 591 multis
827 533 1124 606 provinciis
1143 575 1158 603 ,
1189 531 1284 592 sed
1311 533 1473 590 etiam
1499 549 1566 590 ex
1595 531 1784 590 multis
1813 543 1901 589 rea

307 627 425 699 gnis
465 630 756 689 constare,
799 613 940 696 quae
979 639 1088 679 non
1131 622 1329 680 babent
1367 622 1508 680 inter
1549 637 1608 680 se
1637 621 1902 680 moralem

310 715 572 772 unitatem
601 729 699 787 per
728 730 816 786 se,
847 713 944 772 sed
973 712 1150 770 solum
1174 729 1271 788 per
1293 711 1550 771 accidens
1571 713 1622 769 in
1647 728 1755 770 una
1777 727 1903 786 per-

305 823 442 863 sona
471 804 716 864 eiusdem
744 807 922 880 regis,
947 804 1014 861 ad
1043 821 1207 879 quem
1237 804 1320 861 vel
1342 819 1438 878 per
1465 802 1900 868 successionem,

305 898 390 957 vel
438 896 542 954 alio
591 895 748 954 titulo
792 912 890 968 per
941 893 1198 954 accidens
1244 894 1612 952 devenerunt:
1654 893 1904 965 exempla

303 989 552 1046 omnium
578 986 811 1045 istorum
833 985 1202 1044 membrorum
1226 986 1450 1043 inveniri
1473 991 1707 1058 possunt
1726 986 1781 1042 in
1802 987 1904 1042 im·

301 1079 455 1152 perio
483 1077 765 1150 Hispaniae
785 1119 800 1149 ,
826 1079 880 1134 in
909 1092 1019 1150 quo
1049 1076 1155 1133 sub
1185 1092 1292 1134 uno
1322 1075 1565 1148 principe
1591 1081 1725 1132 sunt
1745 1073 1905 1146 plura

301 1185 472 1244 regna
511 1169 652 1226 inter
693 1184 750 1226 se
789 1165 1228 1237 distinctissime,
1271 1182 1410 1240 quae
1451 1166 1606 1224 aliam
1645 1166 1904 1224 unionem

301 1277 409 1318 non
440 1257 668 1332 babent,
699 1259 801 1316 nisi
829 1259 881 1315 in
909 1273 1020 1314 una
1050 1272 1285 1330 persona
1313 1257 1478 1330 regis.
1503 1257 1585 1314 Ex
1606 1255 1689 1314 his
1711 1263 1899 1314 autem

301 1354 487 1426 regnis
528 1349 793 1425 quaedam
833 1355 964 1406 sunt
1001 1334 1392 1421 particularia,
1422 1362 1662 1420 quorum
1689 1344 1905 1419 singula

303 1457 470 1500 unam
511 1440 709 1497 habent
748 1437 1222 1510 metropolitanam
1260 1439 1568 1508 civitatem,
1602 1442 1665 1493 ut
1687 1434 1906 1493 videtur

297 1549 422 1590 esse
441 1531 846 1603 neapolitanum
869 1544 1100 1603 regnum
1121 1527 1444 1600 Aragoniae,
1466 1526 1762 1596 valentiae,
1787 1532 1900 1583 etc.

299 1621 484 1696 aliqua
533 1626 662 1677 sunt
707 1618 1004 1692 ampliora,
1045 1624 1109 1674 ut
1145 1617 1404 1676 castellae
1446 1633 1710 1690 regnum,
1753 1614 1904 1688 quod

299 1712 610 1784 provincias
639 1709 792 1768 valde
819 1710 1136 1782 distinctas,
1166 1715 1224 1766 et
1249 1707 1406 1782 quasi
1445 1707 1900 1780 metropolitanas

299 1802 722 1874 complectitur,
763 1807 820 1858 et
857 1799 1170 1858 huiusmodi
1209 1799 1374 1857 etiam
1413 1799 1634 1856 videtur
1660 1813 1783 1856 esse
1811 1812 1898 1855 re-

199 1915 208 1920 ·
295 1908 468 1966 gnum
497 1890 727 1963 Galliae,
755 1896 812 1947 et
839 1889 1054 1947 similia.

379 1987 434 2040 6.
465 1985 542 2040 De
581 1981 792 2055 legibus
829 1997 962 2054 ergo
1006 1981 1200 2053 prioris
1237 1977 1445 2038 ordinis
1483 1994 1668 2036 omnes
1695 1992 1894 2036 convc-

299 2075 490 2139 niunt‚
533 2071 872 2130 sufficienter
911 2071 1247 2142 promulgari
1274 2072 1438 2128 unica
1463 2069 1694 2127 solemni
1723 2067 1898 2141 publi·

297 2165 514 2222 catione
539 2163 686 2220 facta
713 2162 766 2218 in
794 2161 980 2231 curia,
1011 2161 1094 2219 vel
1125 2161 1418 2234 praecipua
1447 2160 1698 2229 civitate,
1729 2159 1814 2216 vel
1847 2158 1900 2216 in

299 2255 420 2310 loco
459 2252 766 2310 secundum
811 2268 1022 2310 morem
1049 2254 1256 2324 patriae
1287 2257 1574 2309 consueto.
1605 2250 1762 2309 Ratio
1788 2256 1895 2322 est,

297 2345 428 2417 quia
463 2343 556 2400 illa
592 2343 828 2416 sufficit,
859 2349 921 2400 ut
946 2342 1034 2400 lex
1060 2342 1280 2400 dicatur
1309 2341 1521 2416 publice
1549 2357 1615 2399 ac
1646 2341 1900 2398 solemni-

299 2441 384 2492 ter
422 2432 601 2505 edita,
643 2445 700 2490 et
742 2439 803 2491 ut
839 2433 1120 2491 moraliter
1149 2434 1323 2491 valeat
1348 2449 1446 2505 per
1474 2439 1654 2490 totum
1679 2431 1899 2489 territo-

299 2527 473 2598 rium,
518 2541 618 2581 seu
657 2524 972 2582 districtum
1013 2523 1288 2599 evulgari3
1329 2538 1464 2596 ergo
1504 2539 1569 2580 ex
1597 2528 1797 2580 natura
1824 2521 1904 2577 rei

299 2635 408 2674 non
447 2623 630 2690 potest
660 2632 790 2673 cum
831 2613 1185 2672 fundamento
1215 2613 1419 2687 aliquid
1446 2613 1677 2685 amplius
1707 2618 1896 2685 postu-

303 2707 428 2781 lari,
459 2723 562 2765 nec
601 2708 770 2763 etiam
807 2707 925 2762 iure
955 2706 1184 2777 positivo
1214 2705 1358 2762 aliud
1386 2704 1786 2777 praescriptum
1813 2704 1898 2759 in·

303 2799 546 2872 venitur3
569 2813 702 2872 ergo
727 2797 832 2854 boc
861 2796 1087 2854 sufficit.
1111 2797 1182 2854 Et
1201 2797 1560 2854 confirmatur
1576 2837 1590 2866 ,
1616 2794 1744 2868 quia
1763 2793 1898 2852 alias

301 2895 576 2962 oporteret
611 2888 666 2945 in
693 2887 924 2960 singulis
953 2885 1260 2945 civitatibus
1289 2886 1375 2944 vel
1403 2885 1616 2958 populis
1647 2883 1898 2956 promul-

298 2981 444 3053 gari,
475 2979 604 3052 quia
631 2980 678 3036 si
705 2993 812 3036 una
839 2977 1208 3051 promulgatio
1238 2993 1347 3034 non
1385 2975 1592 3032 sufficit
1619 2974 1671 3032 in
1697 2977 1897 3049 capite,

301 3087 408 3127 non
421 3077 514 3127 est
537 3071 710 3127 maior
730 3071 890 3139 ratio,
907 3084 1012 3125 cur
1032 3068 1278 3141 exigatur
1295 3069 1346 3124 in
1367 3065 1717 3141 quibusdam,
1731 3083 1898 3140 quam

299 3163 350 3216 in
379 3159 630 3217 omnibus
668 3159 784 3216 aliis
812 3159 1046 3231 populis.
1078 3158 1432 3232 Consequens
1461 3163 1644 3214 nutem
1671 3164 1760 3214 est
1784 3156 1898 3229 pla-

300 3269 364 3310 ne
390 3251 622 3322 l'alsum,
647 3257 708 3307 ut
734 3255 952 3308 constat
979 3255 1096 3306 tum
1118 3263 1186 3305 ex
1216 3263 1321 3304 usu
1340 3287 1355 3314 ,
1383 3253 1501 3305 tum
1533 3247 1660 3320 quia
1689 3245 1774 3302 lex
1797 3261 1896 3318 per

298 3360 356 3400 se
385 3341 610 3414 respicit
642 3341 1118 3397 communitatem:
1146 3345 1204 3396 et
1223 3337 1298 3394 ita
1326 3337 1454 3393 satis
1483 3342 1590 3407 est,
1621 3335 1767 3409 qu‘od
1799 3337 1898 3394 toti

299 3431 684 3492 communitati
723 3429 893 3488 semel
920 3429 1142 3503 publice
1178 3432 1536 3501 proponatur.
1569 3427 1652 3484 Ex
1675 3442 1788 3500 qua
1813 3443 1902 3484 ra·

299 3524 446 3582 tione
472 3522 786 3580 dicebamus
809 3535 978 3593 supra
997 3560 1012 3590 ,
1039 3535 1146 3576 non
1170 3518 1370 3592 requiri
1393 3518 1656 3590 privatam
1684 3517 1897 3573 intima-

300 3616 498 3670 tionem
525 3617 785 3685 respectu
815 3625 1196 3683 personarum,
1219 3607 1305 3666 vel
1333 3608 1684 3679 familiarum,
1707 3608 1898 3666 eadem

297 3705 408 3761 sere
449 3701 664 3760 ostendi
702 3708 916 3774 potest,
959 3715 1064 3756 non
1094 3714 1216 3757 csse
1242 3699 1609 3756 necessariam
1639 3706 1897 3772 respectu

297 3795 644 3869 singulorum
686 3793 1019 3864 populorum
1050 3791 1210 3848 unius
1237 3793 1481 3863 privatae
1507 3788 1752 3861 ditionis,
1785 3789 1898 3846 sive

299 3884 557 3954 civitatis,
587 3884 698 3940 sive
725 3883 1038 3954 provinciae
1066 3880 1410 3954 particularis
1431 3880 1778 3954 regni-Haec
1798 3895 1897 3937 au·

301 3985 409 4033 tem
437 3974 754 4047 intelligitur
793 3987 894 4044 per
931 3987 1018 4042 se,
1047 3978 1108 4028 et
1132 3971 1234 4028 nisi
1264 3971 1316 4026 in
1344 3973 1576 4043 ipsamet
1606 3971 1722 4045 lege
1749 3969 1896 4028 aliud

299 4064 732 4138 praescribatur3
765 4077 888 4119 nam
915 4060 1192 4118 interdum
1224 4058 1278 4117 id
1306 4061 1511 4132 poterit
1534 4059 1820 4133 expedire,
1840 4065 1898 4118 et

299 4171 406 4212 non
435 4161 524 4211 est
547 4151 798 4224 dublum,
822 4151 952 4225 quin
981 4150 1092 4208 fieri
1117 4149 1310 4222 possit,
1335 4156 1393 4206 et
1419 4164 1581 4221 saepe
1609 4150 1721 4221 fiat,
1746 4156 1810 4206 ut
1829 4165 1895 4206 ex

298 4244 543 4303 dicendis
568 4242 845 4302 constabit
871 4251 983 4298 tam
1012 4242 1068 4296 in
1093 4240 1388 4314 praesenti,
1417 4255 1585 4312 quam
1612 4239 1662 4296 in
1685 4238 1894 4311 legibus

301 4336 597 4395 canonicis.

3358 298 3481 365 219

1973 440 2136 515 legib.
2186 443 2411 501 loannes
2456 442 2697 502 Andreas
2746 446 2879 504 Data
2924 447 3089 516 sexti,
3144 444 3559 502 Panormitanus

1972 550 2096 606 cap.
2128 539 2183 594 2.
2216 534 2281 593 de
2310 535 2596 594 constitut.
2631 552 2782 594 num.
2819 539 2881 609 7,
2912 543 2968 594 et
2986 537 3055 592 ibi
3078 535 3291 593 Felinus
3314 552 3466 592 num.
3499 538 3555 606 7,

1971 630 2027 682 ει
2047 624 2134 683 alii
2155 623 2251 696 ibi,
2274 632 2331 682 et
2348 627 2625 683 Navarrus
2648 625 2838 683 consil.
2866 631 2912 685 1.
2940 627 3006 683 de
3030 628 3311 703 constitut.
3338 633 3551 698 quaest.

1974 719 2007 772 4
2037 755 2050 786 ,
2079 731 2134 770 n.
2174 718 2271 784 19,
2301 721 2359 771 ει
2386 719 2484 783 20,
2514 715 2642 772 Soto
2666 715 2757 773 lib.
2793 717 2840 773 1.
2870 715 2945 773 de
2969 719 3221 782 iustitia,
3256 722 3467 788 quaest.
3509 719 3561 784 1,

1972 807 2131 862 artic.
2166 808 2224 878 4,
2256 805 2493 879 Angelus
2522 807 2687 863 verbo
2715 806 2813 863 lex
2832 851 2847 874 ,
2882 812 3095 880 quaest.
3127 810 3180 877 7,
3205 823 3357 864 ιιιιιιι.
3393 810 3441 876 1,
3464 809 3565 864 Ar-

1971 894 2116 952 milla
2157 911 2311 953 num.
2362 897 2460 966 11,
2498 894 2699 963 Rosell.
2741 913 2893 952 num.
2928 903 2992 967 8,
3026 895 3335 953 Ludovicus
3364 898 3563 954 Gomez

1972 989 2026 1043 in
2052 988 2319 1059 prooemio
2346 984 2414 1044 ad
2442 986 2661 1059 regulas
2686 986 2923 1043 Cancell.
2958 994 3173 1060 quaest.
3206 993 3263 1056 2,
3288 989 3379 1060 qui
3408 987 3565 1044 aliter

1975 1078 2216 1134 sentiunt
2240 1075 2307 1133 de
2336 1076 2544 1148 legibus
2573 1078 2849 1134 canonicis
2867 1118 2882 1148 ,
2906 1075 2972 1133 de
2998 1077 3198 1150 quibus
3228 1077 3475 1150 sequenti
3501 1078 3563 1134 li·

1970 1168 2070 1236 bro
2097 1167 2365 1225 dicemus.
2390 1165 2643 1225 Fundata
2668 1174 2752 1225 est
2779 1167 2917 1224 baec
2946 1172 3212 1226 sententia
3241 1169 3294 1226 in
3323 1170 3567 1227 Anthen-
3636 1237 3641 1244 .

1972 1257 2080 1316 tica
2097 1299 2112 1330 ,
2165 1260 2239 1318 Ut
2261 1253 2482 1328 factae
2520 1273 2706 1316 novae
2746 1260 3207 1326 constitutiones,
3256 1265 3369 1316 etc.
3400 1275 3567 1332 quam

1972 1362 2159 1404 omnes
2198 1347 2269 1404 ita
2304 1347 2642 1420 intelligunt,
2670 1349 2781 1404 imo
2814 1349 3090 1405 Navarrus
3128 1349 3231 1421 ait,
3270 1348 3412 1406 banc
3442 1365 3564 1408 sen-

1971 1439 2197 1495 tentiam
2224 1440 2571 1510 potissimum
2598 1437 2815 1494 fundari
2846 1437 2899 1493 in
2928 1439 3047 1495 iure
3076 1439 3302 1511 scripto.

2059 1534 2110 1586 8.
2161 1527 2465 1585 Difficultas
2511 1544 2641 1584 vero
2690 1535 2883 1584 contra
2924 1528 3065 1586 hanc
3105 1531 3423 1588 sententiam
3458 1536 3563 1601 est,

1971 1617 2098 1690 quia
2134 1616 2217 1674 lex
2256 1619 2361 1674 ista
2396 1633 2503 1675 non
2542 1624 2628 1674 est
2669 1619 2992 1677 universalis
3031 1635 3129 1691 pro
3157 1619 3405 1676 omnibus
3434 1621 3563 1694 legi-

1976 1709 2110 1781 bus,
2155 1707 2253 1766 sed
2292 1709 2469 1766 solum
2505 1724 2605 1780 pro
2634 1707 2843 1782 legibus
2871 1708 3281 1782 disponentibus
3308 1711 3459 1768 circa
3487 1718 3563 1768 te·-

1971 1805 2279 1872 stamenta,
2309 1797 2585 1872 quomodo
2622 1797 2902 1856 condenda
2931 1801 3056 1872 sint,
3086 1807 3195 1858 etc.
3230 1808 3295 1859 ut
3322 1809 3471 1874 patet
3494 1816 3562 1860 ex

1969 1907 2091 1963 cap.
2130 1895 2181 1948 1.
2212 1889 2455 1947 eiusdem
2483 1889 2843 1948 Autbenticae
2867 1889 2957 1948 ibi:
2989 1892 3316 1948 Sanc-imus
3342 1895 3550 1964 igitur,

1969 1997 2048 2039 ex
2063 1979 2172 2038 illo
2193 1985 2433 2038 nostras
2456 1982 2917 2044 constitutiones,
2949 1997 3097 2054 quae
3114 1996 3224 2054 pro
3244 1986 3560 2039 testamen·

1967 2074 2042 2128 tis
2056 2070 2247 2144 fiunt,
2282 2068 2499 2138 valere,
2536 2085 2613 2128 ex
2638 2087 2753 2142 quo
2778 2073 2841 2126 in
2866 2075 3165 2128 communi
3176 2069 3394 2143 factae
3420 2079 3562 2130 sant

1968 2159 2356 2234 manifestae,-
2398 2163 2463 2218 in
2491 2163 2816 2235 provinciis
2842 2165 3060 2227 autem,
3096 2177 3175 2218 ex
3199 2179 3314 2236 quo
3342 2161 3563 2222 directe

1960 2241 2074 2327 pe'r
2113 2249 2515 2324 metropolitas
2547 2247 2769 2325 palam
2790 2248 3005 2321 factae
3043 2255 3205 2308 sunt.
3248 2253 3327 2308 Ex
3354 2254 3555 2324 quibus

1970 2342 2099 2399 satis
2139 2347 2389 2412 constat,
2430 2357 2495 2400 ex
2543 2340 2595 2397 vi
2630 2341 2925 2398 verborum
2964 2341 3409 2400 constitutionem
3432 2360 3557 2402 esse

1969 2434 2284 2491 restrictam
2324 2432 2391 2490 ad
2433 2430 2595 2490 talem
2636 2432 2934 2490 materiam.
2976 2435 3086 2490 Nec
3125 2450 3251 2491 vero
3278 2451 3399 2492 eam
3430 2435 3559 2494 licet

1967 2521 2263 2581 extendere
2306 2529 2529 2595 propter
2558 2521 2963 2581 similitudinem
2995 2525 3249 2597 rationis3
3282 2530 3401 2581 tum
3432 2527 3563 2598 quia

1969 2610 2111 2670 torte
2153 2628 2259 2670 non
2300 2618 2388 2670 est
2424 2611 2720 2670 similitudo
2758 2613 3014 2684 rationis,
3055 2615 3179 2686 quia
3212 2621 3567 2673 testamento-

1969 2718 2094 2760 rum
2134 2717 2337 2759 causae
2382 2707 2513 2759 sunt
2551 2702 2723 2775 magis
2762 2703 2909 2776 piae,
2941 2705 3071 2759 etin
3098 2704 3177 2761 eis
3205 2711 3415 2776 poterat
3441 2721 3563 2764 esse

1970 2795 2143 2867 magis
2174 2795 2368 2850 nociva
2396 2793 2701 2867 ignorantia
2727 2792 2861 2866 legis
2890 2792 3204 2867 obligantis,
3238 2796 3322 2851 vel
3351 2797 3567 2853 irritan-

1970 2885 2040 2940 tis
2070 2889 2481 2954 testamentum,
2504 2891 2562 2941 et
2582 2882 2767 2955 plures
2789 2883 2909 2942 lites
2930 2885 2999 2950 ob
3020 2885 3164 2942 illam
3186 2901 3413 2944 causam
3436 2890 3567 2946 oriri

1968 2979 2223 3047 poterant
2266 2975 2322 3029 in
2360 2973 2453 3031 illa
2493 2975 2745 3058 materia,
2790 2975 3047 3047 quamin
3076 2974 3222 3050 aliis3
3256 2983 3373 3035 tum
3398 2979 3562 3036 etiam

1968 3065 2096 3140 quia
2135 3065 2431 3136 imperator
2469 3063 2669 3124 ibidem
2712 3079 2927 3137 semper
2966 3065 3146 3123 reddit
3185 3067 3450 3124 rationem
3490 3086 3561 3127 ex

1971 3156 2235 3229 peculiari
2274 3171 2450 3212 causa
2489 3155 2807 3212 ultimarum
2848 3155 3211 3215 voluntatum.
3246 3161 3381 3215 Non
3408 3162 3565 3216 enim.

1972 3245 2243 3304 volamus
2258 3280 2273 3313 ,
2308 3246 2411 3320 ait,
2454 3243 2849 3318 deficientium
2875 3243 3127 3319 infringi
3166 3245 3560 3310 voluntatem:

1972 3342 2091 3394 tum
2120 3336 2353 3410 denique
2381 3335 2509 3409 quia
2538 3334 2633 3393 illa
2656 3335 2900 3394 extensio
2923 3351 3021 3408 per
3042 3335 3447 3413 similitudinem
3466 3355 3561 3395 ra·

1967 3427 2130 3484 tionis
2157 3443 2283 3484 raro
2324 3432 2424 3484 aut
2456 3443 2741 3501 nunquam
2768 3426 2819 3484 in
2850 3427 3065 3500 legibus.
3088 3427 3421 3486 admittenda
3449 3438 3557 3502 est,

1969 3525 2034 3574 ut
2065 3517 2211 3574 infra
2248 3516 2513 3575 dicemus.
2560 3517 2712 3578 Unde
2752 3525 2978 3591 propter
3020 3518 3162 3577 banc
3192 3520 3551 3580 obiectionem

1966 3611 2219 3682 vasquez
2252 3612 2339 3668 12.
2372 3607 2576 3681 disput.
2618 3613 2755 3680 156,
2788 3623 2909 3681 cap.
2943 3615 3000 3668 2.
3032 3609 3198 3684 dicit,
3241 3612 3450 3670 trustra
3474 3615 3559 3671 iu·

1966 3699 2257 3772 risperitos
2296 3699 2601 3758 extendisse
2640 3698 3023 3756 Authentieam
3067 3701 3212 3758 illam
3260 3701 3328 3759 ad
3369 3719 3556 3762 omnes

1965 3788 2113 3864 leges
2143 3791 2563 3862 imperatorum,
2594 3806 2724 3847 cum
2752 3789 2820 3848 de
2848 3791 2979 3848 solis
3005 3798 3463 3852 testamentorum
3484 3796 3559 3852 le·-

1965 3879 2126 3954 gibus
2166 3878 2448 3954 disponat,
2480 3880 2771 3953 solumque
2802 3897 2899 3953 per
2928 3890 3311 3956 argumentum
3340 3901 3371 3941 a
3399 3885 3557 3942 simili

1963 3970 2273 4030 extendisse
2315 3973 2487 4044 legem
2530 3970 2677 4028 illam
2704 3970 2817 4028 sine
2844 3972 3153 4031 sufficiente
3178 3971 3549 4034 fundamento.

2042 4069 2098 4122 9.
2127 4061 2518 4122 Verumtamen
2548 4063 2837 4134 iurisperiti
2869 4079 2977 4120 non
3008 4050 3222 4122 tantum
3250 4066 3554 4123 similitudi·

1963 4172 2088 4214 nem
2127 4154 2354 4212 rationis
2376 4195 2392 4225 ,
2436 4153 2533 4210 sed
2572 4154 2735 4210 etiam
2776 4153 2942 4211 verba
2978 4154 3234 4212 rubricae
3271 4155 3415 4212 illius
3441 4159 3557 4228 Au·-

1962 4247 2239 4304 thenticae
2268 4244 2709 4315 considerarunt,
2738 4249 2803 4300 ut
2830 4249 3014 4315 aperte
3040 4251 3259 4302 constat
3278 4261 3341 4302 ειι
3365 4246 3555 4304 Glossa

1962 4338 2054 4409 ibi,
2087 4339 2220 4411 quia
2248 4335 2417 4392 verba
2444 4333 2700 4390 rubricae
2727 4333 3002 4406 generalia
3028 4340 3177 4405 sunt,
3202 4335 3444 4393 scilicet:
3480 4342 3555 4398 Ut

381 4431 432 4486 7.
465 4429 542 4484 De
581 4424 791 4498 legibus
835 4429 1018 4481 autem
1061 4419 1287 4478 secundi
1329 4418 1532 4477 ordinis
1559 4426 1690 4477 sunt
1718 4421 1896 4476 variae
1948 4424 2165 4504 sactae
2184 4442 2373 4484 novae
2395 4427 2835 4482 constitutiones
2850 4430 2987 4498 post
3002 4427 3436 4484 insinuationes
3450 4444 3550 4486 ea.

295 4520 602 4592 opiniones.
630 4516 806 4574 Prima
829 4513 1102 4581 affirmat,
1123 4512 1171 4568 in
1194 4511 1300 4569 illis
1321 4511 1530 4584 legibus
1554 4513 1892 4568 necessarias

301 4629 424 4669 esse
463 4611 648 4682 plures
677 4605 1174 4679 promulgationes,
1207 4618 1356 4676 quae
1383 4603 1514 4659 fiant
1539 4603 1594 4658 in
1623 4602 1892 4673 capitibus

301 4715 595 4777 regnorum
636 4698 720 4754 vel
763 4697 1201 4770 provinciarum,
1239 4699 1297 4750 ει
1333 4692 1536 4749 saetam
1565 4695 1618 4749 in
1649 4708 1894 4766 unaqua-

301 4810 409 4868 que
435 4789 723 4862 metropoli
747 4788 924 4845 solum
950 4803 1049 4860 pro
1072 4801 1173 4845 sua
1194 4787 1472 4859 provincia
1500 4784 1782 4856 sufficere,
1807 4784 1892 4843 vel

301 4887 346 4940 si
375 4886 467 4942 fiat
493 4885 548 4939 in
581 4880 736 4938 curia
758 4880 906 4953 regis
921 4919 936 4948 ,
961 4878 1138 4935 solum
1171 4875 1430 4934 sufficere
1448 4891 1550 4948 pro
1569 4874 1656 4932 illa
1675 4877 1895 4948 provin-

300 4977 419 5040 cia,
462 4971 624 5030 cuius
662 4978 749 5028 est
787 4976 987 5040 caput,
1031 4967 1114 5025 vel
1154 4966 1207 5024 in
1245 4982 1358 5039 qua
1393 4965 1598 5023 existit.
1631 4967 1710 5023 lta
1746 4971 1894 5025 tenet

301 5064 494 5123 Glossa
515 5065 569 5120 in
585 5061 930 5132 authentica,
945 5057 1233 5130 utsactae
1251 5073 1440 5116 novae
1461 5060 1757 5115 constitut.
1776 5057 1893 5115 col·

303 5143 402 5214 lat.=
432 5162 464 5214 5
482 5195 500 5225 ,
531 5153 696 5211 verbo
722 5147 1059 5210 huiusmodi
1084 5147 1209 5216 lem,
1242 5157 1298 5206 et
1326 5147 1573 5221 sequitur
1600 5148 1672 5206 ibi
1700 5151 1889 5206 Barto-

304 5248 426 5322 lus,
469 5251 528 5304 et
563 5243 764 5302 Baldus
804 5243 856 5300 in
891 5241 1016 5320 ‚lege
1043 5237 1195 5314 leges
1221 5241 1695 5307 sacratissimae,
1731 5241 1792 5299 C.
1823 5239 1890 5300 de

1960 4534 2118 4585 rum,
2152 4521 2285 4592 post
2314 4514 2459 4573 duos
2485 4531 2709 4572 menses
2736 4513 2999 4572 valeant.
3030 4517 3176 4584 Quae
3206 4517 3455 4590 rubrica,
3488 4527 3552 4578 ut

1959 4624 2026 4666 ex
2055 4608 2226 4680 ipsius
2256 4607 2435 4665 verbis
2471 4612 2724 4676 constat,
2754 4611 2837 4662 est
2863 4622 2929 4662 ex
2954 4605 3083 4678 illis,
3114 4623 3255 4680 quae
3285 4624 3318 4665 a
3344 4609 3551 4668 iuristis

1960 4698 2223 4756 dicuntur
2260 4697 2565 4770 perfectum
2603 4711 2825 4752 sensum
2853 4695 3113 4770 reddere,
3142 4696 3209 4754 de
3236 4700 3435 4771 quibus
3462 4709 3550 4759 est

1961 4789 2110 4864 apud
2145 4787 2271 4844 illos
2297 4786 2497 4860 dogma
2524 4791 2831 4858 receptum,
2862 4786 3062 4844 habere
3093 4795 3276 4846 textus
3308 4793 3554 4849 auctori·

1959 4885 2126 4936 tatem
2157 4880 2209 4935 in
2238 4877 2343 4946 his,
2374 4877 2671 4951 inquibus
2690 4878 2862 4950 nigro
2880 4893 2997 4934 non
3014 4884 3336 4953 repugnat,
3366 4887 3427 4938 ut
3447 4881 3548 4953 ipsi

1958 4968 2281 5042 loquuntur,
2311 4967 2364 5026 id
2390 4974 2475 5026 est
2504 4967 2555 5024 in
2582 4967 2685 5039 bis,
2714 4982 2857 5041 quae
2884 4983 2993 5026 non
3018 4975 3154 5036 sunt
3172 4971 3444 5028 contraria
3463 4970 3541 5028 le-

1958 5059 2118 5132 gibus
2140 5060 2245 5116 sub
2268 5059 2439 5116 rubro
2462 5059 2756 5116 contentis.
2775 5057 2929 5117 Unde
2948 5059 3311 5130 concludunt,
3334 5063 3543 5119 etiamsi

1959 5150 2044 5208 lex
2089 5149 2337 5208 strictius
2376 5149 2665 5224 loquatur,
2704 5148 3095 5206 extendendam
3123 5166 3243 5207 esse
3269 5154 3419 5210 iuxta
3445 5171 3541 5228 ge-

1959 5239 2295 5300 neralitatem
2331 5239 2611 5314 rubricae,
2648 5240 2869 5314 quando
2896 5256 3008 5300 non
3042 5248 3129 5300 est
3154 5245 3534 5319 repugnantia,
