4325 6267
1782 365 1993 415 CAPUT
2020 368 2170 416 vm.

346 486 712 561 affirmando3
752 490 987 564 explicat
1023 496 1209 549 autem
1236 534 1251 563 ,
1290 493 1395 549 sub
1452 494 1568 549 iure
1604 491 1837 549 naturali
1878 506 1939 548 se

348 576 813 652 comprehendere
862 596 973 637 non
1014 586 1227 638 tantum
1267 589 1556 655 praecepta
1582 622 1599 649 ,
1639 581 1737 639 sed
1774 581 1939 637 etiam

350 668 599 727 consilia.
638 670 751 726 Nos
788 677 974 727 autem
1017 672 1237 744 proprie
1277 672 1345 730 de
1382 673 1687 746 praeceptis
1728 672 1943 746 quaeri-

353 776 498 815 mus.
534 761 727 816 Posset
754 760 923 832 igitur
948 759 1055 817 hoc
1086 760 1244 818 facile
1272 761 1510 834 expediri
1536 762 1727 820 eodem
1751 760 1935 830 modo,

353 864 467 921 quo
488 847 728 905 diximus
750 850 802 905 in
830 848 947 924 lege
974 857 1223 928 aeterna3
1250 852 1501 910 nimirum
1523 895 1537 923 ,
1569 867 1755 909 omnes
1784 859 1943 907 actus

349 939 620 995 virtutum
664 937 849 1011 quoad
889 940 1343 1011 specificationem
1385 958 1483 997 seu
1525 941 1784 1011 modum,
1833 955 1945 1013 quo

350 1028 472 1085 lieri
502 1026 732 1097 debent,
762 1028 959 1085 cadere
986 1030 1091 1085 sub
1117 1028 1419 1087 naturalem
1452 1029 1657 1105 legem,
1685 1030 1813 1086 licet
1839 1044 1945 1084 non

352 1132 549 1175 omnes
586 1116 905 1188 simpliciter
930 1134 1029 1174 seu
1056 1118 1239 1190 quoad
1267 1121 1591 1177 exercitium
1618 1118 1952 1191 praecipian-

354 1211 469 1261 tur.
502 1204 677 1263 Aliter
703 1219 833 1261 vero
860 1205 997 1262 idem
1038 1206 1096 1264 d.
1140 1205 1371 1265 Thomas
1408 1209 1462 1266 in
1499 1211 1667 1281 priori
1695 1209 1815 1265 loco
1845 1207 1949 1263 sub

352 1293 703 1353 distinctione
751 1294 1048 1367 respondet
1081 1338 1097 1367 ,
1144 1303 1303 1353 actus
1349 1299 1613 1355 virtutum
1658 1295 1951 1368 dupliciter

354 1382 689 1441 considerari
728 1398 889 1455 posse
914 1426 929 1451 ,
971 1384 1182 1442 scilicet
1222 1386 1302 1442 vel
1344 1374 1647 1444 secundum
1687 1387 1949 1442 ratimem

356 1473 573 1529 virtutis
600 1512 615 1543 ,
666 1471 719 1529 id
744 1478 919 1529 estut
956 1473 1182 1531 studiosi
1222 1460 1394 1547 sunt,
1432 1476 1516 1533 vel
1555 1476 1804 1533 absolute
1830 1517 1847 1546 ,
1886 1466 1973 1532 ut'

356 1568 491 1619 sunt
518 1561 651 1619 tales
699 1569 902 1635 actus,
940 1570 995 1620 et
1036 1566 1201 1635 priori
1240 1566 1403 1623 modo
1444 1565 1721 1639 affirmat,
1761 1580 1951 1621 omnes

354 1658 517 1709 actus
558 1651 823 1709 virtutum
862 1652 1065 1710 cadere
1105 1654 1209 1711 suh
1249 1654 1424 1729 legem
1464 1662 1691 1713 naturae
1714 1696 1731 1729 ,
1770 1661 1952 1726 poste-

355 1740 485 1797 riori
522 1746 707 1797 autem
736 1740 895 1797 modo
935 1749 1117 1815 negat.
1162 1747 1311 1811 Quae
1348 1744 1621 1801 distinctio
1661 1744 1948 1815 dupliciter

353 1830 554 1902 exponi
594 1836 801 1902 potest:
838 1833 1043 1903 primo,
1076 1839 1138 1889 ut
1162 1849 1357 1891 sensus
1386 1836 1459 1891 sit
1480 1876 1494 1905 ‚
1526 1836 1699 1892 omnis
1727 1834 1953 1889 virtutis

356 1927 545 1977 actum
578 1920 882 1979 seeundum
896 1923 1203 1993 specificam
1218 1924 1478 1980 rationem
1497 1930 1807 1995 spectatum
1830 1938 1956 1995 pos-

358 2026 417 2065 se
438 2010 645 2074 cadere,
676 2008 779 2066 sub
807 2018 1159 2083 praeceptum
1200 2012 1449 2069 naturaie
1482 2012 1817 2084 praecipiens
1845 2027 1950 2069 non

358 2106 573 2155 tantum
638 2097 893 2169 modum,
946 2098 1042 2157 sed
1087 2102 1251 2157 etiam
1291 2102 1609 2158 exercitium
1650 2109 1812 2158 actus
1842 2101 1953 2175 (ita

356 2188 579 2245 enimin
616 2189 797 2261 rigore
838 2187 1109 2262 loquimur
1150 2190 1642 2265 de‚praeceptis);
1684 2191 1727 2245 si
1766 2195 1953 2245 autem

356 2277 783 2335 considerentur
819 2278 871 2333 in
902 2276 1173 2336 individuo
1202 2296 1391 2337 omnes
1428 2290 1589 2338 aetus
1632 2280 1951 2336 cuiuscum-

356 2382 467 2441 que
512 2367 764 2438 virtutis,
796 2367 873 2423 sic
900 2384 1005 2424 non
1039 2385 1231 2426 omnes
1260 2379 1419 2426 actus
1462 2372 1724 2427 virtutum
1752 2386 1871 2426 esse
1899 2369 1953 2424 in

358 2462 651 2528 praecepto
706 2457 962 2513 naturali.
1011 2457 1159 2525 Quae
1196 2461 1470 2530 posterior
1509 2475 1637 2532 pars
1678 2460 1827 2516 clara
1867 2465 1953 2515 est

356 2552 477 2603 tum
519 2545 589 2603 de
617 2545 831 2603 actibus
861 2550 1244 2619 consiliorum,
1276 2556 1393 2606 tum
1419 2549 1486 2606 de
1526 2549 1711 2607 multis
1740 2548 1953 2605 actibus

360 2634 517 2692 bonis
536 2676 553 2705 ,
587 2635 683 2709 qui
712 2634 839 2692 licet
862 2652 970 2693 non
998 2638 1107 2694 sint
1133 2639 1353 2711 optimi,
1384 2645 1443 2697 et
1466 2638 1587 2697 ideo
1626 2655 1735 2695 non
1767 2637 1873 2695 sint
1901 2638 1953 2694 in

362 2724 591 2782 consilio
614 2766 630 2796 ,
665 2740 767 2782 nec
796 2728 962 2783 etiam
988 2728 1095 2783 sint
1122 2727 1447 2800 necessarii,
1480 2734 1536 2785 et
1563 2729 1681 2786 ideo
1710 2744 1819 2785 non
1846 2730 1955 2783 sint

364 2816 418 2871 in
447 2822 759 2888 praecept03
791 2816 1141 2873 nihilominus
1172 2824 1304 2875 sunt
1334 2819 1565 2890 honesti,
1594 2824 1651 2874 et
1676 2817 1816 2875 licite
1837 2818 1955 2874 lieri

366 2911 633 2978 possunt,
666 2911 730 2963 ut
755 2912 915 2963 actus
944 2908 1267 2965 matrimonii
1292 2950 1308 2980 ,
1348 2913 1456 2965 etc.

445 2999 497 3056 7.
530 2998 613 3055 Ex
640 2996 811 3071 priori
838 3012 968 3055 vero
1002 3005 1158 3070 parte
1198 3000 1379 3055 oritur
1416 2997 1749 3071 difficultas,
1793 3010 1861 3055 an
1904 2998 1956 3054 in

366 3087 511 3144 omni
542 3088 747 3144 virtute
788 3087 860 3144 sit
898 3087 1145 3145 naturale
1185 3094 1543 3161 praeceptum
1583 3089 1833 3162 obligans
1859 3088 1953 3147 ali·

365 3175 587 3250 quando
614 3176 683 3233 ad
711 3176 1034 3234 exercitium
1061 3176 1207 3233 illius
1236 3177 1451 3234 virtutis
1476 3196 1493 3251 3
1535 3193 1658 3235 nam
1699 3177 1957 3251 regulari·

366 3273 448 3323 ter
486 3280 610 3323 esse
633 3307 649 3337 ,
690 3266 823 3323 satis
862 3281 958 3338 per
998 3281 1055 3323 se
1086 3266 1433 3324 manifestum
1460 3274 1565 3323 est.
1596 3267 1653 3322 ln
1682 3266 1955 3341 aliquibus

364 3361 550 3413 autem
578 3355 875 3413 virtutibus
904 3371 1011 3412 non
1036 3356 1107 3412 ita
1138 3354 1352 3413 videtur
1376 3395 1393 3425 ,
1435 3360 1498 3411 ut
1523 3356 1577 3412 in
1605 3355 1953 3430 liberalitate,

366 3460 509 3519 quae
542 3461 611 3503 ex
636 3460 695 3502 se
724 3445 935 3511 videtur
958 3445 1249 3503 excludere
1280 3445 1553 3517 debitum,
1595 3452 1652 3503 et
1690 3448 1745 3502 in
1770 3455 1955 3503 eutra-

366 3534 504 3609 pelia
530 3578 547 3607 ‚
582 3552 723 3610 quae
763 3534 977 3593 videtur
1016 3536 1178 3593 etiam
1221 3536 1451 3592 maxime
1494 3535 1821 3592 voluntaria.
1852 3536 1953 3592 Ve-

366 3632 679 3681 rumtamen
702 3632 899 3682 exacta
928 3624 1176 3681 tractatio
1204 3624 1365 3682 huius
1393 3624 1731 3683 difficultatis
1760 3630 1951 3698 postu·

363 3714 441 3771 lat
467 3714 835 3789 cognitionem
865 3715 1107 3771 omnium
1136 3714 1423 3788 virtutum,
1451 3714 1684 3787 ideoque
1712 3715 1955 3773 breviter

365 3820 549 3863 assero
568 3846 583 3875 ,
614 3806 664 3861 si
688 3810 1041 3877 praeceptum
1070 3804 1309 3877 rigorose
1331 3810 1605 3877 sumatur,
1634 3812 1799 3878 prout
1820 3805 1955 3862 ohli-

363 3901 457 3967 gat
484 3892 551 3951 ad
578 3893 804 3951 mortale
833 3934 849 3966 ,
888 3909 993 3949 non
1036 3893 1233 3951 habere
1259 3890 1443 3951 locuin
1472 3895 1523 3951 in
1552 3894 1699 3951 omni
1730 3895 1954 3951 materia

364 3985 613 4055 virtutis,
645 3983 743 4042 sed
770 3986 825 4041 in
854 3983 1191 4057 gravioribus
1228 3984 1547 4055 virtutibus,
1579 3983 1727 4058 quod
1760 3983 1956 4057 probat

364 4074 505 4131 ratio
535 4075 697 4131 iacta.
730 4074 801 4130 Et
824 4074 893 4131 de
930 4073 1153 4131 veritate
1195 4073 1349 4157 multi
1378 4074 1640 4147 sentiunt,
1673 4090 1953 4147 nunquam

364 4162 605 4236 obligare
631 4178 697 4221 ex
724 4178 921 4236 genere
948 4178 1051 4220 suo
1077 4161 1144 4219 ad
1174 4163 1401 4219 mortale
1418 4202 1434 4233 ,
1467 4164 1598 4235 quia
1625 4164 1725 4219 nisi
1753 4164 1825 4219 illi
1854 4164 1951 4221 ad-

364 4254 627 4325 iungatur
654 4252 908 4325 obligatio
933 4252 1171 4309 iustitiae
1190 4292 1207 4324 ,
1237 4252 1322 4308 vel
1363 4250 1587 4307 alterius
1630 4252 1816 4309 similis
1844 4254 1950 4308 vir-

364 4345 499 4400 tutis
523 4344 665 4399 intra
693 4358 824 4399 suos
854 4342 1046 4399 limites
1064 4384 1079 4411 ,
1123 4357 1229 4397 non
1272 4341 1477 4412 obligat
1506 4342 1576 4399 ad
1605 4343 1851 4400 mortale.
1882 4346 1954 4401 At

366 4448 496 4489 vero
523 4432 569 4488 si
594 4432 756 4489 latius
794 4432 1085 4506 loquamur
1124 4431 1191 4488 de
1220 4430 1543 4504 obligatione
1569 4432 1733 4489 etiam
1762 4431 1831 4489 ad
1857 4450 1949 4490 ve-

366 4523 537 4593 niale,
569 4524 647 4579 sic
677 4521 951 4594 probabile
976 4528 1093 4591 est,
1125 4520 1327 4579 nullam
1346 4537 1467 4579 esse
1493 4523 1781 4594 virtutem,
1813 4538 1953 4595 quae

364 4613 656 4687 aliquando
681 4628 789 4669 non
819 4614 991 4685 possit
1019 4611 1257 4684 obligare
1284 4612 1352 4667 ad
1394 4628 1558 4668 suum
1594 4629 1777 4670 usum.
1816 4615 1953 4682 Quia

364 4719 497 4761 cum
522 4718 587 4759 ex
619 4701 871 4759 omnibus
910 4702 1213 4758 virtutibus.
1243 4700 1414 4757 simui
1444 4703 1674 4772 sumptis
1716 4703 1952 4760 resultet

364 4794 577 4866 integra
605 4790 880 4849 rectitudo
909 4792 1167 4861 hominis,
1210 4797 1268 4849 et
1305 4790 1519 4847 debitus
1545 4792 1805 4863 operandi
1835 4809 1949 4848 mo-

364 4882 503 4952 dus,
533 4892 642 4938 tam
673 4887 927 4954 respectu
956 4883 1071 4951 sui,
1100 4897 1266 4954 quam
1289 4880 1336 4937 in
1368 4879 1555 4937 ordine
1577 4879 1642 4936 ad
1673 4880 1830 4951 alios,
1865 4897 1955 4937 ve·

366 4971 589 5028 risimile
616 4976 733 5041 est,
763 4986 953 5027 omnes
981 4971 1211 5027 virtutes
1240 4969 1438 5027 habere
1480 4986 1607 5025 suas
1635 4972 1955 5042 opportuni-

368 5066 540 5131 tates,
580 5062 633 5115 in
664 5059 862 5132 quibus
889 5058 1225 5117 exercendae
1254 5064 1381 5115 sunt
1406 5074 1471 5115 ex
1500 5061 1719 5131 propria
1750 5058 1955 5133 obliga-

370 5151 542 5216 tione,
574 5164 742 5223 quam
772 5164 872 5206 nec
900 5147 1221 5215 liberalitas,
1266 5163 1369 5206 nec
1410 5148 1685 5219 quaelibet
1715 5147 1813 5206 alia
1846 5150 1955 5205 vir-

368 5248 459 5297 tus
476 5237 739 5297 excludit.

3411 350 3526 413 107

2083 489 2238 548 Alius
2266 506 2461 549 sensus
2481 491 2627 549 illius
2647 482 3007 549 distinctionis
3032 505 3154 548 esse
3178 496 3382 563 potest,
3411 496 3600 549 actum

2011 582 2226 640 virtutis
2275 598 2434 653 posse
2483 582 2818 639 considerari
2863 582 2949 639 vel
2991 580 3336 638 materialiter
3363 621 3379 653 ,
3420 588 3484 638 ut
3522 588 3608 638 est

2010 688 2063 727 v.
2095 688 2153 744 g.
2185 670 2472 728 comedere
2492 714 2507 742 ‚
2538 671 2620 726 vel
2649 671 2953 742 abstinere,
2985 671 3068 727 vel
3091 669 3425 744 formaliter,
3455 678 3520 728 ut
3545 671 3596 726 in

2010 760 2101 817 tali
2128 767 2260 817 actu
2289 758 2668 816 consideratur
2687 758 2943 816 medium.
2977 762 3039 817 D.
3072 760 3304 817 Thomas
3332 776 3465 832 ergo
3491 759 3596 817 hoc

2012 850 2296 922 posteriori
2329 847 2490 905 modo
2519 848 2762 922 loquitur
2790 848 2856 905 de
2883 848 2965 904 his
2992 848 3204 905 actibus
3231 891 3244 918 ‚
3275 863 3405 905 cum
3440 848 3595 914 dicit,

2013 939 2212 997 cadere
2239 938 2343 995 sub
2371 939 2542 1011 legem
2577 944 2801 993 naturae
2827 980 2841 999 ,
2873 954 2997 993 nam
3026 937 3160 993 haec
3190 940 3410 1009 respicit
3439 936 3604 994 hone-

2014 1034 2230 1085 statem.
2287 1030 2342 1082 ln
2384 1043 2496 1100 quo
2537 1027 2698 1083 etiam
2735 1032 2821 1082 est
2853 1025 3312 1083 considerandum
3338 1068 3354 1093 ‚
3391 1025 3609 1083 duobus

2020 1117 2195 1175 modis
2223 1118 2541 1190 contingere
2569 1117 2618 1172 in
2649 1116 2834 1189 aliquo
2863 1122 2994 1173 actu
3022 1132 3143 1172 esse
3171 1115 3410 1173 medium
3434 1119 3604 1173 virtu-

2016 1209 2117 1277 tis,
2161 1223 2275 1263 uno
2304 1205 2468 1263 modo
2496 1221 2560 1262 ex
2590 1222 2650 1262 re
2687 1206 2802 1277 ipsa
2827 1248 2842 1277 ,
2885 1208 3013 1277 quia
3053 1208 3420 1278 comparando
3448 1207 3607 1264 talem

2023 1297 2306 1353 materiam
2337 1294 2405 1351 ad
2435 1294 2592 1352 talem
2634 1310 2920 1367 personam
2960 1310 3091 1352 cum
3135 1295 3332 1351 talibus
3361 1296 3598 1353 circum-

2020 1384 2264 1454 stantiis,
2294 1386 2348 1439 in
2378 1400 2440 1440 ea
2469 1383 2738 1439 invenitur
2765 1384 3005 1440 medium
3037 1386 3256 1441 virtutis
3279 1400 3346 1442 ex
3376 1386 3494 1443 sola
3519 1402 3603 1443 ra-

2022 1474 2163 1530 tione
2193 1480 2250 1529 et
2277 1473 2533 1530 discursu
2563 1473 2797 1531 naturali
2823 1492 2838 1544 3
2869 1482 2926 1530 et
2953 1480 3086 1531 tunc
3115 1474 3327 1533 clarum
3365 1482 3481 1549 est,
3514 1494 3608 1533 na-

2022 1564 2256 1619 turalem
2286 1561 2460 1637 legem
2489 1553 2561 1619 ibi
2585 1561 2844 1635 obligare.
2871 1564 2986 1619 Alio
3027 1580 3157 1621 vero
3197 1566 3359 1621 modo
3401 1567 3611 1625 contin·

2019 1655 2125 1727 git,
2157 1652 2398 1710 medium
2425 1655 2644 1709 virtutis
2683 1654 2947 1709 constitui
2975 1654 3024 1709 in
3068 1654 3244 1727 aliqua
3288 1658 3516 1712 materia
3545 1672 3610 1712 ex

2022 1742 2137 1799 sola
2169 1742 2286 1815 lege
2314 1743 2566 1815 positiva,
2601 1749 2664 1799 ut
2689 1744 2741 1797 in
2767 1743 2984 1811 ieiunio,
3011 1742 3094 1799 vel
3123 1746 3176 1798 in
3204 1746 3350 1801 iusto
3380 1745 3456 1801 rei
3486 1760 3610 1817 pre-

2022 1833 2125 1901 tio,
2157 1838 2216 1890 et
2243 1840 2374 1888 tunc
2403 1830 2700 1888 difficultas
2729 1838 2842 1902 est,
2875 1848 2940 1887 an
2979 1832 3045 1887 ibi
3087 1832 3284 1889 habeat
3314 1834 3498 1890 locum
3526 1835 3607 1890 lex

2020 1925 2278 1990 naturae3
2313 1936 2436 1977 nam
2465 1922 2520 1977 tl.
2551 1921 2784 1977 Thomas
2815 1920 3188 1977 indifferenter
3213 1928 3265 1977 et
3291 1923 3612 1995 generaliter

2021 2010 2173 2083 loqui
2203 2010 2438 2077 videtur,
2469 2017 2524 2067 et
2551 2011 2622 2066 ita
2652 2013 2809 2067 etiam
2840 2010 3054 2067 videtur
3083 2028 3114 2068 a
3141 2013 3393 2069 Caietano
3414 2019 3471 2069 et
3496 2014 3608 2070 aliis

2026 2099 2264 2172 intelligi.
2297 2100 2358 2155 ln
2388 2100 2728 2155 contrarium
2759 2116 2888 2155 vero
2917 2108 3022 2164 est,
3052 2103 3179 2174 quia
3207 2101 3312 2157 hoc
3342 2104 3502 2159 modo
3533 2104 3615 2159 vel

2024 2188 2232 2245 tollitur
2264 2187 2522 2260 obligatio
2563 2186 2694 2260 legis
2735 2190 2996 2260 positivae
3019 2232 3034 2261 ,
3065 2190 3144 2246 vel
3175 2192 3612 2263 multiplicantur

2018 2280 2172 2335 circa
2211 2278 2352 2335 idem
2377 2276 2752 2349 obligationes.
2779 2277 2882 2335 Sed
2915 2278 3018 2334 hoc
3045 2278 3221 2335 dicam
3251 2282 3613 2349 commodius,

2019 2367 2340 2440 explicando
2376 2368 2606 2425 effectus
2637 2367 2766 2440 legis
2805 2368 3093 2425 naturalis.
3126 2370 3282 2426 Nunc
3325 2369 3500 2427 solum
3528 2388 3612 2427 as·

2022 2472 2176 2529 sero,
2214 2458 2536 2513 intervenire
2564 2456 2784 2529 quidem
2809 2456 2880 2513 ibi
2910 2457 3082 2532 legem
3122 2460 3425 2516 naturalem
3452 2499 3468 2531 ,
3508 2476 3616 2516 non

2021 2552 2133 2603 tam
2172 2551 2231 2604 ut
2259 2561 2358 2618 per
2387 2561 2444 2601 se
2485 2543 2814 2619 obligantem
2841 2586 2858 2620 ,
2900 2563 3068 2620 quam
3099 2556 3161 2605 ut
3187 2547 3403 2605 dantem
3431 2549 3615 2607 effica-

2022 2637 2160 2693 ciam
2190 2636 2295 2710 legi
2321 2636 2602 2709 positivae.

2095 2726 2362 2793 Quartum
2385 2732 2771 2798 argumentum
2795 2727 3106 2798 postulabat
3124 2740 3350 2801 gravem
3371 2726 3608 2785 difficul-

2022 2822 2189 2874 tatem
2226 2816 2294 2873 de
2329 2816 2675 2873 distinctione
2710 2818 2848 2875 inter
2875 2818 2962 2874 ius
3003 2818 3254 2876 naturale
3282 2818 3450 2875 etius
3478 2834 3607 2891 gen-

2020 2908 2184 2977 tium,
2208 2920 2348 2979 quae
2376 2905 2640 2963 declarari
2667 2922 2776 2963 non
2799 2912 2993 2979 potest,
3019 2922 3126 2963 non
3149 2907 3429 2964 declarato
3455 2916 3611 2965 utro-

2022 3012 2132 3071 que
2171 3002 2447 3069 extrem03
2490 3001 2546 3052 et
2585 2996 2704 3053 ideo
2733 3012 3084 3053 reservamus
3113 2998 3256 3055 illam
3286 2998 3338 3053 in
3369 2996 3608 3054 ultimam

2025 3093 2237 3158 partem
2278 3085 2438 3141 huius
2476 3084 2627 3155 libri,
2672 3085 2764 3141 ubi
2791 3092 2920 3157 post
2944 3092 3380 3143 consummatam
3408 3092 3614 3144 tracta-

2022 3178 2226 3235 tionem
2263 3174 2331 3232 de
2369 3176 2488 3231 iure
2523 3174 2755 3232 naturali
2781 3174 3088 3233 secundum
3113 3190 3201 3245 se,
3234 3176 3432 3249 aliquid
3460 3177 3610 3234 dice-

2026 3283 2149 3323 mus
2192 3265 2260 3322 de
2295 3266 2414 3320 iure
2448 3264 2722 3336 gentium,
2752 3270 2807 3319 et
2832 3270 2967 3321 tunc
2997 3264 3343 3322 commodius
3372 3265 3610 3339 dicetur,

2022 3354 2300 3430 quomodo
2329 3354 2467 3411 inter
2492 3369 2552 3410 se
2577 3352 3006 3426 distinguantur.

2556 3543 2836 3614 CAPUT
2881 3543 3052 3613 VIII.

2325 3812 2338 3823 .
2407 3746 2502 3797 An
2525 3737 2625 3797 leae
2653 3737 2958 3797 naturalis
2983 3756 3111 3797 una
3135 3743 3229 3797 sit.

2596 3919 3045 3984 summariu-

2025 4108 2071 4158 1.
2102 4108 2155 4157 ln
2184 4120 2486 4171 unoquoque
2510 4106 2712 4158 homine
2735 4107 2884 4171 plura
2901 4113 3023 4156 sunt
3047 4114 3318 4172 praecepta
3338 4108 3617 4165 naturalia,

2088 4190 2152 4228 ex
2175 4180 2410 4229 omnibus
2433 4184 2604 4228 tamen
2638 4188 2738 4227 una
2775 4177 2856 4226 lex
2891 4176 3231 4239 componitur.
3255 4178 3377 4228 -2.
3403 4178 3508 4229 Lex
3533 4192 3621 4229 na-

2091 4248 2274 4297 turalis
2297 4254 2378 4299 est
2403 4260 2502 4297 una
2528 4248 2580 4296 in
2605 4247 2840 4297 omnibus
2875 4244 3182 4297 hominibus.
3199 4246 3524 4299 -Obiectio
3543 4276 3614 4287 —

2089 4317 2464 4368 Solvitur.-3.
2491 4317 2568 4366 An
2589 4316 2872 4379 ignorantia
2899 4322 3284 4379 praeceptorum
3309 4319 3620 4368 naturalium

2090 4388 2252 4451 possit
2277 4400 2388 4436 esse
2421 4384 3021 4449 invincibilis—Opinio
3055 4387 3620 4449 negans.-—-Sententia

2088 4456 2335 4507 auctoris,
2353 4480 2409 4492 —·
2426 4457 2482 4506 4.
2507 4456 2612 4505 Lex
2635 4456 2886 4505 naturalis
2907 4462 2987 4505 est
3013 4468 3132 4505 vera
3155 4456 3208 4506 in
3233 4458 3618 4522 omnitempore

2092 4533 2145 4577 et
2169 4532 2310 4577 statu
2335 4524 2584 4576 humanae
2607 4532 2840 4575 naturae.

2109 4706 2157 4757 t.
2190 4699 2310 4755 Tria
2340 4704 2570 4771 possunt
2596 4697 2648 4752 in
2676 4696 2951 4768 praesenti
2977 4695 3198 4768 inquiri.
3230 4696 3476 4754 Primum
3495 4738 3511 4769 ,
3543 4714 3610 4753 an

2022 4792 2077 4846 in
2106 4806 2218 4846 uno
2260 4788 2470 4844 homine
2514 4803 2623 4841 una
2664 4786 2763 4855 sit3
2809 4783 3152 4856 secundum,
3183 4800 3249 4841 an
3281 4787 3334 4841 in
3361 4788 3616 4845 omnibus

2026 4878 2332 4935 hominibus
2359 4882 2414 4933 et
2435 4875 2636 4949 ubique
2662 4891 2768 4930 una
2791 4876 2889 4947 sit,
2919 4874 3170 4941 tertium,
3193 4890 3261 4930 an
3283 4876 3337 4930 in
3362 4876 3613 4933 omnibus

2024 4966 2364 5039 temporibus
2400 4972 2457 5021 et
2491 4966 2544 5019 in
2583 4966 2732 5020 omni
2769 4970 2918 5019 statu
2947 4962 3216 5019 humanae
3245 4972 3474 5021 naturae
3505 4982 3614 5023 una

2023 5060 2185 5115 etiam
2221 5058 2312 5113 sit.
2355 5057 2510 5111 Prius
2541 5070 2670 5111 vero
2697 5069 2866 5126 quam
2892 5052 3246 5123 respondeam
3276 5053 3345 5109 ad
3373 5054 3608 5125 singula,

2026 5147 2255 5205 adverto
2273 5188 2288 5217 ,
2317 5144 2465 5219 quod
2493 5160 2664 5217 supra
2691 5145 2901 5213 notavi,
2937 5142 3111 5216 legem
3139 5141 3280 5199 hanc
3307 5142 3612 5201 naturalem

2026 5252 2188 5310 posse
2223 5237 2365 5294 sumi
2395 5233 2479 5291 vel
2509 5234 2560 5291 in
2592 5232 2784 5290 ordine
2812 5231 2880 5290 ad
2907 5247 3104 5305 puram
3133 5238 3416 5304 naturam,
3447 5231 3528 5287 vel
3555 5234 3608 5288 in
