<?xml version="1.0" encoding="UTF-8"?>
<!DOCTYPE html PUBLIC "-//W3C//DTD XHTML 1.0 Transitional//EN"
    "http://www.w3.org/TR/xhtml1/DTD/xhtml1-transitional.dtd">
<html xmlns="http://www.w3.org/1999/xhtml" xml:lang="en" lang="en">
 <head>
  <title>
</title>
<meta http-equiv="Content-Type" content="text/html;charset=utf-8" />
  <meta name='ocr-system' content='tesseract 3.04.00' />
  <meta name='ocr-capabilities' content='ocr_page ocr_carea ocr_par ocr_line ocrx_word'/>
</head>
<body>
  <div class='ocr_page' id='page_1' title='image "./tractatusdelegi01sugoog_0091.png"; bbox 0 0 4325 6267; ppageno 0'>
   <div class='ocr_carea' id='block_1_1' title="bbox 1005 933 2649 1064">
    <p class='ocr_par' dir='ltr' id='par_1_1' title="bbox 1005 933 2649 1064">
     <span class='ocr_line' id='line_1_1' title="bbox 1005 933 2649 1064; baseline 0.005 -9"><span class='ocrx_word' id='word_1_1' title='bbox 1005 933 1580 1058; x_wconf 88' lang='lat' dir='ltr'>LIBER</span> <span class='ocrx_word' id='word_1_2' title='bbox 1667 935 2649 1064; x_wconf 90' lang='lat' dir='ltr'><strong>SECUNDUS</strong></span> 
     </span>
    </p>
   </div>
   <div class='ocr_carea' id='block_1_2' title="bbox 728 1594 2924 1691">
    <p class='ocr_par' dir='ltr' id='par_1_2' title="bbox 728 1594 2924 1691">
     <span class='ocr_line' id='line_1_2' title="bbox 728 1594 2924 1691; baseline 0.004 -13"><span class='ocrx_word' id='word_1_3' title='bbox 728 1595 830 1679; x_wconf 80' lang='lat' dir='ltr'><strong>DE</strong></span> <span class='ocrx_word' id='word_1_4' title='bbox 889 1594 1093 1680; x_wconf 85' lang='lat' dir='ltr'><strong>LEGE</strong></span> <span class='ocrx_word' id='word_1_5' title='bbox 1147 1594 1499 1682; x_wconf 81' lang='lat' dir='ltr'><strong>AETERNA</strong></span> <span class='ocrx_word' id='word_1_6' title='bbox 1553 1596 1659 1682; x_wconf 87' lang='lat' dir='ltr'><strong>ET</strong></span> <span class='ocrx_word' id='word_1_7' title='bbox 1696 1597 2106 1691; x_wconf 86' lang='lat' dir='ltr'><strong>NATURALI</strong></span> <span class='ocrx_word' id='word_1_8' title='bbox 2159 1600 2258 1683; x_wconf 88' lang='lat' dir='ltr'><strong>AG</strong></span> <span class='ocrx_word' id='word_1_9' title='bbox 2302 1600 2509 1685; x_wconf 79' lang='lat' dir='ltr'>-IURE</span> <span class='ocrx_word' id='word_1_10' title='bbox 2564 1600 2924 1687; x_wconf 80' lang='lat' dir='ltr'><strong>GENTIUM</strong></span> 
     </span>
    </p>
   </div>
   <div class='ocr_carea' id='block_1_3' title="bbox 1629 1823 2000 1833">
    <p class='ocr_par' dir='ltr' id='par_1_3' title="bbox 1629 1823 2000 1833">
     <span class='ocr_line' id='line_1_3' title="bbox 1629 1823 2000 1833; baseline 0 0"><span class='ocrx_word' id='word_1_11' title='bbox 1629 1823 2000 1833; x_wconf 95' lang='lat' dir='ltr'><strong> </strong></span> 
     </span>
    </p>
   </div>
   <div class='ocr_carea' id='block_1_4' title="bbox 211 2396 1797 3381">
    <p class='ocr_par' dir='ltr' id='par_1_4' title="bbox 211 2396 1797 3379">
     <span class='ocr_line' id='line_1_4' title="bbox 279 2396 1784 2474; baseline 0.001 -19"><span class='ocrx_word' id='word_1_12' title='bbox 279 2398 402 2457; x_wconf 84' lang='lat' dir='ltr'><strong>Post</strong></span> <span class='ocrx_word' id='word_1_13' title='bbox 423 2399 809 2458; x_wconf 75' lang='lat' dir='ltr'><strong>tractationem</strong></span> <span class='ocrx_word' id='word_1_14' title='bbox 833 2396 900 2457; x_wconf 89' lang='lat' dir='ltr'><strong>de</strong></span> <span class='ocrx_word' id='word_1_15' title='bbox 939 2398 1060 2473; x_wconf 80' lang='lat' dir='ltr'><strong>lege</strong></span> <span class='ocrx_word' id='word_1_16' title='bbox 1098 2399 1152 2456; x_wconf 89' lang='lat' dir='ltr'><strong>in</strong></span> <span class='ocrx_word' id='word_1_17' title='bbox 1190 2398 1472 2457; x_wconf 88' lang='lat' dir='ltr'><strong>communi</strong></span> <span class='ocrx_word' id='word_1_18' title='bbox 1512 2400 1784 2474; x_wconf 86' lang='lat' dir='ltr'><strong>sequitur,</strong></span> 
     </span>
     <span class='ocr_line' id='line_1_5' title="bbox 215 2488 1791 2564; baseline 0.001 -19"><span class='ocrx_word' id='word_1_19' title='bbox 215 2494 270 2545; x_wconf 87' lang='lat' dir='ltr'><strong>ut</strong></span> <span class='ocrx_word' id='word_1_20' title='bbox 301 2489 368 2547; x_wconf 90' lang='lat' dir='ltr'><strong>ad</strong></span> <span class='ocrx_word' id='word_1_21' title='bbox 405 2490 652 2564; x_wconf 83' lang='lat' dir='ltr'><strong>singulas</strong></span> <span class='ocrx_word' id='word_1_22' title='bbox 691 2490 900 2563; x_wconf 90' lang='lat' dir='ltr'><strong>species</strong></span> <span class='ocrx_word' id='word_1_23' title='bbox 941 2488 1126 2563; x_wconf 82' lang='lat' dir='ltr'><strong>legum</strong></span> <span class='ocrx_word' id='word_1_24' title='bbox 1167 2488 1610 2563; x_wconf 86' lang='lat' dir='ltr'><strong>descendamus,</strong></span> <span class='ocrx_word' id='word_1_25' title='bbox 1650 2492 1791 2548; x_wconf 91' lang='lat' dir='ltr'><strong>inter</strong></span> 
     </span>
     <span class='ocr_line' id='line_1_6' title="bbox 215 2579 1794 2653; baseline 0.003 -19"><span class='ocrx_word' id='word_1_26' title='bbox 215 2594 338 2651; x_wconf 86' lang='lat' dir='ltr'><strong>quas</strong></span> <span class='ocrx_word' id='word_1_27' title='bbox 358 2580 596 2653; x_wconf 89' lang='lat' dir='ltr'><strong>primum</strong></span> <span class='ocrx_word' id='word_1_28' title='bbox 615 2579 802 2639; x_wconf 91' lang='lat' dir='ltr'><strong>locum</strong></span> <span class='ocrx_word' id='word_1_29' title='bbox 825 2580 1034 2639; x_wconf 88' lang='lat' dir='ltr'><strong>obtinet</strong></span> <span class='ocrx_word' id='word_1_30' title='bbox 1053 2579 1136 2639; x_wconf 89' lang='lat' dir='ltr'><strong>lex</strong></span> <span class='ocrx_word' id='word_1_31' title='bbox 1160 2589 1380 2639; x_wconf 88' lang='lat' dir='ltr'><strong>aeterna</strong></span> <span class='ocrx_word' id='word_1_32' title='bbox 1392 2588 1617 2653; x_wconf 90' lang='lat' dir='ltr'><strong>propter</strong></span> <span class='ocrx_word' id='word_1_33' title='bbox 1637 2596 1794 2639; x_wconf 87' lang='lat' dir='ltr'><strong>suam</strong></span> 
     </span>
     <span class='ocr_line' id='line_1_7' title="bbox 213 2668 1794 2746; baseline 0.003 -21"><span class='ocrx_word' id='word_1_34' title='bbox 213 2668 506 2744; x_wconf 82' lang='lat' dir='ltr'><strong>dignitatem</strong></span> <span class='ocrx_word' id='word_1_35' title='bbox 527 2680 588 2729; x_wconf 90' lang='lat' dir='ltr'><strong>et</strong></span> <span class='ocrx_word' id='word_1_36' title='bbox 606 2670 1002 2743; x_wconf 83' lang='lat' dir='ltr'><strong>excellentiam,</strong></span> <span class='ocrx_word' id='word_1_37' title='bbox 1017 2673 1215 2745; x_wconf 83' lang='lat' dir='ltr'><strong>etquis</strong></span> <span class='ocrx_word' id='word_1_38' title='bbox 1235 2678 1322 2730; x_wconf 88' lang='lat' dir='ltr'><strong>est</strong></span> <span class='ocrx_word' id='word_1_39' title='bbox 1341 2672 1526 2746; x_wconf 82' lang='lat' dir='ltr'><strong>legum</strong></span> <span class='ocrx_word' id='word_1_40' title='bbox 1550 2672 1794 2731; x_wconf 89' lang='lat' dir='ltr'><strong>omnium</strong></span> 
     </span>
     <span class='ocr_line' id='line_1_8' title="bbox 213 2760 1796 2838; baseline 0.004 -23"><span class='ocrx_word' id='word_1_41' title='bbox 213 2760 320 2817; x_wconf 79' lang='lat' dir='ltr'><strong>lons</strong></span> <span class='ocrx_word' id='word_1_42' title='bbox 337 2770 392 2821; x_wconf 89' lang='lat' dir='ltr'><strong>et</strong></span> <span class='ocrx_word' id='word_1_43' title='bbox 412 2765 589 2837; x_wconf 80' lang='lat' dir='ltr'><strong>origo.</strong></span> <span class='ocrx_word' id='word_1_44' title='bbox 621 2766 695 2820; x_wconf 89' lang='lat' dir='ltr'><strong>De</strong></span> <span class='ocrx_word' id='word_1_45' title='bbox 723 2762 815 2819; x_wconf 88' lang='lat' dir='ltr'><strong>illa</strong></span> <span class='ocrx_word' id='word_1_46' title='bbox 839 2778 970 2821; x_wconf 83' lang='lat' dir='ltr'><strong>vero</strong></span> <span class='ocrx_word' id='word_1_47' title='bbox 991 2763 1216 2820; x_wconf 86' lang='lat' dir='ltr'><strong>brevius</strong></span> <span class='ocrx_word' id='word_1_48' title='bbox 1237 2762 1569 2821; x_wconf 80' lang='lat' dir='ltr'>disseremus</span> <span class='ocrx_word' id='word_1_49' title='bbox 1585 2804 1602 2837; x_wconf 93' lang='lat'><strong>,</strong></span> <span class='ocrx_word' id='word_1_50' title='bbox 1627 2780 1796 2838; x_wconf 88' lang='lat' dir='ltr'><strong>quam</strong></span> 
     </span>
     <span class='ocr_line' id='line_1_9' title="bbox 213 2850 1797 2929; baseline 0.004 -21"><span class='ocrx_word' id='word_1_51' title='bbox 213 2850 273 2908; x_wconf 89' lang='lat' dir='ltr'><strong>de</strong></span> <span class='ocrx_word' id='word_1_52' title='bbox 297 2852 442 2923; x_wconf 86' lang='lat' dir='ltr'><strong>aliis,</strong></span> <span class='ocrx_word' id='word_1_53' title='bbox 471 2854 609 2929; x_wconf 88' lang='lat' dir='ltr'><strong>quia</strong></span> <span class='ocrx_word' id='word_1_54' title='bbox 635 2859 891 2926; x_wconf 90' lang='lat' dir='ltr'><strong>respectu</strong></span> <span class='ocrx_word' id='word_1_55' title='bbox 917 2852 1202 2911; x_wconf 89' lang='lat' dir='ltr'><strong>hominum</strong></span> <span class='ocrx_word' id='word_1_56' title='bbox 1228 2870 1338 2911; x_wconf 91' lang='lat' dir='ltr'><strong>non</strong></span> <span class='ocrx_word' id='word_1_57' title='bbox 1378 2862 1451 2913; x_wconf 73' lang='lat' dir='ltr'><strong>ita</strong></span> <span class='ocrx_word' id='word_1_58' title='bbox 1490 2854 1797 2927; x_wconf 80' lang='lat' dir='ltr'>applicatur</span> 
     </span>
     <span class='ocr_line' id='line_1_10' title="bbox 213 2943 1793 3024; baseline 0.004 -25"><span class='ocrx_word' id='word_1_59' title='bbox 213 2957 298 3013; x_wconf 86' lang='lat' dir='ltr'><strong>per</strong></span> <span class='ocrx_word' id='word_1_60' title='bbox 323 2944 556 3017; x_wconf 87' lang='lat' dir='ltr'><strong>seipsam</strong></span> <span class='ocrx_word' id='word_1_61' title='bbox 584 2943 653 3002; x_wconf 90' lang='lat' dir='ltr'><strong>ad</strong></span> <span class='ocrx_word' id='word_1_62' title='bbox 681 2960 876 3017; x_wconf 90' lang='lat' dir='ltr'><strong>usum,</strong></span> <span class='ocrx_word' id='word_1_63' title='bbox 910 2959 1007 3001; x_wconf 87' lang='lat' dir='ltr'><strong>seu</strong></span> <span class='ocrx_word' id='word_1_64' title='bbox 1037 2960 1239 3001; x_wconf 82' lang='lat' dir='ltr'><strong>munus</strong></span> <span class='ocrx_word' id='word_1_65' title='bbox 1267 2944 1431 3018; x_wconf 79' lang='lat' dir='ltr'><strong>legis,</strong></span> <span class='ocrx_word' id='word_1_66' title='bbox 1465 2946 1612 3003; x_wconf 90' lang='lat' dir='ltr'><strong>sicut</strong></span> <span class='ocrx_word' id='word_1_67' title='bbox 1633 2946 1793 3024; x_wconf 88' lang='lat' dir='ltr'><strong>aliae,</strong></span> 
     </span>
     <span class='ocr_line' id='line_1_11' title="bbox 211 3034 1794 3139; baseline 0.004 -51"><span class='ocrx_word' id='word_1_68' title='bbox 211 3038 260 3089; x_wconf 87' lang='lat' dir='ltr'><strong>et</strong></span> <span class='ocrx_word' id='word_1_69' title='bbox 277 3050 400 3139; x_wconf 83' lang='lat' dir='ltr'><strong>qma</strong></span> <span class='ocrx_word' id='word_1_70' title='bbox 423 3050 630 3109; x_wconf 76' lang='lat' dir='ltr'><strong>magna</strong></span> <span class='ocrx_word' id='word_1_71' title='bbox 665 3050 731 3094; x_wconf 85' lang='lat' dir='ltr'><strong>ex</strong></span> <span class='ocrx_word' id='word_1_72' title='bbox 771 3042 928 3108; x_wconf 89' lang='lat' dir='ltr'><strong>parte</strong></span> <span class='ocrx_word' id='word_1_73' title='bbox 968 3034 1107 3092; x_wconf 88' lang='lat' dir='ltr'><strong>solet</strong></span> <span class='ocrx_word' id='word_1_74' title='bbox 1145 3034 1402 3091; x_wconf 78' lang='lat' dir='ltr'><strong>confundi</strong></span> <span class='ocrx_word' id='word_1_75' title='bbox 1442 3049 1574 3092; x_wconf 91' lang='lat' dir='ltr'><strong>cum</strong></span> <span class='ocrx_word' id='word_1_76' title='bbox 1613 3038 1794 3108; x_wconf 81' lang='lat' dir='ltr'><strong>provi·</strong></span> 
     </span>
     <span class='ocr_line' id='line_1_12' title="bbox 211 3106 1796 3199; baseline 0.005 -22"><span class='ocrx_word' id='word_1_77' title='bbox 211 3106 374 3181; x_wconf 74' lang='lat' dir='ltr'><strong>denti&#39;a</strong></span> <span class='ocrx_word' id='word_1_78' title='bbox 399 3124 622 3198; x_wconf 77' lang='lat' dir='ltr'><strong>divina,</strong></span> <span class='ocrx_word' id='word_1_79' title='bbox 665 3124 732 3182; x_wconf 91' lang='lat' dir='ltr'><strong>de</strong></span> <span class='ocrx_word' id='word_1_80' title='bbox 774 3126 966 3199; x_wconf 88' lang='lat' dir='ltr'><strong>quain</strong></span> <span class='ocrx_word' id='word_1_81' title='bbox 1012 3128 1061 3183; x_wconf 85' lang='lat'><strong>1.</strong></span> <span class='ocrx_word' id='word_1_82' title='bbox 1093 3140 1150 3198; x_wconf 89' lang='lat' dir='ltr'><strong>p.</strong></span> <span class='ocrx_word' id='word_1_83' title='bbox 1181 3140 1248 3181; x_wconf 81' lang='lat' dir='ltr'><strong>ex</strong></span> <span class='ocrx_word' id='word_1_84' title='bbox 1275 3124 1524 3183; x_wconf 88' lang='lat' dir='ltr'><strong>instituto</strong></span> <span class='ocrx_word' id='word_1_85' title='bbox 1551 3123 1796 3198; x_wconf 86' lang='lat' dir='ltr'><strong>disputa-</strong></span> 
     </span>
     <span class='ocr_line' id='line_1_13' title="bbox 211 3214 1796 3291; baseline 0.004 -22"><span class='ocrx_word' id='word_1_86' title='bbox 211 3218 310 3270; x_wconf 87' lang='lat' dir='ltr'><strong>tur.</strong></span> <span class='ocrx_word' id='word_1_87' title='bbox 336 3216 473 3273; x_wconf 89' lang='lat' dir='ltr'><strong>Cum</strong></span> <span class='ocrx_word' id='word_1_88' title='bbox 514 3214 636 3289; x_wconf 82' lang='lat' dir='ltr'><strong>lege</strong></span> <span class='ocrx_word' id='word_1_89' title='bbox 677 3222 860 3273; x_wconf 89' lang='lat' dir='ltr'><strong>autem</strong></span> <span class='ocrx_word' id='word_1_90' title='bbox 903 3221 1120 3273; x_wconf 89' lang='lat' dir='ltr'><strong>aeterna</strong></span> <span class='ocrx_word' id='word_1_91' title='bbox 1160 3214 1464 3273; x_wconf 75' lang='lat' dir='ltr'><strong>naturalem</strong></span> <span class='ocrx_word' id='word_1_92' title='bbox 1505 3218 1796 3291; x_wconf 80' lang='lat' dir='ltr'><strong>coniungi-</strong></span> 
     </span>
     <span class='ocr_line' id='line_1_14' title="bbox 211 3304 1795 3381; baseline 0.005 -22"><span class='ocrx_word' id='word_1_93' title='bbox 211 3319 351 3377; x_wconf 87' lang='lat' dir='ltr'><strong>mus,</strong></span> <span class='ocrx_word' id='word_1_94' title='bbox 381 3313 504 3362; x_wconf 87' lang='lat' dir='ltr'><strong>tum</strong></span> <span class='ocrx_word' id='word_1_95' title='bbox 533 3306 602 3362; x_wconf 87' lang='lat' dir='ltr'><strong>ad</strong></span> <span class='ocrx_word' id='word_1_96' title='bbox 625 3304 786 3363; x_wconf 89' lang='lat' dir='ltr'><strong>huius</strong></span> <span class='ocrx_word' id='word_1_97' title='bbox 810 3305 932 3362; x_wconf 80' lang='lat' dir='ltr'><strong>libri</strong></span> <span class='ocrx_word' id='word_1_98' title='bbox 957 3305 1451 3381; x_wconf 88' lang='lat' dir='ltr'><strong>complementum;</strong></span> <span class='ocrx_word' id='word_1_99' title='bbox 1486 3310 1604 3363; x_wconf 89' lang='lat' dir='ltr'><strong>tum</strong></span> <span class='ocrx_word' id='word_1_100' title='bbox 1631 3308 1795 3367; x_wconf 90' lang='lat' dir='ltr'><strong>etiam</strong></span> 
     </span>
    </p>
   </div>
   <div class='ocr_carea' id='block_1_5' title="bbox 211 3394 1801 3471">
    <p class='ocr_par' dir='ltr' id='par_1_5' title="bbox 211 3394 1801 3471">
     <span class='ocr_line' id='line_1_15' title="bbox 211 3394 1801 3471; baseline 0.003 -20"><span class='ocrx_word' id='word_1_101' title='bbox 211 3394 322 3465; x_wconf 87' lang='lat' dir='ltr'><strong>quia</strong></span> <span class='ocrx_word' id='word_1_102' title='bbox 345 3396 610 3453; x_wconf 81' lang='lat' dir='ltr'><strong>naturalis</strong></span> <span class='ocrx_word' id='word_1_103' title='bbox 641 3396 729 3455; x_wconf 83' lang='lat' dir='ltr'><strong>lex</strong></span> <span class='ocrx_word' id='word_1_104' title='bbox 755 3403 840 3453; x_wconf 87' lang='lat' dir='ltr'><strong>cst</strong></span> <span class='ocrx_word' id='word_1_105' title='bbox 866 3396 1041 3468; x_wconf 88' lang='lat' dir='ltr'><strong>prima</strong></span> <span class='ocrx_word' id='word_1_106' title='bbox 1063 3412 1255 3454; x_wconf 90' lang='lat' dir='ltr'><strong>earum</strong></span> <span class='ocrx_word' id='word_1_107' title='bbox 1278 3440 1292 3469; x_wconf 92' lang='lat'><strong>,</strong></span> <span class='ocrx_word' id='word_1_108' title='bbox 1323 3412 1424 3469; x_wconf 88' lang='lat' dir='ltr'><strong>per</strong></span> <span class='ocrx_word' id='word_1_109' title='bbox 1445 3412 1584 3471; x_wconf 88' lang='lat' dir='ltr'><strong>quas</strong></span> <span class='ocrx_word' id='word_1_110' title='bbox 1607 3396 1691 3453; x_wconf 86' lang='lat' dir='ltr'><strong>lex</strong></span> <span class='ocrx_word' id='word_1_111' title='bbox 1710 3414 1801 3456; x_wconf 88' lang='lat' dir='ltr'><strong>ae-</strong></span> 
     </span>
    </p>
   </div>
   <div class='ocr_carea' id='block_1_6' title="bbox 197 3487 1799 4919">
    <p class='ocr_par' dir='ltr' id='par_1_6' title="bbox 197 3487 1799 4830">
     <span class='ocr_line' id='line_1_16' title="bbox 211 3487 1799 3565; baseline 0.005 -26"><span class='ocrx_word' id='word_1_112' title='bbox 211 3490 350 3541; x_wconf 87' lang='lat' dir='ltr'><strong>terna</strong></span> <span class='ocrx_word' id='word_1_113' title='bbox 377 3487 534 3545; x_wconf 85' lang='lat' dir='ltr'><strong>nobis</strong></span> <span class='ocrx_word' id='word_1_114' title='bbox 566 3487 912 3560; x_wconf 80' lang='lat' dir='ltr'><strong>applicatur,</strong></span> <span class='ocrx_word' id='word_1_115' title='bbox 956 3503 1054 3543; x_wconf 91' lang='lat' dir='ltr'><strong>seu</strong></span> <span class='ocrx_word' id='word_1_116' title='bbox 1095 3488 1430 3561; x_wconf 82' lang='lat' dir='ltr'><strong>innotescit,</strong></span> <span class='ocrx_word' id='word_1_117' title='bbox 1462 3494 1517 3545; x_wconf 92' lang='lat' dir='ltr'><strong>et</strong></span> <span class='ocrx_word' id='word_1_118' title='bbox 1542 3492 1672 3565; x_wconf 90' lang='lat' dir='ltr'><strong>quia</strong></span> <span class='ocrx_word' id='word_1_119' title='bbox 1701 3490 1799 3547; x_wconf 78' lang='lat' dir='ltr'><strong>dis·</strong></span> 
     </span>
     <span class='ocr_line' id='line_1_17' title="bbox 209 3552 1798 3653; baseline 0.004 -23"><span class='ocrx_word' id='word_1_120' title='bbox 209 3574 373 3634; x_wconf 82' lang='lat' dir='ltr'><strong>serunt</strong></span> <span class='ocrx_word' id='word_1_121' title='bbox 401 3584 672 3653; x_wconf 85' lang='lat' dir='ltr'><strong>tanquam</strong></span> <span class='ocrx_word' id='word_1_122' title='bbox 701 3577 788 3635; x_wconf 78' lang='lat' dir='ltr'><strong>lex</strong></span> <span class='ocrx_word' id='word_1_123' title='bbox 816 3592 915 3649; x_wconf 88' lang='lat' dir='ltr'><strong>per</strong></span> <span class='ocrx_word' id='word_1_124' title='bbox 941 3552 1230 3635; x_wconf 82' lang='lat' dir='ltr'><strong>essentiam</strong></span> <span class='ocrx_word' id='word_1_125' title='bbox 1271 3584 1330 3635; x_wconf 91' lang='lat' dir='ltr'><strong>et</strong></span> <span class='ocrx_word' id='word_1_126' title='bbox 1368 3594 1465 3651; x_wconf 89' lang='lat' dir='ltr'><strong>per</strong></span> <span class='ocrx_word' id='word_1_127' title='bbox 1508 3580 1798 3653; x_wconf 87' lang='lat' dir='ltr'><strong>participa-</strong></span> 
     </span>
     <span class='ocr_line' id='line_1_18' title="bbox 212 3666 1792 3743; baseline 0.003 -22"><span class='ocrx_word' id='word_1_128' title='bbox 212 3666 433 3737; x_wconf 88' lang='lat' dir='ltr'><strong>tionem,</strong></span> <span class='ocrx_word' id='word_1_129' title='bbox 463 3668 557 3727; x_wconf 82' lang='lat' dir='ltr'><strong>vel</strong></span> <span class='ocrx_word' id='word_1_130' title='bbox 589 3670 687 3741; x_wconf 79' lang='lat' dir='ltr'><strong>(ut</strong></span> <span class='ocrx_word' id='word_1_131' title='bbox 714 3670 793 3725; x_wconf 89' lang='lat' dir='ltr'><strong>sic</strong></span> <span class='ocrx_word' id='word_1_132' title='bbox 821 3666 1024 3741; x_wconf 89' lang='lat' dir='ltr'><strong>dicam)</strong></span> <span class='ocrx_word' id='word_1_133' title='bbox 1065 3674 1326 3742; x_wconf 86' lang='lat' dir='ltr'><strong>tanquam</strong></span> <span class='ocrx_word' id='word_1_134' title='bbox 1369 3670 1584 3743; x_wconf 82' lang='lat' dir='ltr'><strong>signum</strong></span> <span class='ocrx_word' id='word_1_135' title='bbox 1623 3677 1681 3729; x_wconf 88' lang='lat' dir='ltr'><strong>et</strong></span> <span class='ocrx_word' id='word_1_136' title='bbox 1719 3672 1792 3725; x_wconf 88' lang='lat' dir='ltr'><strong>si-</strong></span> 
     </span>
     <span class='ocr_line' id='line_1_19' title="bbox 205 3757 1790 3833; baseline 0.005 -22"><span class='ocrx_word' id='word_1_137' title='bbox 205 3757 536 3833; x_wconf 80' lang='lat' dir='ltr'><strong>gnificatum,</strong></span> <span class='ocrx_word' id='word_1_138' title='bbox 581 3765 651 3817; x_wconf 86' lang='lat' dir='ltr'><strong>ut</strong></span> <span class='ocrx_word' id='word_1_139' title='bbox 688 3758 1108 3816; x_wconf 74' lang='lat' dir='ltr'><strong>declarabimus.</strong></span> <span class='ocrx_word' id='word_1_140' title='bbox 1153 3760 1434 3817; x_wconf 90' lang='lat' dir='ltr'><strong>Sumimus</strong></span> <span class='ocrx_word' id='word_1_141' title='bbox 1477 3769 1661 3819; x_wconf 87' lang='lat' dir='ltr'><strong>autem</strong></span> <span class='ocrx_word' id='word_1_142' title='bbox 1701 3760 1790 3819; x_wconf 90' lang='lat' dir='ltr'><strong>hic</strong></span> 
     </span>
     <span class='ocr_line' id='line_1_20' title="bbox 206 3844 1792 3920; baseline 0.005 -20"><span class='ocrx_word' id='word_1_143' title='bbox 206 3844 363 3920; x_wconf 82' lang='lat' dir='ltr'><strong>legem</strong></span> <span class='ocrx_word' id='word_1_144' title='bbox 389 3850 707 3907; x_wconf 83' lang='lat' dir='ltr'><strong>naturalem</strong></span> <span class='ocrx_word' id='word_1_145' title='bbox 734 3851 956 3919; x_wconf 88' lang='lat' dir='ltr'><strong>stricte,</strong></span> <span class='ocrx_word' id='word_1_146' title='bbox 985 3856 1050 3907; x_wconf 91' lang='lat' dir='ltr'><strong>ut</strong></span> <span class='ocrx_word' id='word_1_147' title='bbox 1075 3852 1422 3909; x_wconf 85' lang='lat' dir='ltr'><strong>continetur</strong></span> <span class='ocrx_word' id='word_1_148' title='bbox 1406 3868 1460 3907; x_wconf 90' lang='grc' dir='ltr'><strong>ιιι</strong></span> <span class='ocrx_word' id='word_1_149' title='bbox 1485 3851 1601 3909; x_wconf 91' lang='lat' dir='ltr'><strong>solo</strong></span> <span class='ocrx_word' id='word_1_150' title='bbox 1629 3852 1792 3909; x_wconf 90' lang='lat' dir='ltr'><strong>lumi-</strong></span> 
     </span>
     <span class='ocr_line' id='line_1_21' title="bbox 207 3940 1792 4016; baseline 0.004 -25"><span class='ocrx_word' id='word_1_151' title='bbox 207 3952 266 3992; x_wconf 88' lang='lat' dir='ltr'><strong>ne</strong></span> <span class='ocrx_word' id='word_1_152' title='bbox 289 3941 562 4015; x_wconf 83' lang='lat' dir='ltr'><strong>naturali3</strong></span> <span class='ocrx_word' id='word_1_153' title='bbox 597 3956 722 3998; x_wconf 91' lang='lat' dir='ltr'><strong>nam</strong></span> <span class='ocrx_word' id='word_1_154' title='bbox 752 3940 872 4013; x_wconf 86' lang='lat' dir='ltr'><strong>illa,</strong></span> <span class='ocrx_word' id='word_1_155' title='bbox 902 3956 1042 4014; x_wconf 87' lang='lat' dir='ltr'><strong>quae</strong></span> <span class='ocrx_word' id='word_1_156' title='bbox 1063 3948 1150 3998; x_wconf 87' lang='lat' dir='ltr'><strong>est</strong></span> <span class='ocrx_word' id='word_1_157' title='bbox 1171 3940 1542 3999; x_wconf 88' lang='lat' dir='ltr'><strong>connaturalis</strong></span> <span class='ocrx_word' id='word_1_158' title='bbox 1564 3942 1792 4016; x_wconf 79' lang='lat' dir='ltr'><strong>gratiae,</strong></span> 
     </span>
     <span class='ocr_line' id='line_1_22' title="bbox 207 4031 1794 4106; baseline 0.006 -25"><span class='ocrx_word' id='word_1_159' title='bbox 207 4043 294 4084; x_wconf 88' lang='lat' dir='ltr'><strong>seu</strong></span> <span class='ocrx_word' id='word_1_160' title='bbox 335 4031 454 4088; x_wconf 81' lang='lat' dir='ltr'><strong>fidei</strong></span> <span class='ocrx_word' id='word_1_161' title='bbox 482 4074 498 4103; x_wconf 90' lang='lat'><strong>,</strong></span> <span class='ocrx_word' id='word_1_162' title='bbox 540 4032 858 4104; x_wconf 86' lang='lat' dir='ltr'><strong>simpliciter</strong></span> <span class='ocrx_word' id='word_1_163' title='bbox 903 4032 1337 4105; x_wconf 87' lang='lat' dir='ltr'><strong>supernaturalis</strong></span> <span class='ocrx_word' id='word_1_164' title='bbox 1385 4039 1505 4106; x_wconf 86' lang='lat' dir='ltr'><strong>est,</strong></span> <span class='ocrx_word' id='word_1_165' title='bbox 1555 4039 1609 4089; x_wconf 89' lang='lat' dir='ltr'><strong>et</strong></span> <span class='ocrx_word' id='word_1_166' title='bbox 1654 4033 1794 4091; x_wconf 79' lang='lat' dir='ltr'><strong>infra</strong></span> 
     </span>
     <span class='ocr_line' id='line_1_23' title="bbox 205 4122 1787 4199; baseline 0.006 -27"><span class='ocrx_word' id='word_1_167' title='bbox 205 4122 472 4179; x_wconf 85' lang='lat' dir='ltr'><strong>tractando</strong></span> <span class='ocrx_word' id='word_1_168' title='bbox 501 4123 570 4179; x_wconf 90' lang='lat' dir='ltr'><strong>de</strong></span> <span class='ocrx_word' id='word_1_169' title='bbox 599 4122 718 4196; x_wconf 85' lang='lat' dir='ltr'><strong>lege</strong></span> <span class='ocrx_word' id='word_1_170' title='bbox 745 4123 949 4196; x_wconf 83' lang='lat' dir='ltr'><strong>gratiae</strong></span> <span class='ocrx_word' id='word_1_171' title='bbox 978 4130 1382 4197; x_wconf 88' lang='lat' dir='ltr'><strong>consequenter</strong></span> <span class='ocrx_word' id='word_1_172' title='bbox 1407 4123 1787 4199; x_wconf 82' lang='lat' dir='ltr'><strong>explicabitur,</strong></span> 
     </span>
     <span class='ocr_line' id='line_1_24' title="bbox 203 4206 1785 4289; baseline 0.006 -26"><span class='ocrx_word' id='word_1_173' title='bbox 203 4206 314 4266; x_wconf 88' lang='lat' dir='ltr'><strong>licet</strong></span> <span class='ocrx_word' id='word_1_174' title='bbox 333 4228 465 4269; x_wconf 89' lang='lat' dir='ltr'><strong>cum</strong></span> <span class='ocrx_word' id='word_1_175' title='bbox 489 4214 847 4285; x_wconf 84' lang='lat' dir='ltr'><strong>proportione</strong></span> <span class='ocrx_word' id='word_1_176' title='bbox 869 4215 1079 4285; x_wconf 87' lang='lat' dir='ltr'><strong>possint</strong></span> <span class='ocrx_word' id='word_1_177' title='bbox 1098 4214 1167 4271; x_wconf 87' lang='lat' dir='ltr'><strong>ad</strong></span> <span class='ocrx_word' id='word_1_178' title='bbox 1190 4214 1332 4270; x_wconf 91' lang='lat' dir='ltr'><strong>illam</strong></span> <span class='ocrx_word' id='word_1_179' title='bbox 1346 4213 1627 4287; x_wconf 87' lang='lat' dir='ltr'><strong>applicari,</strong></span> <span class='ocrx_word' id='word_1_180' title='bbox 1642 4230 1785 4289; x_wconf 88' lang='lat' dir='ltr'><strong>quae</strong></span> 
     </span>
     <span class='ocr_line' id='line_1_25' title="bbox 205 4297 1784 4379; baseline 0.006 -26"><span class='ocrx_word' id='word_1_181' title='bbox 205 4297 262 4355; x_wconf 88' lang='lat' dir='ltr'><strong>de</strong></span> <span class='ocrx_word' id='word_1_182' title='bbox 288 4301 402 4375; x_wconf 82' lang='lat' dir='ltr'><strong>lege</strong></span> <span class='ocrx_word' id='word_1_183' title='bbox 430 4304 676 4361; x_wconf 88' lang='lat' dir='ltr'><strong>naturali</strong></span> <span class='ocrx_word' id='word_1_184' title='bbox 703 4304 968 4361; x_wconf 84' lang='lat' dir='ltr'><strong>dicemus.</strong></span> <span class='ocrx_word' id='word_1_185' title='bbox 1011 4306 1174 4362; x_wconf 90' lang='lat' dir='ltr'><strong>Circa</strong></span> <span class='ocrx_word' id='word_1_186' title='bbox 1199 4320 1368 4379; x_wconf 88' lang='lat' dir='ltr'><strong>quam</strong></span> <span class='ocrx_word' id='word_1_187' title='bbox 1395 4304 1650 4376; x_wconf 80' lang='lat' dir='ltr'><strong>adverto,</strong></span> <span class='ocrx_word' id='word_1_188' title='bbox 1681 4304 1784 4363; x_wconf 92' lang='lat' dir='ltr'><strong>du-</strong></span> 
     </span>
     <span class='ocr_line' id='line_1_26' title="bbox 201 4390 1784 4468; baseline 0.004 -22"><span class='ocrx_word' id='word_1_189' title='bbox 201 4390 399 4460; x_wconf 87' lang='lat' dir='ltr'><strong>pliciter</strong></span> <span class='ocrx_word' id='word_1_190' title='bbox 425 4409 555 4450; x_wconf 89' lang='lat' dir='ltr'><strong>esse</strong></span> <span class='ocrx_word' id='word_1_191' title='bbox 585 4394 896 4452; x_wconf 87' lang='lat' dir='ltr'><strong>hominibus</strong></span> <span class='ocrx_word' id='word_1_192' title='bbox 923 4395 1292 4468; x_wconf 84' lang='lat' dir='ltr'><strong>propositam,</strong></span> <span class='ocrx_word' id='word_1_193' title='bbox 1323 4394 1474 4468; x_wconf 90' lang='lat' dir='ltr'><strong>prius</strong></span> <span class='ocrx_word' id='word_1_194' title='bbox 1501 4412 1599 4468; x_wconf 89' lang='lat' dir='ltr'><strong>per</strong></span> <span class='ocrx_word' id='word_1_195' title='bbox 1623 4404 1784 4455; x_wconf 88' lang='lat' dir='ltr'><strong>natu-</strong></span> 
     </span>
     <span class='ocr_line' id='line_1_27' title="bbox 201 4480 1792 4560; baseline 0.007 -27"><span class='ocrx_word' id='word_1_196' title='bbox 201 4480 300 4536; x_wconf 86' lang='lat' dir='ltr'><strong>rale</strong></span> <span class='ocrx_word' id='word_1_197' title='bbox 328 4481 519 4540; x_wconf 87' lang='lat' dir='ltr'><strong>lumen</strong></span> <span class='ocrx_word' id='word_1_198' title='bbox 549 4484 772 4541; x_wconf 87' lang='lat' dir='ltr'><strong>rationis</strong></span> <span class='ocrx_word' id='word_1_199' title='bbox 792 4526 808 4557; x_wconf 92' lang='lat'><strong>,</strong></span> <span class='ocrx_word' id='word_1_200' title='bbox 838 4483 1085 4542; x_wconf 90' lang='lat' dir='ltr'><strong>secundo</strong></span> <span class='ocrx_word' id='word_1_201' title='bbox 1114 4500 1212 4558; x_wconf 91' lang='lat' dir='ltr'><strong>per</strong></span> <span class='ocrx_word' id='word_1_202' title='bbox 1241 4484 1415 4558; x_wconf 83' lang='lat' dir='ltr'><strong>legem</strong></span> <span class='ocrx_word' id='word_1_203' title='bbox 1455 4486 1711 4560; x_wconf 81' lang='lat' dir='ltr'><strong>Decalogi</strong></span> <span class='ocrx_word' id='word_1_204' title='bbox 1736 4490 1792 4544; x_wconf 88' lang='lat' dir='ltr'><strong>in</strong></span> 
     </span>
     <span class='ocr_line' id='line_1_28' title="bbox 201 4571 1786 4648; baseline 0.006 -23"><span class='ocrx_word' id='word_1_205' title='bbox 201 4571 386 4629; x_wconf 85' lang='lat' dir='ltr'><strong>tabulis</strong></span> <span class='ocrx_word' id='word_1_206' title='bbox 413 4575 686 4631; x_wconf 87' lang='lat' dir='ltr'><strong>mosaicis</strong></span> <span class='ocrx_word' id='word_1_207' title='bbox 727 4575 1020 4648; x_wconf 87' lang='lat' dir='ltr'><strong>scriptam,</strong></span> <span class='ocrx_word' id='word_1_208' title='bbox 1063 4581 1118 4632; x_wconf 89' lang='lat' dir='ltr'><strong>et</strong></span> <span class='ocrx_word' id='word_1_209' title='bbox 1156 4574 1277 4632; x_wconf 89' lang='lat' dir='ltr'><strong>ideo</strong></span> <span class='ocrx_word' id='word_1_210' title='bbox 1319 4576 1374 4633; x_wconf 92' lang='lat' dir='ltr'><strong>d.</strong></span> <span class='ocrx_word' id='word_1_211' title='bbox 1418 4576 1676 4634; x_wconf 75' lang='lat' dir='ltr'><strong>&#39;rhomam</strong></span> <span class='ocrx_word' id='word_1_212' title='bbox 1718 4578 1786 4636; x_wconf 88' lang='lat' dir='ltr'><strong>de</strong></span> 
     </span>
     <span class='ocr_line' id='line_1_29' title="bbox 197 4655 1786 4740; baseline 0.007 -26"><span class='ocrx_word' id='word_1_213' title='bbox 197 4655 304 4734; x_wconf 81' lang='lat' dir='ltr'><strong>lege</strong></span> <span class='ocrx_word' id='word_1_214' title='bbox 331 4663 578 4721; x_wconf 89' lang='lat' dir='ltr'><strong>naturali</strong></span> <span class='ocrx_word' id='word_1_215' title='bbox 620 4665 724 4723; x_wconf 91' lang='lat' dir='ltr'><strong>sub</strong></span> <span class='ocrx_word' id='word_1_216' title='bbox 763 4665 932 4737; x_wconf 86' lang='lat' dir='ltr'><strong>priori</strong></span> <span class='ocrx_word' id='word_1_217' title='bbox 971 4664 1176 4722; x_wconf 90' lang='lat' dir='ltr'><strong>ratione</strong></span> <span class='ocrx_word' id='word_1_218' title='bbox 1207 4671 1451 4738; x_wconf 86' lang='lat' dir='ltr'><strong>spectata</strong></span> <span class='ocrx_word' id='word_1_219' title='bbox 1477 4665 1786 4740; x_wconf 85' lang='lat' dir='ltr'><strong>disputasse</strong></span> 
     </span>
     <span class='ocr_line' id='line_1_30' title="bbox 206 4754 1554 4830; baseline 0.004 -23"><span class='ocrx_word' id='word_1_220' title='bbox 206 4754 248 4807; x_wconf 82' lang='lat'><strong>1.</strong></span> <span class='ocrx_word' id='word_1_221' title='bbox 271 4758 299 4811; x_wconf 85' lang='lat'><strong>2</strong></span> <span class='ocrx_word' id='word_1_222' title='bbox 318 4796 334 4825; x_wconf 92' lang='lat'><strong>,</strong></span> <span class='ocrx_word' id='word_1_223' title='bbox 363 4772 422 4829; x_wconf 90' lang='lat' dir='ltr'><strong>q.</strong></span> <span class='ocrx_word' id='word_1_224' title='bbox 459 4760 532 4814; x_wconf 70' lang='lat'><strong>9⁴</strong></span> <span class='ocrx_word' id='word_1_225' title='bbox 553 4796 570 4828; x_wconf 93' lang='lat'><strong>,</strong></span> <span class='ocrx_word' id='word_1_226' title='bbox 602 4755 706 4811; x_wconf 90' lang='lat' dir='ltr'><strong>sub</strong></span> <span class='ocrx_word' id='word_1_227' title='bbox 732 4757 1021 4826; x_wconf 84' lang='lat' dir='ltr'><strong>posteriori</strong></span> <span class='ocrx_word' id='word_1_228' title='bbox 1041 4762 1226 4813; x_wconf 87' lang='lat' dir='ltr'><strong>autem</strong></span> <span class='ocrx_word' id='word_1_229' title='bbox 1253 4755 1305 4811; x_wconf 91' lang='lat' dir='ltr'><strong>in</strong></span> <span class='ocrx_word' id='word_1_230' title='bbox 1333 4772 1390 4830; x_wconf 84' lang='lat' dir='ltr'><strong>q.</strong></span> <span class='ocrx_word' id='word_1_231' title='bbox 1429 4762 1554 4815; x_wconf 85' lang='lat'><strong>100.</strong></span> 
     </span>
    </p>

    <p class='ocr_par' dir='ltr' id='par_1_7' title="bbox 266 4844 1788 4919">
     <span class='ocr_line' id='line_1_31' title="bbox 266 4844 1788 4919; baseline 0.003 -18"><span class='ocrx_word' id='word_1_232' title='bbox 266 4844 364 4901; x_wconf 89' lang='lat' dir='ltr'><strong>Sed</strong></span> <span class='ocrx_word' id='word_1_233' title='bbox 392 4848 534 4919; x_wconf 89' lang='lat' dir='ltr'><strong>quia</strong></span> <span class='ocrx_word' id='word_1_234' title='bbox 563 4845 651 4902; x_wconf 86' lang='lat' dir='ltr'><strong>lex</strong></span> <span class='ocrx_word' id='word_1_235' title='bbox 675 4845 767 4902; x_wconf 88' lang='lat' dir='ltr'><strong>illa</strong></span> <span class='ocrx_word' id='word_1_236' title='bbox 794 4846 997 4919; x_wconf 90' lang='lat' dir='ltr'><strong>scripta</strong></span> <span class='ocrx_word' id='word_1_237' title='bbox 1021 4847 1075 4902; x_wconf 91' lang='lat' dir='ltr'><strong>in</strong></span> <span class='ocrx_word' id='word_1_238' title='bbox 1115 4845 1316 4903; x_wconf 89' lang='lat' dir='ltr'><strong>tabulis</strong></span> <span class='ocrx_word' id='word_1_239' title='bbox 1356 4848 1538 4919; x_wconf 88' lang='lat' dir='ltr'><strong>reipsa</strong></span> <span class='ocrx_word' id='word_1_240' title='bbox 1565 4863 1673 4904; x_wconf 92' lang='lat' dir='ltr'><strong>non</strong></span> <span class='ocrx_word' id='word_1_241' title='bbox 1700 4854 1788 4905; x_wconf 89' lang='lat' dir='ltr'><strong>est</strong></span> 
     </span>
    </p>
   </div>
   <div class='ocr_carea' id='block_1_7' title="bbox 1860 2396 3459 3003">
    <p class='ocr_par' dir='ltr' id='par_1_8' title="bbox 1860 2396 3459 3003">
     <span class='ocr_line' id='line_1_32' title="bbox 1860 2396 3457 2474; baseline 0.001 -19"><span class='ocrx_word' id='word_1_242' title='bbox 1860 2413 2000 2473; x_wconf 88' lang='lat' dir='ltr'><strong>quas</strong></span> <span class='ocrx_word' id='word_1_243' title='bbox 2027 2398 2495 2471; x_wconf 84' lang='lat' dir='ltr'><strong>circumstantias,</strong></span> <span class='ocrx_word' id='word_1_244' title='bbox 2524 2397 2607 2457; x_wconf 84' lang='lat' dir='ltr'><strong>vel</strong></span> <span class='ocrx_word' id='word_1_245' title='bbox 2637 2396 2817 2473; x_wconf 88' lang='lat' dir='ltr'><strong>quoad</strong></span> <span class='ocrx_word' id='word_1_246' title='bbox 2848 2404 3197 2474; x_wconf 83' lang='lat' dir='ltr'><strong>augmentum</strong></span> <span class='ocrx_word' id='word_1_247' title='bbox 3220 2400 3457 2460; x_wconf 84' lang='lat' dir='ltr'><strong>alicuius</strong></span> 
     </span>
     <span class='ocr_line' id='line_1_33' title="bbox 1863 2485 3459 2566; baseline 0.001 -21"><span class='ocrx_word' id='word_1_248' title='bbox 1863 2485 2245 2563; x_wconf 84' lang='lat' dir='ltr'><strong>obligationis,</strong></span> <span class='ocrx_word' id='word_1_249' title='bbox 2275 2490 2527 2548; x_wconf 87' lang='lat' dir='ltr'><strong>dicemus</strong></span> <span class='ocrx_word' id='word_1_250' title='bbox 2565 2496 2759 2562; x_wconf 88' lang='lat' dir='ltr'><strong>postea</strong></span> <span class='ocrx_word' id='word_1_251' title='bbox 2796 2488 2861 2546; x_wconf 90' lang='lat' dir='ltr'><strong>de</strong></span> <span class='ocrx_word' id='word_1_252' title='bbox 2902 2490 3020 2566; x_wconf 84' lang='lat' dir='ltr'><strong>lege</strong></span> <span class='ocrx_word' id='word_1_253' title='bbox 3062 2493 3231 2549; x_wconf 87' lang='lat' dir='ltr'><strong>veteri</strong></span> <span class='ocrx_word' id='word_1_254' title='bbox 3270 2491 3459 2564; x_wconf 87' lang='lat' dir='ltr'><strong>dispu-</strong></span> 
     </span>
     <span class='ocr_line' id='line_1_34' title="bbox 1863 2579 3456 2655; baseline 0.004 -20"><span class='ocrx_word' id='word_1_255' title='bbox 1863 2580 2028 2636; x_wconf 90' lang='lat' dir='ltr'><strong>tando</strong></span> <span class='ocrx_word' id='word_1_256' title='bbox 2045 2622 2060 2651; x_wconf 95' lang='lat'><strong>,</strong></span> <span class='ocrx_word' id='word_1_257' title='bbox 2089 2585 2146 2636; x_wconf 87' lang='lat' dir='ltr'><strong>et</strong></span> <span class='ocrx_word' id='word_1_258' title='bbox 2174 2580 2243 2637; x_wconf 92' lang='lat' dir='ltr'><strong>ibi</strong></span> <span class='ocrx_word' id='word_1_259' title='bbox 2271 2586 2671 2654; x_wconf 87' lang='lat' dir='ltr'><strong>consequenter</strong></span> <span class='ocrx_word' id='word_1_260' title='bbox 2692 2579 3029 2655; x_wconf 83' lang='lat' dir='ltr'><strong>videbimus,</strong></span> <span class='ocrx_word' id='word_1_261' title='bbox 3058 2597 3125 2638; x_wconf 88' lang='lat' dir='ltr'><strong>an</strong></span> <span class='ocrx_word' id='word_1_262' title='bbox 3149 2580 3456 2641; x_wconf 88' lang='lat' dir='ltr'><strong>secundum</strong></span> 
     </span>
     <span class='ocr_line' id='line_1_35' title="bbox 1865 2670 3457 2746; baseline 0.003 -19"><span class='ocrx_word' id='word_1_263' title='bbox 1865 2670 2106 2744; x_wconf 88' lang='lat' dir='ltr'><strong>aliquam</strong></span> <span class='ocrx_word' id='word_1_264' title='bbox 2145 2670 2413 2729; x_wconf 90' lang='lat' dir='ltr'><strong>rationem</strong></span> <span class='ocrx_word' id='word_1_265' title='bbox 2455 2671 2540 2729; x_wconf 81' lang='lat' dir='ltr'><strong>lex</strong></span> <span class='ocrx_word' id='word_1_266' title='bbox 2582 2670 2671 2729; x_wconf 93' lang='lat' dir='ltr'><strong>illa</strong></span> <span class='ocrx_word' id='word_1_267' title='bbox 2710 2670 2959 2746; x_wconf 79' lang='lat' dir='ltr'><strong>Decalogi</strong></span> <span class='ocrx_word' id='word_1_268' title='bbox 3004 2674 3327 2745; x_wconf 87' lang='lat' dir='ltr'><strong>cessaverit,</strong></span> <span class='ocrx_word' id='word_1_269' title='bbox 3369 2672 3457 2731; x_wconf 79' lang='lat' dir='ltr'><strong>vel</strong></span> 
     </span>
     <span class='ocr_line' id='line_1_36' title="bbox 1867 2759 3453 2838; baseline 0.002 -21"><span class='ocrx_word' id='word_1_270' title='bbox 1867 2760 2048 2818; x_wconf 84' lang='lat' dir='ltr'><strong>adhuc</strong></span> <span class='ocrx_word' id='word_1_271' title='bbox 2076 2759 2259 2819; x_wconf 87' lang='lat' dir='ltr'><strong>duret.</strong></span> <span class='ocrx_word' id='word_1_272' title='bbox 2290 2764 2533 2835; x_wconf 86' lang='lat' dir='ltr'><strong>Denique</strong></span> <span class='ocrx_word' id='word_1_273' title='bbox 2561 2762 2689 2836; x_wconf 85' lang='lat' dir='ltr'><strong>quia</strong></span> <span class='ocrx_word' id='word_1_274' title='bbox 2713 2763 2801 2819; x_wconf 89' lang='lat' dir='ltr'><strong>ius</strong></span> <span class='ocrx_word' id='word_1_275' title='bbox 2829 2762 3075 2835; x_wconf 84' lang='lat' dir='ltr'><strong>gentium</strong></span> <span class='ocrx_word' id='word_1_276' title='bbox 3102 2765 3453 2838; x_wconf 89' lang='lat' dir='ltr'><strong>propinquis-</strong></span> 
     </span>
     <span class='ocr_line' id='line_1_37' title="bbox 1866 2850 3459 2929; baseline 0.004 -22"><span class='ocrx_word' id='word_1_277' title='bbox 1866 2852 2064 2910; x_wconf 87' lang='lat' dir='ltr'><strong>simum</strong></span> <span class='ocrx_word' id='word_1_278' title='bbox 2091 2857 2177 2909; x_wconf 85' lang='lat' dir='ltr'><strong>est</strong></span> <span class='ocrx_word' id='word_1_279' title='bbox 2215 2850 2319 2926; x_wconf 83' lang='lat' dir='ltr'><strong>legi</strong></span> <span class='ocrx_word' id='word_1_280' title='bbox 2358 2852 2640 2929; x_wconf 89' lang='lat' dir='ltr'><strong>naturali,</strong></span> <span class='ocrx_word' id='word_1_281' title='bbox 2680 2852 2817 2911; x_wconf 90' lang='lat' dir='ltr'><strong>illud</strong></span> <span class='ocrx_word' id='word_1_282' title='bbox 2852 2854 3017 2912; x_wconf 89' lang='lat' dir='ltr'><strong>etiam</strong></span> <span class='ocrx_word' id='word_1_283' title='bbox 3042 2854 3102 2913; x_wconf 86' lang='lat' dir='ltr'><strong>in</strong></span> <span class='ocrx_word' id='word_1_284' title='bbox 3142 2854 3307 2914; x_wconf 89' lang='lat' dir='ltr'><strong>buius</strong></span> <span class='ocrx_word' id='word_1_285' title='bbox 3336 2854 3459 2913; x_wconf 87' lang='lat' dir='ltr'><strong>libri</strong></span> 
     </span>
     <span class='ocr_line' id='line_1_38' title="bbox 1863 2942 2420 3003; baseline 0 -2"><span class='ocrx_word' id='word_1_286' title='bbox 1863 2943 1968 3003; x_wconf 87' lang='lat' dir='ltr'><strong>fine</strong></span> <span class='ocrx_word' id='word_1_287' title='bbox 1992 2942 2420 3003; x_wconf 85' lang='lat' dir='ltr'><strong>declarabimus.</strong></span> 
     </span>
    </p>
   </div>
   <div class='ocr_carea' id='block_1_8' title="bbox 2460 3120 2836 3192">
    <p class='ocr_par' dir='ltr' id='par_1_9' title="bbox 2460 3120 2836 3192">
     <span class='ocr_line' id='line_1_39' title="bbox 2460 3120 2836 3192; baseline -0.005 -1"><span class='ocrx_word' id='word_1_288' title='bbox 2460 3120 2740 3192; x_wconf 87' lang='lat' dir='ltr'>CAPUT</span> <span class='ocrx_word' id='word_1_289' title='bbox 2782 3121 2836 3189; x_wconf 87' lang='lat'><strong>1.</strong></span> 
     </span>
    </p>
   </div>
   <div class='ocr_carea' id='block_1_9' title="bbox 2168 3312 3153 3482">
    <p class='ocr_par' dir='ltr' id='par_1_10' title="bbox 2168 3312 3153 3482">
     <span class='ocr_line' id='line_1_40' title="bbox 2168 3312 3153 3391; baseline -0.002 -14"><span class='ocrx_word' id='word_1_290' title='bbox 2168 3318 2381 3378; x_wconf 75' lang='lat' dir='ltr'><strong>Utrum</strong></span> <span class='ocrx_word' id='word_1_291' title='bbox 2407 3318 2487 3374; x_wconf 74' lang='lat' dir='ltr'><strong>sit</strong></span> <span class='ocrx_word' id='word_1_292' title='bbox 2513 3314 2729 3391; x_wconf 75' lang='lat' dir='ltr'><strong>aliqua</strong></span> <span class='ocrx_word' id='word_1_293' title='bbox 2752 3312 2850 3373; x_wconf 77' lang='lat' dir='ltr'><strong>lex</strong></span> <span class='ocrx_word' id='word_1_294' title='bbox 2874 3320 3153 3387; x_wconf 80' lang='lat' dir='ltr'><strong>aeterna,</strong></span> 
     </span>
     <span class='ocr_line' id='line_1_41' title="bbox 2236 3409 3097 3482; baseline 0 -17"><span class='ocrx_word' id='word_1_295' title='bbox 2236 3412 2291 3465; x_wconf 74' lang='lat' dir='ltr'><strong>et</strong></span> <span class='ocrx_word' id='word_1_296' title='bbox 2316 3422 2468 3482; x_wconf 77' lang='lat' dir='ltr'><strong>quae</strong></span> <span class='ocrx_word' id='word_1_297' title='bbox 2504 3409 2581 3465; x_wconf 73' lang='lat' dir='ltr'><strong>sit</strong></span> <span class='ocrx_word' id='word_1_298' title='bbox 2608 3409 2731 3464; x_wconf 74' lang='lat' dir='ltr'><strong>eius</strong></span> <span class='ocrx_word' id='word_1_299' title='bbox 2756 3409 3097 3465; x_wconf 76' lang='lat' dir='ltr'><strong>necessitas.</strong></span> 
     </span>
    </p>
   </div>
   <div class='ocr_carea' id='block_1_10' title="bbox 2419 3586 2905 3653">
    <p class='ocr_par' dir='ltr' id='par_1_11' title="bbox 2419 3586 2905 3653">
     <span class='ocr_line' id='line_1_42' title="bbox 2419 3586 2905 3653; baseline 0 0"><span class='ocrx_word' id='word_1_300' title='bbox 2419 3586 2905 3653; x_wconf 79' lang='lat' dir='ltr'><strong>summarium</strong></span> 
     </span>
    </p>
   </div>
   <div class='ocr_carea' id='block_1_11' title="bbox 1863 3761 3459 4320">
    <p class='ocr_par' dir='ltr' id='par_1_12' title="bbox 1863 3761 3459 4320">
     <span class='ocr_line' id='line_1_43' title="bbox 1863 3761 3459 3827; baseline 0 -10"><span class='ocrx_word' id='word_1_301' title='bbox 1863 3764 1916 3817; x_wconf 93' lang='grc'><strong>1.</strong></span> <span class='ocrx_word' id='word_1_302' title='bbox 1943 3764 2173 3827; x_wconf 85' lang='lat' dir='ltr'><strong>Quatuor</strong></span> <span class='ocrx_word' id='word_1_303' title='bbox 2198 3762 2423 3814; x_wconf 89' lang='lat' dir='ltr'><strong>rationes</strong></span> <span class='ocrx_word' id='word_1_304' title='bbox 2445 3768 2624 3813; x_wconf 88' lang='lat' dir='ltr'><strong>contra</strong></span> <span class='ocrx_word' id='word_1_305' title='bbox 2641 3762 3001 3813; x_wconf 82' lang='lat' dir='ltr'><strong>aeternitatem</strong></span> <span class='ocrx_word' id='word_1_306' title='bbox 3020 3761 3169 3827; x_wconf 77' lang='lat' dir='ltr'><strong>legis.</strong></span> <span class='ocrx_word' id='word_1_307' title='bbox 3180 3762 3303 3816; x_wconf 81' lang='lat'><strong>-2.</strong></span> <span class='ocrx_word' id='word_1_308' title='bbox 3314 3764 3459 3817; x_wconf 85' lang='lat' dir='ltr'><strong>Gom·</strong></span> 
     </span>
     <span class='ocr_line' id='line_1_44' title="bbox 1929 3832 3459 3898; baseline 0.001 -13"><span class='ocrx_word' id='word_1_309' title='bbox 1929 3836 2096 3885; x_wconf 87' lang='lat' dir='ltr'><strong>munis</strong></span> <span class='ocrx_word' id='word_1_310' title='bbox 2120 3840 2201 3885; x_wconf 90' lang='lat' dir='ltr'><strong>est</strong></span> <span class='ocrx_word' id='word_1_311' title='bbox 2226 3834 2364 3883; x_wconf 87' lang='lat' dir='ltr'><strong>inter</strong></span> <span class='ocrx_word' id='word_1_312' title='bbox 2390 3832 2653 3895; x_wconf 79' lang='lat' dir='ltr'><strong>theologos</strong></span> <span class='ocrx_word' id='word_1_313' title='bbox 2678 3834 2951 3895; x_wconf 86' lang='lat' dir='ltr'><strong>sententia,</strong></span> <span class='ocrx_word' id='word_1_314' title='bbox 2973 3832 3084 3883; x_wconf 88' lang='lat' dir='ltr'><strong>dari</strong></span> <span class='ocrx_word' id='word_1_315' title='bbox 3103 3834 3268 3898; x_wconf 78' lang='lat' dir='ltr'><strong>legem</strong></span> <span class='ocrx_word' id='word_1_316' title='bbox 3290 3842 3459 3887; x_wconf 86' lang='lat' dir='ltr'><strong>aeter-</strong></span> 
     </span>
     <span class='ocr_line' id='line_1_45' title="bbox 1935 3902 3459 3969; baseline 0.001 -14"><span class='ocrx_word' id='word_1_317' title='bbox 1935 3917 2069 3956; x_wconf 85' lang='lat' dir='ltr'><strong>nam.</strong></span> <span class='ocrx_word' id='word_1_318' title='bbox 2083 3905 2217 3955; x_wconf 89' lang='lat'><strong>—3.</strong></span> <span class='ocrx_word' id='word_1_319' title='bbox 2246 3903 2498 3954; x_wconf 82' lang='lat' dir='ltr'><strong>obiectio.</strong></span> <span class='ocrx_word' id='word_1_320' title='bbox 2509 3903 2641 3951; x_wconf 76' lang='grc'><strong>-4</strong></span> <span class='ocrx_word' id='word_1_321' title='bbox 2668 3902 2861 3967; x_wconf 85' lang='lat' dir='ltr'><strong>Duplex</strong></span> <span class='ocrx_word' id='word_1_322' title='bbox 2883 3910 3063 3956; x_wconf 83' lang='lat' dir='ltr'><strong>status</strong></span> <span class='ocrx_word' id='word_1_323' title='bbox 3075 3904 3221 3969; x_wconf 78' lang='lat' dir='ltr'><strong>legis.</strong></span> <span class='ocrx_word' id='word_1_324' title='bbox 3234 3905 3459 3957; x_wconf 86' lang='lat' dir='ltr'><strong>—Solu-</strong></span> 
     </span>
     <span class='ocr_line' id='line_1_46' title="bbox 1932 3970 3459 4037; baseline 0.001 -12"><span class='ocrx_word' id='word_1_325' title='bbox 1932 3976 2007 4025; x_wconf 89' lang='lat' dir='ltr'><strong>tio</strong></span> <span class='ocrx_word' id='word_1_326' title='bbox 2029 3974 2094 4025; x_wconf 91' lang='lat' dir='ltr'><strong>ad</strong></span> <span class='ocrx_word' id='word_1_327' title='bbox 2119 3974 2474 4025; x_wconf 86' lang='lat' dir='ltr'><strong>obiectionem.</strong></span> <span class='ocrx_word' id='word_1_328' title='bbox 2489 3970 2620 4021; x_wconf 78' lang='lat'><strong>-.—5</strong></span> <span class='ocrx_word' id='word_1_329' title='bbox 2658 3972 2855 4023; x_wconf 91' lang='lat' dir='ltr'><strong>Solutio</strong></span> <span class='ocrx_word' id='word_1_330' title='bbox 2889 3974 3081 4037; x_wconf 87' lang='lat' dir='ltr'><strong>primae</strong></span> <span class='ocrx_word' id='word_1_331' title='bbox 3114 3982 3169 4024; x_wconf 84' lang='lat' dir='ltr'><strong>et</strong></span> <span class='ocrx_word' id='word_1_332' title='bbox 3204 3976 3459 4027; x_wconf 87' lang='lat' dir='ltr'><strong>secundae</strong></span> 
     </span>
     <span class='ocr_line' id='line_1_47' title="bbox 1931 4042 3457 4109; baseline 0.001 -14"><span class='ocrx_word' id='word_1_333' title='bbox 1931 4045 2146 4095; x_wconf 86' lang='lat' dir='ltr'><strong>rationis</strong></span> <span class='ocrx_word' id='word_1_334' title='bbox 2166 4050 2343 4095; x_wconf 87' lang='lat' dir='ltr'><strong>contra</strong></span> <span class='ocrx_word' id='word_1_335' title='bbox 2363 4042 2719 4093; x_wconf 87' lang='lat' dir='ltr'><strong>aeternitatem</strong></span> <span class='ocrx_word' id='word_1_336' title='bbox 2739 4043 2885 4103; x_wconf 78' lang='lat' dir='ltr'><strong>legis.</strong></span> <span class='ocrx_word' id='word_1_337' title='bbox 2898 4045 3028 4094; x_wconf 86' lang='lat'><strong>—6.</strong></span> <span class='ocrx_word' id='word_1_338' title='bbox 3051 4043 3349 4109; x_wconf 77' lang='lat' dir='ltr'><strong>Aliquorum</strong></span> <span class='ocrx_word' id='word_1_339' title='bbox 3376 4058 3457 4096; x_wconf 88' lang='lat' dir='ltr'><strong>re-</strong></span> 
     </span>
     <span class='ocr_line' id='line_1_48' title="bbox 1929 4110 3458 4197; baseline 0.001 -31"><span class='ocrx_word' id='word_1_340' title='bbox 1929 4116 2132 4197; x_wconf 79' lang='lat' dir='ltr'><strong>sponsio</strong></span> <span class='ocrx_word' id='word_1_341' title='bbox 2154 4114 2219 4165; x_wconf 89' lang='lat' dir='ltr'><strong>ad</strong></span> <span class='ocrx_word' id='word_1_342' title='bbox 2246 4114 2467 4164; x_wconf 81' lang='lat' dir='ltr'><strong>tertiam.</strong></span> <span class='ocrx_word' id='word_1_343' title='bbox 2470 4110 2863 4163; x_wconf 80' lang='lat' dir='ltr'><strong>—Excluditur.</strong></span> <span class='ocrx_word' id='word_1_344' title='bbox 2867 4113 2990 4163; x_wconf 85' lang='lat'><strong>—7.</strong></span> <span class='ocrx_word' id='word_1_345' title='bbox 3013 4114 3288 4178; x_wconf 85' lang='lat' dir='ltr'><strong>Responsio</strong></span> <span class='ocrx_word' id='word_1_346' title='bbox 3304 4116 3458 4167; x_wconf 82' lang='lat' dir='ltr'><strong>Alen-</strong></span> 
     </span>
     <span class='ocr_line' id='line_1_49' title="bbox 1928 4181 3457 4246; baseline 0.001 -11"><span class='ocrx_word' id='word_1_347' title='bbox 1928 4186 2018 4236; x_wconf 90' lang='lat' dir='ltr'><strong>sis</strong></span> <span class='ocrx_word' id='word_1_348' title='bbox 2033 4184 2165 4234; x_wconf 87' lang='lat'><strong>—8.</strong></span> <span class='ocrx_word' id='word_1_349' title='bbox 2192 4184 2366 4235; x_wconf 88' lang='lat' dir='ltr'><strong>Tertia</strong></span> <span class='ocrx_word' id='word_1_350' title='bbox 2389 4182 2650 4246; x_wconf 87' lang='lat' dir='ltr'><strong>responsio</strong></span> <span class='ocrx_word' id='word_1_351' title='bbox 2674 4195 2737 4231; x_wconf 84' lang='lat' dir='ltr'><strong>ex</strong></span> <span class='ocrx_word' id='word_1_352' title='bbox 2760 4181 2813 4233; x_wconf 92' lang='lat' dir='ltr'><strong>d.</strong></span> <span class='ocrx_word' id='word_1_353' title='bbox 2835 4182 3039 4234; x_wconf 85' lang='lat' dir='ltr'><strong>Thema.</strong></span> <span class='ocrx_word' id='word_1_354' title='bbox 3053 4184 3382 4238; x_wconf 82' lang='lat' dir='ltr'><strong>—Obiectio.</strong></span> <span class='ocrx_word' id='word_1_355' title='bbox 3386 4214 3457 4225; x_wconf 89' lang='lat'><strong>—</strong></span> 
     </span>
     <span class='ocr_line' id='line_1_50' title="bbox 1924 4252 3453 4320; baseline 0.003 -15"><span class='ocrx_word' id='word_1_356' title='bbox 1924 4255 1978 4305; x_wconf 86' lang='lat'><strong>9.</strong></span> <span class='ocrx_word' id='word_1_357' title='bbox 2005 4256 2112 4306; x_wconf 90' lang='lat' dir='ltr'><strong>Non</strong></span> <span class='ocrx_word' id='word_1_358' title='bbox 2136 4262 2219 4307; x_wconf 90' lang='lat' dir='ltr'><strong>est</strong></span> <span class='ocrx_word' id='word_1_359' title='bbox 2240 4254 2305 4305; x_wconf 85' lang='lat' dir='ltr'><strong>de</strong></span> <span class='ocrx_word' id='word_1_360' title='bbox 2329 4254 2527 4305; x_wconf 88' lang='lat' dir='ltr'><strong>ratione</strong></span> <span class='ocrx_word' id='word_1_361' title='bbox 2550 4252 2681 4317; x_wconf 78' lang='lat' dir='ltr'><strong>legis</strong></span> <span class='ocrx_word' id='word_1_362' title='bbox 2704 4258 2943 4305; x_wconf 83' lang='lat' dir='ltr'><strong>aeternae</strong></span> <span class='ocrx_word' id='word_1_363' title='bbox 2966 4254 3307 4320; x_wconf 78' lang='lat' dir='ltr'><strong>promulgatio</strong></span> <span class='ocrx_word' id='word_1_364' title='bbox 3330 4262 3453 4309; x_wconf 86' lang='lat' dir='ltr'><strong>actu</strong></span> 
     </span>
    </p>
   </div>
   <div class='ocr_carea' id='block_1_12' title="bbox 1921 4325 2078 4378">
    <p class='ocr_par' dir='ltr' id='par_1_13' title="bbox 1921 4325 2078 4378">
     <span class='ocr_line' id='line_1_51' title="bbox 1921 4325 2078 4378; baseline 0 -1"><span class='ocrx_word' id='word_1_365' title='bbox 1921 4325 2078 4378; x_wconf 84' lang='lat' dir='ltr'><strong>facta.</strong></span> 
     </span>
    </p>
   </div>
   <div class='ocr_carea' id='block_1_13' title="bbox 1855 4479 3455 4920">
    <p class='ocr_par' dir='ltr' id='par_1_14' title="bbox 1855 4479 3455 4920">
     <span class='ocr_line' id='line_1_52' title="bbox 1946 4479 3455 4561; baseline 0 -19"><span class='ocrx_word' id='word_1_366' title='bbox 1946 4488 1997 4542; x_wconf 89' lang='lat'><strong>1.</strong></span> <span class='ocrx_word' id='word_1_367' title='bbox 2028 4484 2185 4545; x_wconf 88' lang='lat' dir='ltr'><strong>Ratio</strong></span> <span class='ocrx_word' id='word_1_368' title='bbox 2212 4479 2493 4540; x_wconf 89' lang='lat' dir='ltr'><strong>dubitandi</strong></span> <span class='ocrx_word' id='word_1_369' title='bbox 2520 4487 2632 4550; x_wconf 88' lang='lat' dir='ltr'><strong>est,</strong></span> <span class='ocrx_word' id='word_1_370' title='bbox 2667 4481 2795 4556; x_wconf 90' lang='lat' dir='ltr'><strong>quia</strong></span> <span class='ocrx_word' id='word_1_371' title='bbox 2821 4480 2905 4540; x_wconf 82' lang='lat' dir='ltr'><strong>lex</strong></span> <span class='ocrx_word' id='word_1_372' title='bbox 2932 4485 3241 4542; x_wconf 88' lang='lat' dir='ltr'><strong>necessario</strong></span> <span class='ocrx_word' id='word_1_373' title='bbox 3270 4485 3455 4561; x_wconf 91' lang='lat' dir='ltr'><strong>requi-</strong></span> 
     </span>
     <span class='ocr_line' id='line_1_53' title="bbox 1855 4571 3448 4649; baseline 0 -17"><span class='ocrx_word' id='word_1_374' title='bbox 1855 4574 1929 4632; x_wconf 87' lang='lat' dir='ltr'><strong>rit</strong></span> <span class='ocrx_word' id='word_1_375' title='bbox 1969 4575 2237 4649; x_wconf 89' lang='lat' dir='ltr'><strong>aliquem,</strong></span> <span class='ocrx_word' id='word_1_376' title='bbox 2270 4572 2362 4630; x_wconf 91' lang='lat' dir='ltr'><strong>cui</strong></span> <span class='ocrx_word' id='word_1_377' title='bbox 2402 4572 2823 4645; x_wconf 69' lang='lat' dir='ltr'><strong>possitimponi,</strong></span> <span class='ocrx_word' id='word_1_378' title='bbox 2857 4571 2952 4629; x_wconf 87' lang='lat' dir='ltr'><strong>sed</strong></span> <span class='ocrx_word' id='word_1_379' title='bbox 2993 4573 3060 4630; x_wconf 89' lang='lat' dir='ltr'><strong>ab</strong></span> <span class='ocrx_word' id='word_1_380' title='bbox 3087 4580 3311 4632; x_wconf 87' lang='lat' dir='ltr'><strong>aeterno</strong></span> <span class='ocrx_word' id='word_1_381' title='bbox 3338 4590 3448 4632; x_wconf 90' lang='lat' dir='ltr'><strong>non</strong></span> 
     </span>
     <span class='ocr_line' id='line_1_54' title="bbox 1856 4662 3449 4739; baseline 0.002 -17"><span class='ocrx_word' id='word_1_382' title='bbox 1856 4665 1958 4723; x_wconf 82' lang='lat' dir='ltr'><strong>fuit</strong></span> <span class='ocrx_word' id='word_1_383' title='bbox 1987 4664 2180 4739; x_wconf 87' lang='lat' dir='ltr'><strong>aliquis</strong></span> <span class='ocrx_word' id='word_1_384' title='bbox 2208 4679 2381 4736; x_wconf 86' lang='lat' dir='ltr'><strong>capax</strong></span> <span class='ocrx_word' id='word_1_385' title='bbox 2409 4662 2579 4736; x_wconf 81' lang='lat' dir='ltr'><strong>legis3</strong></span> <span class='ocrx_word' id='word_1_386' title='bbox 2609 4678 2744 4735; x_wconf 82' lang='lat' dir='ltr'><strong>ergo</strong></span> <span class='ocrx_word' id='word_1_387' title='bbox 2770 4678 2872 4720; x_wconf 92' lang='lat' dir='ltr'><strong>nec</strong></span> <span class='ocrx_word' id='word_1_388' title='bbox 2898 4663 2985 4721; x_wconf 85' lang='lat' dir='ltr'><strong>lex</strong></span> <span class='ocrx_word' id='word_1_389' title='bbox 3011 4664 3197 4739; x_wconf 88' lang='lat' dir='ltr'><strong>aliqua</strong></span> <span class='ocrx_word' id='word_1_390' title='bbox 3228 4673 3449 4725; x_wconf 87' lang='lat' dir='ltr'><strong>aeterna</strong></span> 
     </span>
     <span class='ocr_line' id='line_1_55' title="bbox 1856 4752 3441 4830; baseline 0.001 -17"><span class='ocrx_word' id='word_1_391' title='bbox 1856 4770 1976 4813; x_wconf 88' lang='lat' dir='ltr'><strong>esse</strong></span> <span class='ocrx_word' id='word_1_392' title='bbox 2003 4754 2199 4828; x_wconf 91' lang='lat' dir='ltr'><strong>potuit.</strong></span> <span class='ocrx_word' id='word_1_393' title='bbox 2229 4754 2393 4811; x_wconf 83' lang='lat' dir='ltr'><strong>Maior</strong></span> <span class='ocrx_word' id='word_1_394' title='bbox 2432 4757 2611 4825; x_wconf 88' lang='lat' dir='ltr'><strong>patet,</strong></span> <span class='ocrx_word' id='word_1_395' title='bbox 2640 4754 2769 4825; x_wconf 88' lang='lat' dir='ltr'><strong>quia</strong></span> <span class='ocrx_word' id='word_1_396' title='bbox 2797 4752 2883 4810; x_wconf 82' lang='lat' dir='ltr'><strong>lex</strong></span> <span class='ocrx_word' id='word_1_397' title='bbox 2910 4760 2995 4809; x_wconf 90' lang='lat' dir='ltr'><strong>est</strong></span> <span class='ocrx_word' id='word_1_398' title='bbox 3022 4762 3179 4812; x_wconf 87' lang='lat' dir='ltr'><strong>actus</strong></span> <span class='ocrx_word' id='word_1_399' title='bbox 3209 4757 3441 4830; x_wconf 69' lang='lat' dir='ltr'><strong>imperii:</strong></span> 
     </span>
     <span class='ocr_line' id='line_1_56' title="bbox 1855 4842 3450 4920; baseline 0.001 -17"><span class='ocrx_word' id='word_1_400' title='bbox 1855 4850 2127 4919; x_wconf 82' lang='lat' dir='ltr'><strong>repugnat</strong></span> <span class='ocrx_word' id='word_1_401' title='bbox 2154 4850 2337 4901; x_wconf 89' lang='lat' dir='ltr'><strong>autem</strong></span> <span class='ocrx_word' id='word_1_402' title='bbox 2364 4857 2487 4899; x_wconf 90' lang='lat' dir='ltr'><strong>esse</strong></span> <span class='ocrx_word' id='word_1_403' title='bbox 2517 4842 2831 4915; x_wconf 86' lang='lat' dir='ltr'><strong>imperium,</strong></span> <span class='ocrx_word' id='word_1_404' title='bbox 2862 4844 2965 4900; x_wconf 90' lang='lat' dir='ltr'><strong>nisi</strong></span> <span class='ocrx_word' id='word_1_405' title='bbox 2992 4846 3064 4902; x_wconf 87' lang='lat' dir='ltr'><strong>sit</strong></span> <span class='ocrx_word' id='word_1_406' title='bbox 3092 4844 3322 4920; x_wconf 89' lang='lat' dir='ltr'><strong>aliquis,</strong></span> <span class='ocrx_word' id='word_1_407' title='bbox 3354 4847 3450 4905; x_wconf 91' lang='lat' dir='ltr'><strong>cui</strong></span> 
     </span>
    </p>
   </div>
   <div class='ocr_carea' id='block_1_14' title="bbox 201 4932 3448 5010">
    <p class='ocr_par' dir='ltr' id='par_1_15' title="bbox 201 4932 3448 5010">
     <span class='ocr_line' id='line_1_57' title="bbox 201 4932 3448 5010; baseline 0.002 -21"><span class='ocrx_word' id='word_1_408' title='bbox 201 4934 294 4991; x_wconf 88' lang='lat' dir='ltr'><strong>alia</strong></span> <span class='ocrx_word' id='word_1_409' title='bbox 319 4936 510 5010; x_wconf 84' lang='lat' dir='ltr'><strong>quoad</strong></span> <span class='ocrx_word' id='word_1_410' title='bbox 540 4934 954 4991; x_wconf 84' lang='lat' dir='ltr'><strong>substantialem</strong></span> <span class='ocrx_word' id='word_1_411' title='bbox 981 4935 1355 5009; x_wconf 82' lang='lat' dir='ltr'><strong>obligationem</strong></span> <span class='ocrx_word' id='word_1_412' title='bbox 1398 4952 1430 4992; x_wconf 86' lang='lat' dir='ltr'><strong>a</strong></span> <span class='ocrx_word' id='word_1_413' title='bbox 1466 4935 1584 5009; x_wconf 83' lang='lat' dir='ltr'><strong>lege</strong></span> <span class='ocrx_word' id='word_1_414' title='bbox 1623 4944 1784 4994; x_wconf 88' lang='lat' dir='ltr'><strong>natu·</strong></span> <span class='ocrx_word' id='word_1_415' title='bbox 1852 4936 2168 5009; x_wconf 88' lang='lat' dir='ltr'><strong>imperetur.</strong></span> <span class='ocrx_word' id='word_1_416' title='bbox 2214 4935 2387 4991; x_wconf 82' lang='lat' dir='ltr'><strong>Minor</strong></span> <span class='ocrx_word' id='word_1_417' title='bbox 2424 4932 2583 4990; x_wconf 86' lang='lat' dir='ltr'><strong>etiam</strong></span> <span class='ocrx_word' id='word_1_418' title='bbox 2623 4933 2919 5009; x_wconf 84' lang='lat' dir='ltr'><strong>probatur,</strong></span> <span class='ocrx_word' id='word_1_419' title='bbox 2961 4936 3091 5009; x_wconf 85' lang='lat' dir='ltr'><strong>quia</strong></span> <span class='ocrx_word' id='word_1_420' title='bbox 3130 4937 3196 4993; x_wconf 92' lang='lat' dir='ltr'><strong>ab</strong></span> <span class='ocrx_word' id='word_1_421' title='bbox 3226 4945 3448 4997; x_wconf 89' lang='lat' dir='ltr'><strong>aeterno</strong></span> 
     </span>
    </p>
   </div>
   <div class='ocr_carea' id='block_1_15' title="bbox 199 5025 1788 5372">
    <p class='ocr_par' dir='ltr' id='par_1_16' title="bbox 199 5025 1788 5372">
     <span class='ocr_line' id='line_1_58' title="bbox 199 5025 1786 5097; baseline 0.003 -18"><span class='ocrx_word' id='word_1_422' title='bbox 199 5025 286 5082; x_wconf 87' lang='lat' dir='ltr'><strong>rali</strong></span> <span class='ocrx_word' id='word_1_423' title='bbox 301 5068 316 5097; x_wconf 95' lang='lat'><strong>,</strong></span> <span class='ocrx_word' id='word_1_424' title='bbox 346 5028 518 5084; x_wconf 88' lang='lat' dir='ltr'><strong>cuius</strong></span> <span class='ocrx_word' id='word_1_425' title='bbox 543 5025 716 5082; x_wconf 89' lang='lat' dir='ltr'><strong>solam</strong></span> <span class='ocrx_word' id='word_1_426' title='bbox 739 5026 1000 5082; x_wconf 88' lang='lat' dir='ltr'><strong>maiorem</strong></span> <span class='ocrx_word' id='word_1_427' title='bbox 1019 5028 1268 5082; x_wconf 88' lang='lat' dir='ltr'><strong>notitiam</strong></span> <span class='ocrx_word' id='word_1_428' title='bbox 1289 5025 1521 5083; x_wconf 88' lang='lat' dir='ltr'><strong>contulit</strong></span> <span class='ocrx_word' id='word_1_429' title='bbox 1538 5026 1627 5083; x_wconf 92' lang='lat' dir='ltr'><strong>illa</strong></span> <span class='ocrx_word' id='word_1_430' title='bbox 1648 5028 1786 5085; x_wconf 88' lang='lat' dir='ltr'><strong>scri-</strong></span> 
     </span>
     <span class='ocr_line' id='line_1_59' title="bbox 199 5115 1786 5191; baseline 0.001 -19"><span class='ocrx_word' id='word_1_431' title='bbox 199 5122 306 5187; x_wconf 82' lang='lat' dir='ltr'><strong>pta3</strong></span> <span class='ocrx_word' id='word_1_432' title='bbox 337 5117 466 5174; x_wconf 91' lang='lat' dir='ltr'><strong>ideo</strong></span> <span class='ocrx_word' id='word_1_433' title='bbox 488 5118 544 5173; x_wconf 87' lang='lat' dir='ltr'><strong>in</strong></span> <span class='ocrx_word' id='word_1_434' title='bbox 577 5115 849 5188; x_wconf 85' lang='lat' dir='ltr'><strong>praesenti</strong></span> <span class='ocrx_word' id='word_1_435' title='bbox 867 5116 1393 5189; x_wconf 85' lang='lat' dir='ltr'><strong>comprehendemus</strong></span> <span class='ocrx_word' id='word_1_436' title='bbox 1415 5117 1616 5188; x_wconf 88' lang='lat' dir='ltr'><strong>omnia,</strong></span> <span class='ocrx_word' id='word_1_437' title='bbox 1645 5132 1786 5191; x_wconf 86' lang='lat' dir='ltr'><strong>quae</strong></span> 
     </span>
     <span class='ocr_line' id='line_1_60' title="bbox 202 5203 1788 5279; baseline 0.003 -19"><span class='ocrx_word' id='word_1_438' title='bbox 202 5205 260 5261; x_wconf 85' lang='lat' dir='ltr'><strong>ad</strong></span> <span class='ocrx_word' id='word_1_439' title='bbox 283 5206 431 5264; x_wconf 85' lang='lat' dir='ltr'><strong>illam</strong></span> <span class='ocrx_word' id='word_1_440' title='bbox 459 5207 648 5279; x_wconf 80' lang='lat' dir='ltr'><strong>legem</strong></span> <span class='ocrx_word' id='word_1_441' title='bbox 684 5209 981 5278; x_wconf 89' lang='lat' dir='ltr'><strong>pertinent:</strong></span> <span class='ocrx_word' id='word_1_442' title='bbox 1013 5206 1146 5279; x_wconf 91' lang='lat' dir='ltr'><strong>quid</strong></span> <span class='ocrx_word' id='word_1_443' title='bbox 1184 5221 1314 5263; x_wconf 86' lang='lat' dir='ltr'><strong>vero</strong></span> <span class='ocrx_word' id='word_1_444' title='bbox 1355 5206 1429 5265; x_wconf 89' lang='lat' dir='ltr'><strong>illi</strong></span> <span class='ocrx_word' id='word_1_445' title='bbox 1466 5203 1788 5265; x_wconf 88' lang='lat' dir='ltr'><strong>adiunctum</strong></span> 
     </span>
     <span class='ocr_line' id='line_1_61' title="bbox 200 5293 1787 5372; baseline 0.003 -22"><span class='ocrx_word' id='word_1_446' title='bbox 200 5293 258 5355; x_wconf 83' lang='lat' dir='ltr'><strong>sit</strong></span> <span class='ocrx_word' id='word_1_447' title='bbox 283 5314 351 5357; x_wconf 81' lang='lat' dir='ltr'><strong>ex</strong></span> <span class='ocrx_word' id='word_1_448' title='bbox 377 5298 500 5371; x_wconf 81' lang='lat' dir='ltr'><strong>lege</strong></span> <span class='ocrx_word' id='word_1_449' title='bbox 531 5298 738 5371; x_wconf 81' lang='lat' dir='ltr'><strong>veteri,</strong></span> <span class='ocrx_word' id='word_1_450' title='bbox 768 5296 852 5353; x_wconf 84' lang='lat' dir='ltr'><strong>vel</strong></span> <span class='ocrx_word' id='word_1_451' title='bbox 872 5295 1055 5371; x_wconf 91' lang='lat' dir='ltr'><strong>quoad</strong></span> <span class='ocrx_word' id='word_1_452' title='bbox 1077 5312 1344 5372; x_wconf 88' lang='lat' dir='ltr'><strong>poenam,</strong></span> <span class='ocrx_word' id='word_1_453' title='bbox 1373 5296 1460 5355; x_wconf 85' lang='lat' dir='ltr'><strong>vel</strong></span> <span class='ocrx_word' id='word_1_454' title='bbox 1483 5296 1665 5371; x_wconf 86' lang='lat' dir='ltr'><strong>quoad</strong></span> <span class='ocrx_word' id='word_1_455' title='bbox 1693 5296 1787 5355; x_wconf 88' lang='lat' dir='ltr'><strong>ali-</strong></span> 
     </span>
    </p>
   </div>
   <div class='ocr_carea' id='block_1_16' title="bbox 1855 5023 3451 5378">
    <p class='ocr_par' dir='ltr' id='par_1_17' title="bbox 1855 5023 3451 5378">
     <span class='ocr_line' id='line_1_62' title="bbox 1855 5023 3447 5102; baseline 0.003 -19"><span class='ocrx_word' id='word_1_456' title='bbox 1855 5026 2035 5085; x_wconf 89' lang='lat' dir='ltr'><strong>solum</strong></span> <span class='ocrx_word' id='word_1_457' title='bbox 2065 5026 2165 5084; x_wconf 79' lang='lat' dir='ltr'><strong>suit</strong></span> <span class='ocrx_word' id='word_1_458' title='bbox 2188 5028 2362 5098; x_wconf 90' lang='lat' dir='ltr'><strong>Deus,</strong></span> <span class='ocrx_word' id='word_1_459' title='bbox 2394 5024 2485 5081; x_wconf 91' lang='lat' dir='ltr'><strong>cui</strong></span> <span class='ocrx_word' id='word_1_460' title='bbox 2521 5023 2612 5079; x_wconf 83' lang='lat' dir='ltr'><strong>lex</strong></span> <span class='ocrx_word' id='word_1_461' title='bbox 2648 5024 2848 5097; x_wconf 90' lang='lat' dir='ltr'><strong>imponi</strong></span> <span class='ocrx_word' id='word_1_462' title='bbox 2888 5041 2997 5082; x_wconf 90' lang='lat' dir='ltr'><strong>non</strong></span> <span class='ocrx_word' id='word_1_463' title='bbox 3037 5032 3258 5102; x_wconf 89' lang='lat' dir='ltr'><strong>potest,</strong></span> <span class='ocrx_word' id='word_1_464' title='bbox 3300 5029 3447 5087; x_wconf 90' lang='lat' dir='ltr'><strong>sicut</strong></span> 
     </span>
     <span class='ocr_line' id='line_1_63' title="bbox 1855 5112 3449 5189; baseline 0.002 -16"><span class='ocrx_word' id='word_1_465' title='bbox 1855 5133 1960 5175; x_wconf 89' lang='lat' dir='ltr'><strong>nec</strong></span> <span class='ocrx_word' id='word_1_466' title='bbox 1987 5116 2295 5189; x_wconf 89' lang='lat' dir='ltr'><strong>imperium.</strong></span> <span class='ocrx_word' id='word_1_467' title='bbox 2328 5112 2613 5187; x_wconf 84' lang='lat' dir='ltr'><strong>Secunde,</strong></span> <span class='ocrx_word' id='word_1_468' title='bbox 2645 5114 2776 5187; x_wconf 88' lang='lat' dir='ltr'><strong>quia</strong></span> <span class='ocrx_word' id='word_1_469' title='bbox 2802 5112 2905 5171; x_wconf 90' lang='lat' dir='ltr'><strong>hac</strong></span> <span class='ocrx_word' id='word_1_470' title='bbox 2929 5117 3140 5173; x_wconf 88' lang='lat' dir='ltr'><strong>ratione</strong></span> <span class='ocrx_word' id='word_1_471' title='bbox 3180 5117 3247 5175; x_wconf 86' lang='lat' dir='ltr'><strong>ab</strong></span> <span class='ocrx_word' id='word_1_472' title='bbox 3276 5128 3449 5176; x_wconf 88' lang='lat' dir='ltr'><strong>aeter·</strong></span> 
     </span>
     <span class='ocr_line' id='line_1_64' title="bbox 1857 5203 3447 5282; baseline 0.001 -18"><span class='ocrx_word' id='word_1_473' title='bbox 1857 5222 1927 5264; x_wconf 89' lang='lat' dir='ltr'><strong>no</strong></span> <span class='ocrx_word' id='word_1_474' title='bbox 1955 5222 2062 5264; x_wconf 90' lang='lat' dir='ltr'><strong>non</strong></span> <span class='ocrx_word' id='word_1_475' title='bbox 2090 5206 2195 5263; x_wconf 85' lang='lat' dir='ltr'><strong>suit</strong></span> <span class='ocrx_word' id='word_1_476' title='bbox 2218 5204 2551 5273; x_wconf 89' lang='lat' dir='ltr'><strong>dominium,</strong></span> <span class='ocrx_word' id='word_1_477' title='bbox 2579 5218 2680 5261; x_wconf 91' lang='lat' dir='ltr'><strong>nec</strong></span> <span class='ocrx_word' id='word_1_478' title='bbox 2721 5203 3052 5275; x_wconf 86' lang='lat' dir='ltr'><strong>iurisdictio,</strong></span> <span class='ocrx_word' id='word_1_479' title='bbox 3100 5222 3202 5264; x_wconf 90' lang='lat' dir='ltr'><strong>nec</strong></span> <span class='ocrx_word' id='word_1_480' title='bbox 3242 5208 3447 5282; x_wconf 79' lang='lat' dir='ltr'><strong>guber·</strong></span> 
     </span>
     <span class='ocr_line' id='line_1_65' title="bbox 1857 5292 3451 5378; baseline 0.004 -23"><span class='ocrx_word' id='word_1_481' title='bbox 1857 5298 2032 5375; x_wconf 86' lang='lat' dir='ltr'><strong>natio,</strong></span> <span class='ocrx_word' id='word_1_482' title='bbox 2062 5296 2189 5373; x_wconf 89' lang='lat' dir='ltr'><strong>quia</strong></span> <span class='ocrx_word' id='word_1_483' title='bbox 2215 5311 2325 5355; x_wconf 87' lang='lat' dir='ltr'><strong>non</strong></span> <span class='ocrx_word' id='word_1_484' title='bbox 2352 5302 2508 5354; x_wconf 86' lang='lat' dir='ltr'><strong>erant</strong></span> <span class='ocrx_word' id='word_1_485' title='bbox 2532 5294 2731 5370; x_wconf 89' lang='lat' dir='ltr'><strong>quibus</strong></span> <span class='ocrx_word' id='word_1_486' title='bbox 2758 5292 3134 5356; x_wconf 87' lang='lat' dir='ltr'><strong>dominaretur</strong></span> <span class='ocrx_word' id='word_1_487' title='bbox 3153 5299 3331 5378; x_wconf 86' lang='lat' dir='ltr'><strong>Deus,</strong></span> <span class='ocrx_word' id='word_1_488' title='bbox 3362 5299 3451 5362; x_wconf 85' lang='lat' dir='ltr'><strong>vel</strong></span> 
     </span>
    </p>
   </div>
  </div>
 </body>
</html>
