4325 6267
1792 360 2005 413 CAPUT
2028 362 2128 413 IV.

322 484 412 545 lex
440 486 683 544 humana
708 494 795 546 est
822 486 1005 546 similis
1029 488 1396 565 participatio,
1424 488 1618 549 eodem
1645 489 1763 548 iure
1794 488 1929 548 obli-

322 577 497 651 gabit.

408 674 463 727 3.
497 668 855 727 Nihilominus
892 670 1185 729 dicendum
1221 678 1308 730 est
1347 673 1558 746 primo,
1602 686 1818 729 omnem
1844 671 1920 729 le-

320 775 453 832 gem
500 760 683 832 aliquo
718 760 883 817 modo
907 776 1027 817 esse
1054 777 1087 818 a
1114 762 1231 834 lege
1258 768 1501 833 aeterna,
1532 767 1587 818 et
1614 762 1683 819 ab
1708 761 1798 819 illa
1824 762 1919 818 ha-

320 852 457 908 bere
486 851 593 907 vim
621 851 914 925 obligandi.
947 854 1093 910 Haec
1120 860 1206 910 est
1230 852 1287 909 d.
1318 852 1553 910 'rhomae
1576 852 1841 910 sententia
1865 851 1921 909 d.

321 958 381 1015 q.
419 946 513 1012 93,
544 951 649 1000 art.
685 946 738 1013 3,
768 942 979 999 Alensis
1006 942 1061 999 d.
1095 959 1151 1017 q.
1185 948 1279 1016 26,
1306 944 1507 1001 memb.
1536 946 1591 1014 7,
1614 950 1671 1001 et
1691 942 1921 1000 aliorum

318 1032 720 1106 theologorum.
780 1034 851 1089 Et
889 1033 1128 1091 sumitur
1165 1050 1232 1092 ex
1260 1037 1494 1107 August.
1529 1034 1650 1092 libr.
1682 1032 1755 1091 de
1780 1048 1926 1092 vera

315 1122 489 1197 reliq.
539 1138 663 1195 cap.
699 1126 801 1197 31,
844 1123 935 1179 ubi
963 1121 1104 1180 hane
1131 1130 1295 1181 vocat
1319 1122 1506 1197 ieqem
1533 1125 1799 1181 omnium
1824 1138 1925 1180 ar-

316 1214 489 1280 tium,
536 1218 594 1269 et
622 1212 785 1285 paulo
814 1212 1067 1270 inferius:
1106 1211 1407 1282 Conditor,
1439 1213 1533 1287 ait,
1560 1212 1758 1288 layum
1780 1217 1921 1269 tem-

314 1300 646 1376 poralium,
688 1305 743 1358 si
763 1305 855 1359 vir
875 1302 1055 1359 bonus
1075 1309 1163 1360 est
1180 1306 1235 1360 et
1254 1304 1510 1376 sapiens,
1538 1301 1709 1360 illam
1728 1306 1927 1377 ipsam

316 1390 581 1449 consulit
611 1396 937 1459 aeternam,
972 1390 1043 1448 de
1068 1408 1191 1465 qua
1216 1391 1369 1449 nulli
1396 1396 1641 1450 animae
1658 1392 1927 1451 iudicare

314 1480 533 1538 datum
572 1485 674 1550 est,
708 1486 775 1538 ut
801 1480 1126 1539 seeundum
1154 1486 1283 1539 eius
1301 1480 1813 1540 incommutabiles
1832 1498 1923 1539 re·

318 1572 504 1645 qulas
525 1570 673 1646 quid
692 1576 767 1629 sit
779 1588 893 1646 pro
908 1579 1165 1647 tempore
1174 1571 1514 1639 iubendum,
1534 1571 1925 1631 vetandumve

318 1656 645 1720 diseev'mat.
683 1665 795 1719 Hac
822 1664 986 1720 etiam
1008 1663 1215 1722 ratione
1240 1664 1371 1721 dixit
1393 1665 1531 1722 idem
1553 1666 1792 1738 August.
1813 1671 1924 1722 tra-

315 1760 477 1811 ctatu
514 1757 569 1811 6.
597 1755 653 1810 in
680 1756 961 1811 loannem:
993 1758 1139 1829 Ipsa
1162 1757 1305 1812 iura
1328 1756 1599 1816 humana
1614 1772 1725 1831 per
1742 1758 1926 1831 impe·

311 1847 551 1901 ratores
600 1848 655 1899 et
688 1858 852 1917 reyes
887 1848 1048 1901 Deus
1074 1843 1381 1902 distribuit
1407 1851 1603 1920 qenert
1628 1848 1918 1905 humano.

312 1934 452 1990 Item
481 1932 578 1990 lib.
626 1940 675 1992 1.
702 1932 775 1991 de
802 1932 969 1990 liber.
1003 1934 1183 1992 arbit.
1216 1950 1340 2006 cap.
1368 1939 1423 1993 6.
1450 1938 1546 1993 ait:
1568 1935 1737 1995 Nihil
1758 1940 1845 1993 est
1862 1940 1926 1993 in

315 2022 637 2098 temporali
672 2023 793 2098 leqe
818 2026 1040 2081 iustum
1055 2069 1068 2089 .
1103 2023 1259 2099 quod
1283 2042 1359 2083 ea·
1386 2023 1509 2101 leye
1536 2032 1784 2085 aeterna
1809 2042 1926 2084 non

312 2112 640 2171 derivetur.
694 2114 840 2172 ldem
869 2121 1087 2187 quaest.
1123 2116 1217 2173 67.
1248 2116 1301 2171 ln
1331 2116 1504 2174 Exod.
1536 2121 1681 2185 Lex,
1716 2118 1920 2191 inquit,

314 2210 569 2263 aeterna
604 2208 712 2263 Dei
730 2209 833 2272 est,
856 2212 1037 2278 quam
1059 2204 1373 2263 consulunt
1392 2222 1589 2265 omnes
1605 2210 1751 2281 piae
1764 2224 1924 2265 nien-

314 2300 428 2363 tes‚
462 2301 535 2353 ut
559 2293 717 2369 quod
740 2298 803 2351 in
828 2310 905 2353 ea
926 2298 1267 2363 invenerint,
1300 2294 1391 2353 vel
1397 2294 1679 2369 saciant,
1712 2296 1806 2355 vel
1830 2300 1923 2355 iu·

314 2384 513 2453 beant,
548 2383 642 2442 vel
667 2388 875 2442 vetent.
918 2385 1014 2442 Ubi
1048 2383 1223 2441 obiter
1250 2384 1647 2445 advertendum
1672 2393 1782 2461 est,
1810 2403 1918 2446 non

312 2492 509 2535 omnes
543 2475 788 2533 homines
816 2483 967 2533 recte
996 2482 1287 2547 operantes
1315 2476 1608 2535 consulere
1633 2477 1809 2551 legem
1831 2494 1920 2535 ae·

310 2574 523 2623 ternam
564 2566 616 2624 in
664 2582 723 2622 se
764 2566 911 2638 ipsa,
954 2581 1053 2621 seu
1090 2573 1259 2639 prout
1286 2568 1339 2623 in
1365 2570 1476 2624 Deo
1504 2572 1617 2642 est,
1654 2584 1778 2625 nam
1806 2569 1922 2625 l'or-

312 2664 461 2713 tasse
490 2657 655 2729 aliqui
685 2661 939 2713 carentes
968 2654 1071 2711 fide
1097 2670 1219 2713 eam
1244 2657 1300 2713 in
1330 2671 1388 2713 se
1415 2671 1526 2713 non
1546 2662 1918 2730 cognoscunt,

310 2746 471 2803 multi
506 2746 671 2802 etiam
707 2744 856 2803 illam
882 2751 1013 2802 actu
1040 2760 1146 2802 non
1177 2746 1553 2819 considerant,
1583 2746 1805 2821 quando
1831 2762 1921 2803 re-

310 2844 403 2895 cte
448 2842 751 2910 operantur
769 2878 785 2909 ,
835 2836 921 2894 vel
976 2835 1201 2893 honeste
1240 2838 1610 2910 praecipiunt,
1654 2837 1919 2895 dicuntur

311 2946 447 3002 ergo
484 2929 629 2985 illam
659 2927 975 3000 consulere,
1004 2926 1091 2984 vel
1121 2927 1172 2983 in
1201 2943 1281 2999 se,
1304 2927 1389 2985 vel
1413 2928 1461 2984 in
1484 2928 1663 3002 aliqua
1684 2930 1770 2986 sui
1793 2944 1919 3001 par-

312 3020 627 3092 ticipatione
646 3058 660 3083 ,
700 3017 877 3091 qualis
903 3024 989 3075 est
1016 3018 1282 3075 naturalis
1312 3019 1451 3075 ratio
1471 3058 1487 3091 ,
1518 3026 1615 3075 aut
1642 3020 1824 3076 lumen
1856 3020 1917 3075 li-

309 3108 431 3180 dei,
466 3114 533 3166 ut
558 3108 614 3165 d.
645 3108 879 3166 Thomas
906 3124 1073 3179 supra
1101 3108 1354 3179 exposuit
1378 3113 1481 3165 art.
1512 3113 1543 3167 2
1565 3151 1581 3183 ,
1619 3117 1678 3166 et
1702 3108 1916 3166 Alensis

310 3200 514 3256 memb.
552 3203 608 3256 2.
641 3199 791 3256 Multi
818 3214 949 3255 vero
978 3214 1046 3256 ex
1072 3198 1416 3271 philosophis
1445 3198 1617 3273 legem
1640 3206 1913 3259 aeternam

310 3288 365 3345 in
392 3290 503 3346 Deo
532 3287 649 3361 ipso
680 3288 999 3346 existentem
1026 3304 1122 3361 per
1162 3288 1392 3345 effectus
1420 3289 1655 3347 assecuti
1686 3298 1837 3361 sunt,
1858 3298 1919 3349 et·

309 3385 714 3451 consequenter
748 3384 1109 3451 agnoverunt,
1134 3394 1351 3437 omnem
1374 3386 1583 3436 rectam
1605 3396 1705 3437 seu
1728 3396 1911 3439 veram

310 3469 489 3541 legem
532 3468 585 3525 in
631 3468 939 3527 hominibus
964 3468 1281 3526 existentem
1310 3468 1377 3525 ab
1407 3476 1627 3527 aeterna
1653 3471 1771 3543 lege
1798 3487 1914 3529 ma-

312 3575 473 3624 nare,
518 3559 603 3615 vel
644 3558 947 3615 immediate
988 3564 1054 3614 ut
1090 3557 1267 3632 legem
1306 3559 1645 3625 naturalem,
1678 3560 1765 3617 vel
1799 3576 1912 3619 me·

311 3648 493 3706 diante
520 3648 623 3705 ista
648 3655 713 3705 ut
738 3647 887 3721 leges
917 3648 1209 3713 humanas.
1239 3649 1394 3706 Unde
1424 3649 1613 3707 Cicero
1634 3649 1731 3707 lib.
1755 3655 1811 3708 2.
1838 3649 1912 3709 de

310 3738 513 3812 Leyib.
539 3746 833 3812 postquam
847 3740 1184 3813 principem
1203 3737 1382 3797 iilam
1404 3738 1607 3813 leqem,
1637 3740 1690 3797 id
1714 3747 1802 3798 est
1822 3755 1910 3799 ae-

316 3836 559 3901 ternam,
602 3828 1034 3901 commendavit,
1077 3827 1292 3885 subdit:
1332 3834 1433 3887 Ea·
1469 3846 1590 3903 qua
1626 3828 1743 3889 ilia
1768 3828 1900 3901 lex,

310 3935 501 3992 quam
528 3917 615 3976 dii
640 3920 905 3977 humano
933 3922 1137 3992 yeneri
1160 3917 1464 3986 dederunt,
1493 3926 1649 3977 recte
1668 3924 1755 3978 est
1774 3920 1909 3979 tau-

312 4006 483 4077 data,
519 4015 576 4065 et
602 4016 840 4080 caetera,
868 4024 1011 4082 quae
1039 4009 1415 4081 prosequitur.
1448 4010 1519 4067 Et
1546 4010 1597 4066 in
1620 4009 1909 4083 Philippica

312 4103 370 4157 2.
403 4098 575 4155 dixit:
620 4104 747 4159 Lex
784 4096 932 4156 nihil
970 4096 1143 4155 aliud
1166 4103 1279 4166 est,
1317 4101 1438 4156 nisi
1463 4102 1629 4157 recta
1653 4105 1708 4156 et
1735 4115 1778 4157 a
1800 4117 1909 4158 nu-

310 4193 469 4246 mine
507 4192 770 4247 Deorum
804 4192 1007 4246 tracta
1042 4192 1232 4249 ratio.
1278 4191 1581 4263 imperans
1620 4190 1870 4249 honesta
1886 4235 1901 4260 ,

302 4279 737 4354 prohibensque
771 4282 1103 4337 contraria.
1149 4278 1303 4336 Unde
1340 4280 1506 4335 etiam
1538 4280 1905 4353 Demostenes,

316 4378 380 4428 ut
418 4371 589 4429 refert
620 4372 913 4428 Martianus
951 4369 990 4427 l.
1017 4371 1079 4427 C.
1112 4369 1164 4426 in
1192 4369 1287 4427 lib.
1318 4373 1373 4427 2.
1406 4370 1462 4426 ff.
1492 4368 1566 4427 de
1592 4368 1703 4445 leq.
1735 4370 1902 4429 dixit:

310 4464 439 4518 Lea·
468 4466 571 4527 est,
605 4462 701 4517 cui
726 4474 922 4517 omnes
948 4459 1212 4516 homines
1240 4456 1447 4514 debent
1472 4456 1723 4529 obedire,
1759 4463 1908 4534 quia

312 4553 503 4609 onmis
530 4548 629 4607 lem
656 4551 912 4607 inventio
938 4546 1235 4622 quaedam
1260 4551 1316 4603 et
1340 4546 1561 4604 donum
1586 4552 1701 4605 Dei
1726 4554 1835 4607 est.

388 4640 547 4697 Ratio
574 4647 754 4696 autem
782 4639 1051 4713 generalis
1078 4636 1229 4695 reddi
1249 4643 1453 4710 potest,
1476 4638 1603 4711 quia
1625 4640 1712 4697 lex
1734 4646 1907 4697 aeter-

312 4747 384 4787 na
422 4736 507 4789 est
532 4730 619 4787 lex
645 4745 741 4804 per
765 4729 1053 4786 essentiam
1070 4770 1085 4797 ,
1116 4734 1173 4785 et
1202 4729 1377 4784 omnis
1405 4726 1509 4784 alia
1534 4734 1620 4785 est
1646 4742 1743 4799 per
1769 4744 1899 4800 par·

312 4822 713 4895 ticipationem3
751 4834 883 4892 ergo
914 4834 1139 4876 necesse
1166 4824 1270 4887 est,
1302 4823 1362 4875 ut
1387 4818 1561 4874 omnis
1590 4818 1695 4875 alia
1721 4818 1811 4877 lex
1838 4818 1909 4875 sit

312 4912 543 4969 effectus
586 4910 719 4986 legis
756 4916 1033 4967 aeternae.
1076 4908 1397 4966 Declaratur
1437 4912 1751 4984 praeterea,
1778 4912 1907 4985 quia

313 5003 397 5059 lex
440 5001 553 5059 duo
579 5000 841 5077 requirit,
873 5014 1075 5075 unum,
1108 5005 1170 5057 ut
1195 4999 1266 5056 sit
1291 4999 1437 5055 iusta
1462 5004 1517 5056 et
1544 5000 1742 5057 rationi
1772 5016 1906 5058 oon-

316 5100 605 5164 sentanea3
650 5090 827 5163 aliud,
871 5097 937 5148 ut
974 5089 1041 5146 sit
1067 5088 1265 5147 efficax
1291 5086 1357 5145 ad
1388 5088 1775 5165 obligandum3
1808 5090 1905 5147 sed

316 5182 493 5241 omnis
533 5188 692 5239 reeta
718 5182 857 5240 ratio
886 5187 1074 5238 creata
1097 5186 1183 5236 est
1207 5193 1274 5236 ex
1301 5178 1719 5253 participatione
1744 5180 1909 5239 divini

318 5272 561 5348 luminis,
592 5270 745 5348 quod
771 5271 1043 5347 signatum
1068 5269 1234 5329 estin
1259 5268 1439 5344 nobis,
1466 5275 1525 5330 et
1548 5271 1727 5331 omnis
1752 5278 1909 5347 pote-

3333 360 3340 373 ·
3409 352 3488 418 91

1995 494 2113 546 stas
2152 487 2432 549 hominum
2467 490 2704 566 desuper
2729 490 2915 567 datur,
2943 499 2999 552 et
3023 508 3054 551 a
3081 496 3307 553 Domino
3339 496 3448 553 Deo
3473 504 3590 571 θεὶς

1994 593 2129 653 ergo
2159 584 2334 638 omnis
2364 582 2447 639 lex
2477 584 2530 639 in
2561 583 2871 642 bominibus
2897 587 3132 643 existens
3158 592 3244 643 est
3269 586 3478 661 exlege
3500 603 3589 645 ae-

1996 676 2172 727 terna.
2198 671 2269 727 Et
2290 678 2587 745 utrumque
2611 674 2928 747 significavit
2947 674 3121 731 divina
3145 676 3433 747 Sapientia,
3458 692 3592 735 cum

1998 759 2161 818 dixit:
2194 764 2310 819 Per
2335 777 2430 818 me
2456 777 2620 836 reyes
2665 768 2946 835 requam,
2985 766 3173 838 utique
3213 772 3482 838 quantum
3525 766 3598 824 ad

2001 857 2330 923 potestatem
2347 892 2363 925 ,
2396 856 2454 909 et
2477 851 2676 925 iequm
2703 852 3030 911 conditores
3057 858 3220 912 iusta
3243 854 3579 928 decernunt,

1997 941 2252 999 videlicet
2279 941 2459 1014 quoad
2489 950 2694 999 rectam
2721 945 3008 1000 rationem.
3047 942 3062 1001 .”

2070 1032 2236 1104 Magis
2277 1036 2461 1088 autem
2501 1030 2890 1104 explicabimus
2931 1034 3191 1091 rationem
3229 1034 3367 1093 banc
3408 1036 3589 1094 decla-

1997 1120 2170 1178 rando
2193 1122 2304 1179 duo
2327 1122 2574 1179 membra
2595 1122 2646 1177 in
2672 1124 2878 1180 ratione
2901 1123 3183 1183 dubitandi
3208 1129 3398 1198 posita.
3423 1128 3592 1185 Cuius

1993 1212 2227 1283 priorem
2258 1217 2466 1283 partem
2487 1212 2552 1269 de
2582 1212 2696 1284 lege
2724 1212 2903 1269 divina
2930 1216 3105 1287 attigit
3124 1216 3409 1274 Caietanus
3437 1217 3586 1277 dicto

1992 1308 2100 1359 art.
2139 1306 2171 1359 3
2189 1309 2291 1374 ,et
2317 1302 2652 1375 respondet,
2685 1304 2947 1359 rationem
2975 1307 3442 1376 supernaturalem
3469 1324 3592 1364 esse

1994 1391 2170 1465 legem
2198 1391 2466 1462 divinam,
2495 1396 2552 1448 et
2577 1391 2721 1449 illam
2749 1408 2868 1449 esse
2898 1394 3357 1466 participationem
3387 1403 3442 1453 et
3465 1398 3592 1455 effe-

1994 1488 2145 1538 ctum
2174 1481 2308 1555 legis
2334 1489 2608 1555 aeternae,
2631 1484 2783 1541 iuxta
2805 1490 3041 1541 mentem
3064 1485 3118 1541 d.
3147 1487 3384 1543 Thomas
3407 1504 3461 1561 q.
3489 1493 3586 1564 91,

1994 1577 2103 1627 art.
2133 1574 2190 1629 ⁴-
2237 1570 2306 1628 ad
2335 1577 2388 1630 3.
2434 1572 2587 1630 Unde
2623 1573 2784 1629 etiam
2813 1573 2983 1642 addit,
3013 1574 3184 1649 legem
3214 1577 3448 1634 divinam
3475 1596 3590 1637 non

1994 1676 2117 1718 esse
2156 1664 2426 1719 rationem
2465 1664 2784 1720 existentem
2813 1665 2868 1719 in
2898 1667 3030 1738 Deo,
3063 1666 3156 1723 sed
3185 1668 3504 1726 existentem
3534 1670 3588 1725 in

1996 1750 2212 1807 homine
2243 1751 2311 1808 ad
2341 1767 2398 1808 se
2421 1751 2507 1808 vel
2528 1752 2594 1809 ad
2617 1751 2749 1809 alios
2771 1756 3261 1826 supernaturaliter
3282 1758 3592 1831 gubernan-

1995 1839 2117 1897 dos.
2150 1841 2308 1908 Quod
2349 1843 2416 1899 de
2456 1841 2575 1915 lege
2615 1841 2797 1899 divina
2820 1845 3055 1902 naturali
3083 1862 3212 1902 cum
3241 1850 3593 1920 proportione

1994 1930 2213 2004 intelligi
2249 1938 2454 2003 potest.
2486 1933 2559 1990 Ut
2585 1939 2770 1990 autem
2795 1934 2986 1992 melius
3013 1935 3368 2009 intelligatur,
3400 1937 3595 1996 adver-

1994 2020 2220 2078 tendum
2249 2027 2355 2092 est,
2387 2022 2539 2097 quod
2565 2023 2616 2079 in
2644 2022 2910 2096 principio
2936 2026 3316 2097 praecedentis
3345 2027 3464 2085 libri
3493 2044 3591 2085 no-

1993 2112 2135 2183 tavi,
2177 2110 2351 2185 legem
2386 2114 2728 2171 considerari
2757 2127 2920 2185 posse
2950 2114 3032 2171 vel
3059 2117 3113 2171 in
3146 2115 3476 2189 legislatore,
3506 2119 3596 2177 vel

1990 2202 2047 2257 in
2075 2200 2336 2275 subditis3
2378 2202 2524 2259 et·in
2563 2202 2654 2260 illo
2680 2218 2802 2260 esse
2830 2207 3050 2276 proprie
3079 2221 3143 2262 ac
3173 2206 3499 2280 formaliter,
3531 2209 3588 2268 in

1992 2290 2075 2349 bis
2103 2308 2234 2350 vero
2271 2299 2532 2367 tanquam
2563 2294 2616 2350 in
2647 2294 2954 2366 applicante
2982 2295 3158 2368 legem
3189 2312 3286 2367 per
3311 2298 3490 2373 aliqua
3515 2299 3588 2355 si-

1991 2397 2101 2456 gna
2130 2382 2300 2440 illius.
2331 2386 2441 2441 Lex
2469 2398 2601 2458 ergo
2628 2384 2806 2442 divina
2832 2390 3102 2457 quatenus
3129 2391 3215 2443 est
3241 2388 3292 2443 in
3323 2388 3593 2465 legislato-

1991 2487 2071 2545 re,
2101 2474 2298 2546 inipso
2318 2474 2428 2531 Deo
2455 2482 2562 2547 est3
2587 2476 2716 2548 quia
2736 2476 2851 2546 ipse
2878 2476 3031 2533 solus
3051 2484 3136 2533 est
3155 2478 3412 2551 proprius
3433 2478 3593 2553 legis-

1995 2561 2134 2620 lator
2173 2563 2298 2620 talis
2340 2562 2511 2639 legis,
2553 2566 2608 2621 in
2649 2564 2959 2622 hominibus
3002 2572 3186 2624 autem
3213 2575 3298 2625 est
3326 2575 3591 2642 tanquam

1989 2654 2043 2710 in
2073 2654 2329 2725 subditis,
2359 2657 2577 2713 etiamsi
2604 2655 3007 2725 consideretur,
3040 2665 3209 2729 prout
3233 2660 3391 2716 estin
3413 2658 3587 2725 homi·

1988 2745 2146 2802 nibus
2169 2745 2624 2818 gubernantibus,
2651 2762 2777 2803 nam
2805 2747 2968 2805 etiam
2995 2746 3069 2804 illi
3098 2746 3294 2805 subditi
3325 2756 3454 2807 sunt
3475 2750 3582 2825 legi

1986 2834 2222 2909 divinae,
2251 2840 2306 2892 et
2332 2844 2592 2908 respectu
2617 2835 2848 2895 aliorum
2870 2837 3051 2894 solum
3075 2854 3134 2894 se
3154 2837 3355 2897 habent
3373 2846 3438 2899 ut
3457 2856 3583 2914 pro-

1986 2933 2252 2999 ponentes
2291 2931 2349 2983 et
2373 2925 2718 2984 declarantes
2747 2925 2945 3001 legem,
2979 2945 3120 3003 quae
3150 2930 3204 2987 in
3231 2934 3341 2989 Deo
3369 2938 3474 2989 est.
3507 2932 3581 2992 Et

1982 3018 2062 3074 sic
2088 3016 2291 3075 dicitur
2326 3017 2410 3077 lex
2439 3024 2597 3075 vetus
2623 3017 2752 3076 data
2777 3034 2873 3092 per
2901 3021 3141 3096 Moysen,
3174 3024 3320 3079 loan.
3346 3038 3404 3080 c.
3442 3027 3488 3094 1,
3524 3030 3582 3083 et

1986 3107 2089 3179 ipsi
2116 3108 2290 3183 Moysi
2320 3108 2446 3165 data
2474 3107 2676 3165 dicitur
2704 3125 2801 3181 per
2822 3110 3065 3185 angelos,
3087 3114 3274 3169 Actor.
3305 3116 3357 3171 7.
3382 3114 3584 3174 Tamen

1984 3198 2069 3255 ius
2099 3197 2370 3273 obligandi
2398 3214 2508 3256 non
2535 3205 2657 3255 erat
2682 3215 2713 3256 a
2740 3198 3018 3257 voluntate
3045 3202 3263 3277 Moysis,
3294 3203 3379 3261 vel
3408 3221 3574 3278 ange-

1979 3286 2194 3361 lorum,
2241 3287 2338 3346 sed
2371 3288 2684 3347 immediate
2719 3304 2750 3346 a
2789 3289 3068 3348 voluntate
3103 3292 3226 3364 Dei,
3267 3299 3326 3350 et
3363 3294 3484 3351 ideo
3523 3295 3580 3352 in

1978 3380 2094 3451 ipso
2120 3378 2238 3436 solo
2264 3385 2408 3451 erat,
2437 3382 2582 3436 utin
2610 3379 2948 3454 legislatore3
2979 3387 3037 3438 et
3063 3381 3203 3439 idem
3225 3388 3329 3456 est,
3355 3391 3574 3444 servata

1979 3470 2327 3542 proportione
2345 3470 2421 3527 de
2449 3470 2564 3543 lege
2591 3470 2796 3543 gratiae
2825 3476 2881 3528 et
2906 3469 2974 3528 de
3003 3471 3120 3544 lege
3146 3472 3402 3531 naturali.

2055 3559 2210 3617 Unde
2229 3560 2308 3632 fit,
2338 3566 2398 3617 ut
2419 3560 2502 3617 lex
2526 3559 2727 3632 divina,
2751 3567 3023 3633 quatenus
3044 3563 3096 3617 in
3125 3562 3432 3637 legislatore
3460 3573 3568 3641 est,

1977 3666 2087 3706 non
2115 3652 2188 3706 sit
2214 3650 2444 3708 effectus
2475 3650 2608 3724 legis
2638 3656 2908 3723 aeternae,
2941 3649 3036 3707 sed
3058 3654 3127 3709 sit
3146 3655 3330 3725 potius
3350 3655 3466 3727 ipsa
3485 3656 3575 3717 lex

1977 3746 2197 3797 aeterna
2234 3740 2541 3798 secundum
2570 3741 2862 3815 quemdam
2889 3750 3223 3817 conceptum
3252 3745 3577 3821 inadaequa-

1978 3836 2093 3887 tum
2120 3832 2261 3887 eius.
2300 3832 2604 3888 Possumus
2639 3838 2820 3889 autem
2857 3831 2995 3890 duas
3023 3832 3483 3895 denominationes
3512 3842 3570 3897 in

1976 3936 2042 3977 ea
2084 3919 2456 3993 distinguere,
2496 3936 2696 3994 unam,
2735 3928 3010 3995 quatenus
3039 3930 3256 3982 aeterna
3282 3934 3397 4001 est,
3429 3945 3573 4002 quae

1978 4017 2041 4067 ut
2068 4012 2148 4069 sic
2177 4010 2510 4083 praescindit
2535 4010 2602 4067 ab
2630 4016 2852 4069 externa
2878 4014 3348 4091 promulgatione,
3377 4025 3434 4075 et
3459 4036 3573 4079 non

1975 4099 2109 4158 dicit
2137 4107 2452 4173 respectum
2482 4098 2548 4156 ad
2576 4108 2860 4158 creaturas
2887 4109 3016 4160 actu
3045 4104 3359 4175 existentem
3387 4108 3569 4180 aliam,

1977 4196 2143 4263 prout
2170 4197 2257 4247 est
2285 4191 2392 4247 iam
2420 4195 2551 4247 actu
2581 4190 2950 4264 promulgata,
2979 4199 3037 4250 et
3061 4194 3328 4268 obligans,
3359 4205 3418 4255 et
3437 4214 3570 4257 con·-

1975 4286 2272 4352 sequenter
2300 4279 2490 4337 dicens
2526 4287 2841 4351 respectum
2876 4282 3230 4355 temporalem
3256 4286 3326 4343 ad
3351 4296 3573 4348 creatu-

1974 4385 2066 4427 ras
2096 4376 2229 4427 actu
2258 4372 2365 4427 iam
2390 4371 2710 4443 existentes,
2739 4379 2798 4428 et
2826 4379 2889 4428 ut
2916 4374 2996 4429 sic
3023 4380 3204 4446 potest
3229 4376 3564 4440 denominari

1974 4458 2184 4531 divina,
2229 4460 2302 4517 ita
2342 4466 2405 4518 ut
2443 4461 2547 4531 sub
2587 4460 2692 4517 hac
2724 4477 2863 4519 voce
2899 4470 3161 4522 connotet
3187 4465 3333 4525 bunc
3363 4477 3570 4530 statum

1974 4550 2300 4608 sufficientis
2347 4551 2859 4608 communicationis
2905 4558 2964 4609 et
3008 4555 3456 4630 promulgationis
3497 4562 3568 4620 ad

1974 4650 2149 4699 extra.
2195 4642 2453 4713 Proprius
2495 4656 2624 4697 vero
2652 4640 2854 4698 dicitur
2881 4641 2966 4699 lex
2994 4642 3206 4717 divina,
3237 4647 3320 4704 lex
3347 4648 3462 4720 ipsa
3490 4651 3561 4709 ad

1972 4738 2127 4789 extra
2163 4732 2398 4790 existens
2441 4730 2496 4786 in
2535 4730 2787 4804 subditis,
2830 4732 2916 4789 vel
2945 4733 3207 4790 ministris
3239 4738 3353 4808 Dei,
3385 4754 3484 4796 seu
3511 4740 3567 4799 in

1973 4821 2302 4895 cognitione,
2325 4820 2412 4877 vel
2434 4823 2584 4893 signo
2603 4820 2868 4894 quolibet,
2892 4838 2990 4895 per
3009 4823 3158 4896 quod
3179 4825 3257 4882 eis
3281 4826 3557 4887 sufficien-

1969 4919 2056 4970 ter
2082 4913 2423 4986 proponitur.
2453 4913 2524 4969 Et
2545 4911 2649 4969 hoc
2671 4912 2832 4970 modo
2856 4914 3113 4988 dicimus,
3137 4916 3308 4989 legem
3328 4918 3564 4983 divinam

1972 5019 2092 5059 esse
2130 5002 2596 5076 participationem
2636 5000 2772 5076 legis
2822 4996 3072 5062 aeterhae
3122 5007 3566 5072 excellentiorem

1973 5108 2326 5167 quacumque
2353 5092 2488 5165 alia3
2523 5098 2640 5149 tum
2663 5095 2790 5165 quia
2809 5094 3101 5166 perfectius
3122 5096 3171 5152 in
3193 5112 3258 5154 ea
3278 5102 3564 5175 participa·

1974 5191 2065 5241 tur
2092 5182 2180 5240 lex
2207 5189 2446 5256 aeterna;
2471 5188 2591 5240 tum
2612 5184 2798 5257 etiam,
2826 5186 2954 5258 quia
2974 5186 3340 5247 immediatius
3360 5192 3429 5247 ab
3445 5192 3562 5265 ipsa

1972 5279 2186 5349 manat,
2229 5280 2352 5333 tum
2391 5273 2622 5350 denique
2657 5274 2788 5349 quia
2825 5275 3080 5353 obligatio
3106 5278 3228 5337 eius
3254 5280 3564 5342 immediate
