4325 6267
829 354 951 414 352

742 508 810 549 eo
841 496 959 565 ipso
982 494 1179 550 iniuste
1203 491 1395 565 recipit
1414 493 1631 549 fructus
1654 490 1915 561 beneficii,
1931 496 1987 545 et
2010 502 2352 559 consequen-

744 588 827 639 ter
854 597 959 638 non
992 580 1127 637 facit
1145 581 1266 639 illos
1286 597 1437 639 sune.
1465 582 1602 649 Quia
1624 588 1759 638 tunc
1779 596 1888 636 non
1912 579 2109 649 recipit
2128 576 2350 632 fructus

742 678 975 745 propter
1003 671 1246 728 officium
1268 714 1281 741 ,
1311 670 1459 745 quod
1484 679 1736 742 exercet,
1767 685 1897 727 cum
1926 670 1999 726 sit
2020 669 2253 738 incapax
2285 664 2353 721 il·

741 760 880 833 lius3
906 766 1049 834 ergo'
1076 763 1309 817 maxime
1340 767 1527 832 posset
1549 762 1796 831 recipere
1824 766 2047 831 propter
2075 772 2227 828 spem
2266 769 2351 809 re-

739 850 975 922 cipiendi
1001 850 1431 925 quamprimum,
1450 850 1535 907 vel
1560 858 1807 921 tempore
1828 848 2186 921 praescripto,
2207 846 2346 901 banc

739 948 925 997 autem
954 956 1105 1013 spem
1140 941 1321 998 aufert
1347 955 1517 1013 prava
1543 940 1789 1011 intenti03
1813 953 1948 1012 ergo
1975 936 2155 994 reddit
2184 934 2347 991 talem

739 1046 1023 1103 personam
1050 1032 1372 1103 incapacem
1407 1030 1719 1101 fructuum,
1751 1030 1853 1085 nisi
1883 1028 2027 1084 illam
2054 1031 2260 1097 mutet,
2290 1030 2348 1079 et

740 1126 989 1191 tempore
1027 1120 1209 1178 debito
1238 1120 1542 1178 ordinetur.

812 1211 956 1267 Haec
1006 1226 1135 1268 vero
1157 1212 1441 1283 responsio
1462 1226 1569 1265 non
1588 1208 1749 1265 babet
1769 1206 2003 1264 solidum
2026 1203 2344 1261 fundamen-

746 1305 887 1356 tum.
907 1300 1041 1355 Nam
1072 1300 1187 1357 sine
1214 1299 1404 1369 dubio,
1432 1301 1477 1356 si
1504 1298 1590 1356 lex
1618 1297 1726 1354 lata
1746 1298 1801 1353 in
1831 1312 1954 1369 cap.
1980 1296 2338 1359 Commissa,

741 1404 849 1445 non
883 1388 1182 1446 addidisset
1206 1389 1351 1446 illam
1373 1389 1731 1462 privationem
1754 1387 2061 1455 fructuum,
2084 1400 2192 1440 non
2220 1399 2343 1454 pos-

737 1486 827 1535 set
861 1494 989 1535 cum
1020 1478 1318 1535 sufficienti
1332 1478 1687 1535 fundamento
1714 1476 1846 1549 dici,
1870 1474 2226 1545 recipientem
2253 1471 2345 1527 be-

737 1569 989 1625 neficium
1019 1570 1139 1625 sine
1167 1568 1259 1625 tali
1287 1568 1581 1625 intentione
1603 1582 1711 1622 non
1734 1564 1915 1620 facere
1938 1562 2160 1619 fructus
2184 1578 2341 1631 suos,

736 1662 1059 1729 praesertim
1099 1657 1165 1715 de
1194 1658 1469 1717 fructibus
1497 1656 1667 1714 totius
1696 1654 1961 1712 beneficii.
1988 1653 2194 1721 Primo,
2215 1653 2341 1725 quia

738 1748 1055 1805 beneficium
1094 1749 1253 1805 etiam
1282 1754 1544 1805 curatum
1571 1761 1679 1802 non
1707 1743 1873 1801 datur
1899 1748 2123 1815 propter
2152 1740 2332 1797 solum

734 1838 980 1895 officium
1019 1840 1301 1911 proprium
1328 1835 1655 1908 sacerdotis;
1685 1850 1810 1890 nam
1836 1831 2001 1889 datur
2022 1831 2184 1886 etiam
2214 1844 2340 1900 pro-

737 1934 857 2000 pter
890 1927 1133 1984 officium
1162 1924 1379 1984 dicendi
1410 1926 1575 1982 horas
1601 1925 1919 1995 canonicas,
1942 1928 2006 1978 'et
2030 1920 2123 1977 ille
2152 1920 2233 1985 sic
2265 1926 2342 1975 te·

735 2033 869 2074 nens
902 2017 1224 2083 beneficium
1242 2058 1256 2082 ,
1286 2022 1473 2088 posset
1498 2016 1731 2071 recitare
1758 2011 1947 2068 horas.
1980 2012 2149 2067 Datur
2178 2008 2340 2064 etiam

734 2113 956 2180 propter
992 2108 1353 2163 ministerium
1381 2104 1571 2175 chori,
1602 2111 1658 2160 et
1683 2100 2207 2162 administrationem
2235 2099 2342 2153 Ec-

731 2196 959 2267 clesiae,
1012 2212 1155 2269 quae
1184 2201 1419 2267 possunt
1458 2195 1573 2251 fieri
1600 2194 1717 2249 sine
1756 2189 1941 2249 ordine
1984 2188 2333 2246 sacerdotali.

722 2289 1023 2343 Praeterea
1056 2301 1162 2341 non
1192 2287 1265 2341 ita
1293 2284 1451 2341 datur
1480 2285 1584 2340 boc
1612 2282 1937 2340 beneficium
1968 2285 2190 2352 propter
2218 2277 2338 2333 offi-

734 2378 881 2432 cium
927 2374 1141 2432 dicendi
1187 2376 1408 2432 missam
1436 2416 1451 2447 ,
1495 2381 1551 2431 et
1590 2371 1930 2429 ministrandi
1968 2376 2333 2440 sacramenta,

731 2470 954 2537 propter
985 2480 1125 2538 quae
1148 2464 1450 2537 requiritur
1472 2462 1830 2519 sacerdotalis
1853 2460 2013 2531 ordo,
2031 2467 2093 2516 ut
2112 2458 2334 2516 omnino

731 2555 931 2627 obliget
950 2555 1017 2611 ad
1050 2554 1301 2611 facienda
1322 2553 1455 2628 haec
1480 2553 1777 2610 ministeria
1798 2567 1897 2623 per
1915 2551 2155 2622 seipsum
2171 2592 2186 2619 ,
2209 2564 2334 2604 nam

730 2652 965 2717 possunt
992 2645 1103 2702 lieri
1131 2660 1228 2717 per
1262 2646 1519 2715 tertium,
1550 2643 1781 2699 maxime
1808 2642 1875 2697 ad
1905 2626 2151 2713 tempus}
2184 2638 2334 2714 quod

737 2735 783 2789 si
812 2735 885 2790 ita
919 2734 1069 2807 liant,
1100 2732 1370 2806 sufficiet,
1396 2738 1455 2789 et
1482 2731 1674 2789 saltem
1703 2739 1765 2788 ut
1790 2730 1955 2787 saciat
1981 2730 2332 2787 beneficiatus

730 2823 951 2881 fructus
988 2840 1121 2881 suos
1148 2824 1262 2881 sine
1289 2822 1613 2895 obligatione
1640 2820 1983 2879 restituendi,
2012 2824 2326 2891 praesertim

734 2914 781 2969 si
804 2914 1161 2986 personaliter
1196 2912 1451 2982 resideat,
1476 2919 1532 2968 et
1556 2921 1709 2985 regat
1734 2911 2047 2983 ecclesiam3
2072 2928 2205 2985 ergo
2228 2911 2330 2966 boc

732 3006 896 3061 etiam
932 3003 1095 3060 modo
1124 3010 1311 3074 posset
1336 3003 1689 3059 beneficiatus
1720 3017 1825 3057 non
1856 3001 2142 3072 sacerdos,
2165 3009 2223 3059 et
2249 3003 2329 3057 in-

734 3093 960 3151 tendens
995 3108 1099 3149 non
1130 3092 1390 3162 ordinari,
1416 3107 1513 3163 per
1538 3106 1741 3148 annum
1764 3092 1836 3147 ita
1865 3092 2184 3148 satisfacere
2211 3084 2346 3147 ossi?

734 3184 821 3240 cio
846 3199 965 3247 suo,
997 3190 1059 3239 ut
1086 3198 1217 3238 suos
1240 3181 1451 3238 faceret
1473 3181 1712 3253 fructus,
1740 3184 1785 3235 si
1807 3196 1904 3252 per
1924 3184 2009 3238 ius
2031 3180 2329 3238 humanum

732 3288 838 3329 non
874 3270 1248 3345 impediretur.

812 3363 1199 3432 confirmatur,
1225 3377 1291 3418 ac
1319 3359 1655 3431 declaratur3
1682 3375 1803 3417 nam
1828 3360 1873 3415 si
1895 3360 2160 3416 sacerdos
2188 3361 2332 3415 acci·

734 3460 884 3525 peret
910 3451 1020 3509 tale
1041 3450 1363 3508 beneficium
1386 3465 1515 3506 cum
1530 3452 1827 3505 intentione
1850 3464 1954 3505 non
1984 3449 2328 3505 ministrandi

735 3545 787 3599 in
814 3543 906 3600 illo
934 3544 1033 3613 per
1059 3556 1261 3600 annum
1289 3539 1470 3614 quoad
1499 3538 1743 3595 ordinem
1773 3537 2198 3613 sacerdotalem,
2223 3558 2328 3596 non

733 3630 855 3688 ideo
890 3648 997 3688 non
1027 3631 1234 3688 faceret
1262 3630 1475 3686 fructus
1502 3645 1635 3684 suos
1655 3671 1670 3701 ,
1702 3630 1743 3684 si
1772 3629 1904 3685 alias
1933 3630 2144 3702 integre
2175 3631 2330 3687 satis-

731 3721 936 3777 faceret
963 3718 1147 3777 officio
1174 3736 1277 3776 suo
1298 3762 1312 3791 ‚
1341 3719 1537 3792 partim
1570 3734 1666 3789 per
1696 3734 1783 3787 se,
1814 3718 2009 3789 partim
2039 3734 2136 3789 per
2172 3720 2325 3792 alios3

730 3819 788 3867 et
813 3811 1055 3867 similiter
1091 3811 1187 3883 qui
1226 3811 1503 3879 acciperet
1544 3808 1863 3863 beneficium
1906 3814 2031 3864 ante
2072 3809 2329 3866 sacerdo-

739 3901 878 3956 tium
921 3915 1051 3955 cum
1092 3899 1387 3955 intentione
1427 3895 1725 3968 accipiendi
1767 3896 2133 3953 sacerdotium
2184 3898 2324 3955 intra

732 4004 934 4055 annum
957 4032 973 4059 ,
1004 4004 1117 4045 non
1151 3995 1330 4045 tamen
1360 3984 1704 4043 ministrandi
1735 3988 1785 4042 in
1826 3986 1918 4043 illo
1949 4002 2045 4058 per
2084 3991 2326 4059 seipsum

731 4084 842 4135 tam
869 4078 1015 4147 cito,
1044 4092 1149 4134 nec
1186 4083 1311 4148 post
1337 4075 1555 4149 aliquod
1600 4083 1847 4147 tempus,
1880 4092 1986 4132 non
2030 4085 2320 4148 propterea

733 4172 1010 4223 teneretur
1032 4166 1327 4223 restituere
1350 4165 1567 4225 fructus
1589 4179 1803 4237 omnes,
1824 4182 1923 4221 nec
1950 4165 2186 4222 sortasse
2207 4182 2328 4238 par-

733 4262 869 4328 tem,
902 4258 946 4311 si
976 4255 1107 4312 alias
1136 4270 1231 4327 per
1268 4255 1432 4311 alium
1460 4256 1773 4328 suppleret,
1814 4256 1964 4329 quod
1993 4271 2090 4328 per
2116 4272 2176 4312 se
2217 4272 2324 4313 non

730 4346 1022 4418 faceret,et
1042 4344 1407 4402 sufficientem
1425 4359 1619 4401 curam
1642 4344 1865 4402 haheret
1880 4361 2012 4403 suae
2033 4347 2323 4418 ecclesiae,

731 4426 887 4509 ergo,
910 4434 1128 4491 secluso
1154 4435 1270 4492 iure
1299 4434 1557 4505 positivo,
1577 4434 1719 4491 idem
1741 4442 1907 4510 esset,
1934 4436 2067 4493 licet
2089 4438 2213 4509 quis
2240 4452 2325 4493 re-

731 4526 943 4597 ciperet
974 4524 1293 4581 beneficium
1322 4525 1438 4579 sine
1478 4523 1775 4581 intentione
1805 4525 2101 4599 recipiendi
2141 4542 2325 4584 sacer-

728 4614 937 4672 dotium
974 4615 1116 4670 intra
1156 4628 1382 4671 annum.
1412 4612 1677 4671 Probatur
1717 4613 1848 4671 haec
1891 4616 2081 4672 ultima
2120 4631 2318 4673 conse·

730 4704 1109 4777 quentia,quia
1132 4720 1235 4761 non
1262 4704 1512 4760 obstante
1535 4702 1627 4759 tali
1656 4705 1949 4763 intentione
1959 4714 2145 4778 posset
2167 4708 2324 4763 satis-

732 4794 911 4851 facere
937 4792 1242 4866 obligationi
1267 4792 1453 4862 oflicii,
1476 4799 1697 4865 propter
1717 4794 1866 4867 quod
1888 4793 2085 4851 dantur
2111 4796 2184 4851 illi
2202 4794 2324 4851 red-

730 4881 879 4938 ditus
901 4883 1161 4951 beneficii,
1188 4895 1286 4953 pro
1304 4881 1497 4938 eodem
1523 4886 1791 4955 tempore.
1813 4884 1882 4940 Et
1911 4884 1984 4940 ita
2004 4899 2072 4939 ex
2094 4884 2212 4939 sola
2241 4886 2323 4939 rei

733 4977 929 5027 natura
954 4987 1059 5027 non
1070 4971 1295 5028 deesset
1316 4973 1508 5029 titulus
1532 4972 1598 5027 ad
1621 4973 1987 5045 recipiendoS‚
2014 4981 2070 5030 et
2090 4974 2322 5030 retinen-

733 5058 831 5114 dos
853 5060 975 5116 illos
996 5060 1213 5117 fructus
1230 5064 1340 5118 sine
1356 5063 1849 5133 iniustitia,scilicet
1873 5063 2063 5119 titulus
2076 5064 2320 5119 beneficii

733 5164 861 5203 cum
893 5150 1239 5218 recitatione,
1284 5142 1779 5223 administratione,
1822 5160 1877 5209 et
1917 5154 2138 5209 servitio
2169 5152 2322 5209 suffi-

734 5238 906 5295 ciente
931 5239 1174 5295 beneficii
1194 5254 1291 5310 pro
1312 5248 1429 5299 toto
1450 5242 1543 5298 illo
1568 5241 1998 5315 tempore,modo
2020 5242 2316 5299 declarato.

2197 361 2392 416 uultu
2427 363 2517 409 lv.

2497 488 2633 545 Vera
2661 506 2798 564 erge
2827 494 3110 565 responsio
3139 494 3268 551 mihi
3293 511 3415 551 esse
3446 494 3653 559 videtur
3673 538 3689 565 ,
3720 493 3865 555 illam
3895 509 4014 552 nou

2416 594 2538 635 esse
2565 581 2840 653 propriam
2869 599 3098 655 poenam
3121 626 3136 654 ,
3167 592 3390 657 propter
3418 571 3738 641 interiorem'
3761 583 4014 656 culpam·

2415 670 2577 725 etiam
2605 669 2918 728 adiunctam
2947 680 3172 730 externo
3200 674 3348 731 actui
3377 674 3444 731 de
3474 690 3532 731 se
3561 690 3668 730 non
3697 672 3878 742 malo,
3910 686 4014 729 nec

2413 757 2574 814 etiam
2595 775 2715 815 esse
2737 761 3118 834 obligationem
3141 763 3461 819 restituendi
3481 769 3706 835 propter
3725 760 4010 823 derectum

2413 850 2468 903 in
2496 848 2705 923 officio,
2726 851 2808 908 vel
2843 852 3068 909 servitio
3085 852 3352 925 beneficii,
3368 852 3462 909 sed
3483 852 3650 908 fuisse
3673 850 4008 923 prudentem

2413 937 2806 997 ordinationem
2827 940 3134 1014 Ecclesiae,
3149 957 3294 1015 quae
3320 944 3534 1012 statuit,
3550 950 3615 997 ut
3643 956 3750 997 non
3771 940 4006 997 daretur

2412 1026 2736 1086 beneficium
2765 1030 2966 1088 bomini
2995 1048 3102 1087 non
3131 1031 3377 1089 ordinato
3395 1075 3409 1102 ,
3449 1032 3552 1087 nisi
3582 1030 3688 1087 sub
3715 1028 3808 1086 tali
3835 1044 4004 1085 onere

2409 1123 2468 1173 et
2491 1118 2822 1177 conditione.
2847 1121 3001 1179 Unde
3028 1137 3094 1177 ex
3121 1138 3234 1194 quo
3262 1121 3370 1177 fuit
3396 1119 3656 1179 conditus
3684 1134 3862 1176 canon
3892 1119 4010 1183 ille,

2410 1222 2474 1263 eo
2502 1209 2810 1282 ipso,quod
2841 1210 2963 1267 talis
2992 1226 3224 1283 persona
3251 1217 3507 1283 acceptat
3531 1209 3881 1277 beneficium,
3911 1223 4012 1265 ac·

2409 1305 2597 1370 ceptat
2641 1298 2774 1356 illud
2823 1316 2954 1357 cum
3001 1300 3100 1357 illo
3141 1316 3346 1369 onere,
3375 1308 3434 1357 et
3460 1300 3580 1356 ideo
3606 1300 3652 1355 si
3682 1315 3788 1354 non
3816 1298 4014 1370 implet

2407 1386 2774 1444 conditionem
2794 1428 2810 1461 ,
2853 1404 2960 1446 non
2998 1389 3127 1446 facit
3152 1389 3370 1447 fructus
3399 1406 3562 1459 suos,
3591 1390 3719 1462 quia
3747 1387 4010 1445 Ecclesia

2407 1475 2476 1533 illi
2519 1492 2626 1533 non
2665 1478 2900 1535 contulit
2938 1479 3020 1535 ius
3051 1476 3118 1535 ad
3158 1478 3302 1536 illos.
3335 1481 3445 1537 Nec
3473 1484 3558 1534 est
3585 1476 4006 1547 inconveniens,

2407 1566 2558 1637 quod
2589 1566 2859 1637 Ecclesia,
2885 1567 3011 1623 licet
3040 1583 3148 1623 non
3180 1567 3383 1624 iudicet
3407 1566 3474 1623 de
3503 1566 3768 1635 occultis,
3789 1564 3885 1621 det
3911 1564 4008 1621 be-

2407 1654 2666 1712 neficium
2688 1656 2794 1713 sub
2825 1656 3136 1714 conditione
3167 1648 3391 1715 occul'ta
3418 1665 3476 1715 et
3501 1659 3744 1729 interna,
3776 1655 3905 1727 quia
3934 1653 4005 1709 ad

2409 1744 2514 1802 hoc
2545 1762 2650 1802 non
2679 1754 2766 1804 est
2793 1748 3186 1817 necessarium,
3207 1756 3271 1803 ut
3295 1750 3410 1818 ipsa
3438 1746 3643 1805 iudicet
3661 1745 3728 1802 de
3759 1746 3850 1803 illa
3875 1760 4014 1799 con-

2407 1834 2608 1891 ditione
2629 1874 2644 1905 ,
2683 1836 2779 1893 sed
2808 1838 2936 1893 satis
2965 1844 3070 1906 est,
3102 1836 3251 1909 quod
3278 1837 3551 1909 recipiens
3581 1835 3907 1891 beneficium
3937 1832 4010 1889 de

2409 1923 2502 1979 illa
2530 1923 2758 1995 iudicet,
2775 1932 2828 1981 et
2859 1941 2956 1997 per
2985 1924 3246 1983 iudicium
3268 1942 3398 1983 suae
3419 1926 3788 1983 conscientiae
3814 1931 4004 1979 tenea-

2411 2019 2501 2068 tur
2531 2011 2598 2068 ad
2626 2014 2995 2077 restituendos
3023 2015 3262 2087 fructus,
3283 2031 3422 2089 quos
3445 2032 3554 2071 non
3578 2014 3708 2071 fecit
3728 2029 3861 2070 suos
3885 2012 4004 2069 sine

2408 2102 2511 2158 alio
2538 2101 2737 2159 iudicio
2764 2105 3062 2161 Ecclesiae.
3079 2106 3246 2177 Saepe
3267 2105 3478 2161 enimin
3504 2104 3794 2163 collatione
3817 2102 4008 2175 aliqua

2404 2194 2648 2249 exterius
2689 2192 2833 2250 sacta
2873 2194 3171 2251 includitur
3211 2194 3452 2251 conditio
3491 2194 3704 2253 interna
3743 2209 3810 2251 ex
3851 2201 4010 2265 parte

2407 2284 2779 2355 suscipientis,
2808 2292 2872 2341 ut
2899 2301 3028 2341 cum
3058 2262 3358 2357 episcopus
3380 2285 3596 2342 confert
3620 2282 3840 2341 ordines
3867 2283 4012 2339 alte-.-

2407 2371 2488 2440 ri,
2534 2372 2602 2428 ibi
2643 2380 2732 2429 est
2770 2373 3014 2430 conditio
3041 2373 3280 2447 inclusa,
3313 2374 3463 2447 quod
3491 2373 3579 2431 ille
3606 2372 3804 2430 babeat
3831 2373 4008 2431 inten-

2407 2462 2607 2516 tionem
2637 2461 2930 2533 recipiendi
2954 2463 3096 2519 illos.
3129 2464 3200 2519 Et
3224 2479 3328 2537 ego
3355 2479 3584 2535 possum
3609 2462 3743 2521 dare
3769 2462 4008 2519 eleemo-

2404 2565 2594 2624 synam
2638 2551 2863 2623 pauperi
2903 2550 3008 2607 sub
3043 2552 3354 2610 conditione
3389 2554 3660 2625 explicata
3703 2551 3812 2622 illi,
3851 2552 4006 2625 quod

2403 2639 2600 2697 habeat
2632 2642 2984 2698 intentionem
3025 2641 3217 2698 orandi
3259 2658 3356 2715 pro
3393 2659 3514 2715 me3
3554 2649 3611 2699 et
3635 2644 3682 2699 si
3709 2641 3860 2701 illam
3887 2658 4000 2697 non

2405 2728 2626 2803 babeat,
2664 2748 2770 2787 non
2811 2733 2903 2789 liat
2939 2731 3192 2789 dominus
3229 2731 3646 2809 eleemosynae?
3671 2732 3816 2800 Quid
3843 2734 3994 2789 enim

2403 2823 2550 2873 vetat
2588 2820 2663 2875 ita
2709 2820 2858 2876 fieri?
2903 2836 3034 2877 cum
3070 2820 3237 2878 libere
3279 2825 3484 2893 possim
3523 2821 3813 2895 disponere
3842 2823 3910 2879 de
3942 2840 4002 2878 re

2403 2924 2519 2964 mea
2570 2918 2736 2980 prout
2784 2909 3020 2966 libuerit.
3053 2910 3132 2967 lta
3167 2926 3301 2983 ergo
3326 2912 3510 2983 potuit
3534 2912 3784 2969 Ecclesia
3813 2912 4000 2983 dispo-

2402 3013 2531 3055 nere
2573 3001 2724 3054 circa
2761 3000 3108 3057 collationem
3146 3000 3533 3059 beneficiorum
3572 3002 4001 3074 parochialium,

2401 3089 2527 3160 quia
2556 3088 2632 3145 ita
2659 3089 2944 3160 oportebat
2968 3088 3208 3162 obligare
3238 3091 3654 3163 recipientes,et
3675 3090 3860 3147 nullus
3889 3106 3991 3162 po-

2403 3181 2540 3233 terat
2575 3193 2697 3234 esse
2739 3180 3140 3235 convenientior
3169 3180 3364 3237 modus
3402 3179 3520 3235 illos
3547 3177 3774 3253 cogendi
3802 3178 3871 3235 ad
3903 3178 4000 3235 ha-

2399 3266 2628 3323 bendam
2659 3268 2806 3324 illam
2833 3270 3205 3325 intentionem.

2475 3355 2631 3422 Quod
2659 3358 2702 3411 si
2731 3357 3117 3431 obiicias,quia
3146 3358 3229 3414 ius
3251 3357 3380 3414 illud
3403 3359 3566 3415 etiam
3595 3357 3784 3417 babuit
3811 3358 3998 3415 locum

2402 3447 2450 3501 in
2479 3458 2595 3517 eos,
2638 3446 2732 3519 qui
2779 3446 2882 3503 iam
2911 3456 3033 3505 ante
3071 3446 3223 3503 illum
3253 3462 3522 3504 canonem
3548 3454 3874 3521 receperant
3901 3448 4000 3503 be·

2401 3534 2617 3604 nelicia3
2661 3537 2964 3608 respondeo
3011 3535 3258 3610 negando
3307 3545 3686 3609 assumptum,
3725 3538 3858 3611 quia
3906 3537 3996 3594 lex

2399 3640 2506 3683 non
2535 3625 2852 3682 extenditur
2881 3626 2949 3682 ad
2982 3628 3275 3697 praeterita
3304 3643 3398 3698 per
3425 3643 3484 3683 se
3513 3626 3812 3699 loquendo,
3836 3636 3896 3683 et
3921 3627 4001 3682 ibi

2401 3732 2506 3772 non
2543 3714 2854 3791 explicatur
2873 3758 2888 3785 ,
2938 3732 3040 3773 nec
3093 3726 3178 3773 est
3225 3718 3466 3774 extensio
3513 3716 3762 3773 iacienda
3792 3718 3842 3773 in
3873 3716 3998 3792 lege

2399 3808 2608 3881 poenali
2647 3806 2759 3861 sine
2789 3804 3082 3862 sufficienti
3109 3821 3298 3861 causa.
3325 3806 3421 3863 Vel
3449 3813 3600 3862 certe
3630 3805 3672 3861 si
3699 3802 3992 3878 dispositio

2398 3897 2482 3958 illa
2519 3896 2682 3967 habet
2717 3897 2904 3952 locum
2942 3898 3092 3951 circa
3131 3896 3385 3953 beneficia
3417 3896 3570 3967 prius
3600 3904 3852 3969 recepta,
3891 3899 4004 3953 erit

2397 3994 2668 4061 quatenus
2715 4001 2744 4041 a
2793 3994 3034 4057 tempore
3086 3986 3229 4042 illius
3268 3987 3402 4058 legis
3431 3994 3738 4057 coeperunt
3771 3990 3998 4044 retineri

2398 4093 2527 4133 cum
2569 4075 2708 4131 mala
2743 4075 2878 4142 fide,
2919 4082 2974 4131 et
3011 4076 3059 4131 in
3098 4090 3164 4133 ea
3191 4085 3597 4147 perseveratum
3625 4084 3710 4132 est
3736 4091 3836 4149 per
3866 4079 3998 4133 reli-

2397 4182 2562 4240 quam
2591 4172 2799 4237 partem
2827 4166 2948 4220 anni
2980 4166 3126 4221 iuxta
3151 4162 3382 4221 dicenda
3403 4166 3456 4220 in
3490 4166 3740 4239 sequenti
3763 4174 3998 4239 puncto.

2396 4256 2511 4311 Hoc
2540 4257 2706 4327 igitur
2736 4253 2900 4310 modo
2928 4252 3235 4325 explicatus
3265 4254 3578 4327 ille‘canon,
3601 4270 3702 4310 nec
3731 4254 3864 4311 facit
3889 4272 3996 4329 pro

2395 4343 2748 4400 conclusione
2777 4353 2998 4415 quarta,
3030 4358 3130 4398 nec
3160 4343 3343 4399 obstat
3371 4346 3585 4413 tertiae,
3616 4342 3713 4399 sed
3749 4346 4006 4402 continet

2395 4434 2772 4490 limitationem
2809 4432 3034 4489 alterius
3063 4433 3316 4505 rationis3
3359 4448 3484 4489 nam
3513 4432 3716 4500 limitat⁴
3737 4433 3996 4505 modum,

2393 4532 2451 4581 et
2477 4520 2839 4579 conditionem
2867 4520 3178 4579 conferendi
3208 4520 3332 4578 talia
3360 4522 3619 4578 beneficia
3642 4522 3843 4578 talibus
3867 4539 3996 4595 per·

2395 4613 2562 4671 sonis.

2471 4702 2639 4759 Aliter
2675 4714 2804 4758 vero
2843 4707 3033 4773 posset
3070 4704 3266 4773 exponi
3305 4702 3457 4758 iuxta
3485 4702 3704 4759 tertiam
3733 4704 3996 4758 assertio-

2393 4792 2693 4864 nem,illam
2723 4805 2846 4847 esse
2869 4792 3108 4861 poenam'
3129 4791 3433 4863 impositam
3458 4808 3554 4864 pro
3577 4792 3871 4848 omissione
3893 4808 3992 4849 ex·

2395 4891 2546 4939 terna
2575 4880 2932 4957 sacerdotalis
2961 4879 3188 4950 ordinis,
3203 4894 3366 4955 quem
3387 4896 3453 4937 ex
3476 4888 3774 4954 praecepto
3796 4880 3986 4937 divino

2393 4971 2604 5029 definito
2637 4986 2731 5051 per
2753 4969 3058 5027 Ecclesiam
3084 4976 3302 5027 >tenetur
3327 4972 3570 5041 recipere
3591 4972 3734 5027 intra
3755 4985 3992 5043 annum,

2393 5061 2488 5135 qui
2509 5059 2614 5116 tale
2636 5060 2956 5117 beneficium
2979 5060 3194 5132 recipit,
3219 5061 3480 5132 quoniam
3504 5060 3590 5116 illa
3610 5060 3838 5117 omissio
3854 5074 3990 5131 pro-

2391 5150 2558 5207 cessit
2605 5166 2668 5205 ex
2711 5150 2800 5205 tali
2837 5149 3130 5206 intentione
3168 5148 3534 5206 fraudulenta.
3565 5148 3648 5206 Ad
3681 5149 3783 5205 boc
3813 5150 3994 5221 expli·

2393 5238 2630 5296 eandum
2659 5238 2880 5295 adverto
2907 5240 3059 5295 circa
3090 5238 3238 5295 illum
3275 5246 3504 5313 textum,
3538 5238 3606 5295 ibi
3633 5255 3740 5297 non
3771 5240 3986 5310 imponi
