4325 6267
850 299 977 364 234

771 459 904 502 sura
931 441 1240 501 extrinseca
1266 446 1452 498 tenens
1481 456 1539 497 se
1567 435 1970 513 quodammodo
1999 453 2064 495 ex
2093 443 2247 510 parte
2276 437 2371 495 ob·

770 533 897 592 iecti
925 532 1222 592 voluntatis
1251 531 1567 606 superioris.
1596 534 1877 605 Suppono,
1909 544 2218 588 sermonem
2248 545 2369 586 esse

765 623 834 681 de
870 623 988 701 lege
1028 623 1252 697 propria
1277 622 1644 680 constituente
1669 629 1727 678 et
1752 621 2045 686 inducente
2082 619 2367 694 obligatio·-

766 730 926 788 nem3
957 715 1219 789 quoniam
1247 714 1295 770 si
1324 713 1407 770 lex
1436 715 1509 770 sit
1536 718 1750 770 tantum
1775 711 2106 769 declarativa
2132 712 2269 768 iuris
2290 710 2368 768 di-

765 806 880 862 vini
907 810 1004 862 aut
1030 801 1293 862 naturalis
1315 844 1332 877 ,
1363 802 1450 860 illa
1479 808 1596 860 tota
1632 800 1900 873 dependet
1925 817 1991 860 ex
2027 803 2237 858 ratione
2266 816 2367 856 seu

763 911 832 952 ex
868 896 1038 968 priori
1077 894 1230 968 lege3
1282 909 1408 951 nam
1442 893 1508 950 ab
1535 893 1626 950 illa
1653 899 1739 951 est
1764 899 1880 950 tota
1906 885 2054 950 ratio
2077 889 2367 964 obligatio·

766 985 874 1043 nis.
917 986 1006 1043 Sic
1047 1001 1180 1058 ergo
1219 983 1537 1056 conclusio,
1567 983 1890 1056 praesertim
1917 981 2097 1055 quoad
2125 981 2367 1053 priorem

763 1081 997 1148 partem,
1031 1077 1270 1132 sumitur
1296 1090 1362 1131 ex
1389 1072 1604 1131 Bartolo
1631 1080 1690 1130 et
1710 1073 1874 1131 Decio
1903 1087 2072 1145 supra
2096 1070 2359 1144 allegatis.

764 1167 837 1224 Et
863 1164 1179 1224 declaratur
1207 1167 1386 1238 primo
1411 1181 1445 1221 a
1473 1164 1639 1222 simili
1665 1163 1731 1220 de
1754 1163 1988 1222 caeteris
2010 1163 2224 1220 actibus
2246 1177 2362 1218 mo-

757 1255 1002 1330 ralibus3
1034 1271 1160 1314 nam
1187 1254 1316 1313 licet
1342 1253 1645 1327 procedant
1671 1271 1702 1312 a
1733 1255 1903 1312 libero
1932 1254 2181 1326 arbitrio,
2212 1251 2361 1327 quod

758 1353 844 1404 est
857 1347 1152 1404 voluntatis
1175 1353 1233 1405 et
1250 1346 1496 1419 rationis3
1517 1346 1864 1402 nihilominus
1881 1346 2183 1402 exteriores
2202 1348 2361 1400 actus

756 1437 997 1495 morales
1017 1453 1128 1494 non
1150 1437 1574 1494 constituuntur
1593 1435 1894 1493 formaliter
1915 1451 1980 1492 ex
2003 1436 2214 1491 ratione
2231 1450 2361 1506 ope-

753 1525 954 1600 randi,
994 1527 1090 1585 sed
1128 1542 1196 1584 ex
1225 1526 1508 1584 voluntate
1539 1525 1727 1598 libera,
1759 1531 1813 1582 et
1840 1525 2148 1598 operatione
2178 1524 2245 1581 ab
2272 1523 2363 1580 illa

755 1617 1122 1692 procedente:
1167 1619 1308 1674 ratio
1335 1632 1466 1675 vero
1493 1633 1552 1674 se
1578 1603 1744 1674 habet
1769 1623 1834 1674 ut
1859 1631 2087 1674 movens
2116 1631 2183 1673 ex
2208 1620 2359 1689 parte

757 1708 995 1777 obiecti,
1036 1713 1092 1766 et
1125 1714 1193 1765 ut
1227 1706 1420 1782 regula
1458 1721 1524 1764 ac
1560 1722 1823 1764 mensura
1852 1707 1976 1764 talis
2005 1707 2353 1780 operationis.

755 1799 845 1856 Sic
887 1799 1050 1857 etiam
1092 1805 1318 1871 votum,
1361 1797 1490 1855 licet
1530 1799 1914 1870 praerequirat
1960 1798 2226 1855 rationem
2266 1795 2359 1852 ali-

754 1904 920 1964 quam
944 1895 1252 1947 moventem
1275 1889 1344 1946 ad
1365 1887 1699 1960 vovendum,
1727 1895 1909 1947 tamen
1932 1887 2233 1945 formaliter
2251 1903 2359 1944 non

753 1980 1038 2054 consistit,
1077 1979 1180 2036 nisi
1204 1981 1260 2036 in
1288 1979 1646 2052 promissione
1674 1986 1738 2037 ut
1764 1979 2058 2038 coniuncta
2089 1978 2356 2036 voluntati

753 2086 815 2126 se
843 2069 1139 2144 obligandi,
1183 2086 1281 2128 seu
1317 2068 1692 2144 promittendi.
1723 2071 1806 2128 lta
1832 2085 1966 2144 ergo
1994 2069 2061 2126 de
2087 2070 2205 2144 lege
2234 2085 2357 2127 sen-

755 2161 1004 2219 tiendum
1045 2169 1149 2219 est.
1183 2163 1418 2220 Ratione
1441 2163 1573 2218 item
1601 2159 1890 2233 suadetur,
1920 2163 2050 2234 quia
2075 2163 2214 2218 ratio
2240 2176 2357 2217 mo-

751 2267 908 2326 vens,
929 2250 1300 2326 legislatorem
1333 2259 1420 2309 est
1448 2250 1583 2325 quid
1609 2250 1931 2309 antecedens
1957 2251 2031 2308 ad
2059 2252 2268 2326 legem,
2301 2258 2358 2308 et

752 2358 855 2416 per
893 2359 954 2400 se
992 2359 1102 2400 non
1138 2343 1302 2400 babet
1325 2343 1595 2400 rationem
1621 2343 1886 2399 moventis
1913 2341 2113 2416 alium,
2143 2342 2355 2399 scilicet

759 2433 1065 2509 subditum,
1097 2434 1193 2492 sed
1222 2433 1288 2492 ad
1317 2449 1598 2491 summum
1625 2439 1828 2505 movet,
1853 2440 1910 2491 et
1933 2433 2142 2490 inducit
2172 2435 2352 2505 ipsum

751 2526 1142 2604 legislatorem,
1173 2532 1237 2584 ut
1265 2525 1440 2600 legem
1467 2527 1630 2598 serat,
1661 2541 1774 2599 qua
1801 2530 2019 2582 moveat
2047 2523 2345 2598 subditum3

747 2633 883 2694 ergo
911 2620 1054 2675 ratio
1092 2617 1226 2690 legis
1267 2617 1561 2674 intrinsece
1589 2632 1700 2675 non
1730 2615 2038 2688 constituit,
2067 2630 2171 2672 nec
2200 2631 2351 2671 com-

749 2708 906 2780 ponit
943 2710 1118 2780 ipsam
1155 2707 1350 2780 legem.
1391 2707 1781 2777 Confirmatur,
1812 2713 1868 2764 et
1893 2705 2208 2775 declaratur
2236 2721 2351 2762 am-

749 2796 928 2871 plius,
969 2798 1097 2870 quia
1133 2797 1466 2854 subsistente
1503 2801 1619 2853 tota
1655 2796 1866 2853 ratione
1907 2796 2075 2870 legis,
2105 2801 2214 2853 stat
2240 2812 2347 2852 non

751 2890 908 2962 sequi
949 2889 1156 2964 legem,
1199 2891 1328 2962 quia
1367 2889 1624 2962 princeps
1653 2903 1758 2944 non
1788 2886 1908 2944 vult
1935 2886 2242 2944 secundum
2267 2893 2361 2943 ta·-

751 2979 860 3038 lem
899 2981 1166 3036 rationem
1209 2980 1459 3052 operari-5
1487 2993 1518 3034 e
1547 2979 1825 3035 contrario
1855 2993 2016 3049 vero,
2048 2982 2225 3034 stante
2254 2993 2351 3034 vo-

743 3069 957 3129 luntate
985 3068 1246 3143 principis
1275 3068 1510 3142 efficaci,
1543 3068 1725 3125 statim
1753 3070 1977 3138 ponitur
2006 3067 2115 3138 lex,
2147 3068 2276 3142 quia
2304 3068 2349 3124 si

744 3159 1004 3218 voluntas
1041 3167 1127 3218 est
1159 3159 1392 3232 efficax,
1431 3161 1618 3216 statim
1655 3174 1714 3216 se
1751 3159 2020 3231 insinuat,
2053 3161 2251 3232 suique
2278 3156 2349 3214 si-

746 3267 918 3325 gnum
960 3251 1208 3324 exbibet3
1248 3266 1382 3323 ergo
1417 3251 1557 3307 ratio
1595 3250 1731 3325 legis
1769 3267 1876 3309 non
1911 3253 1986 3308 ita
2021 3253 2252 3324 pertinet
2278 3250 2347 3308 ad

745 3342 980 3400 formam
1010 3341 1164 3414 legis,
1199 3343 1350 3398 sicut
1375 3340 1654 3399 voluntas.

828 3435 881 3492 7.
913 3434 1100 3490 Dices:
1134 3433 1210 3489 De
1259 3433 1496 3489 essentia
1534 3429 1664 3503 legis
1701 3437 1819 3502 est,
1851 3437 1915 3488 ut
1941 3433 2011 3489 sit
2036 3432 2343 3489 secundum

747 3526 1049 3597 rationem,
1089 3538 1218 3580 nam
1261 3523 1306 3578 si
1336 3522 1404 3577 sit
1441 3521 1850 3593 irrationabiliS,
1880 3537 1988 3579 non
2017 3529 2103 3578 est
2129 3521 2249 3595 lex,
2281 3530 2345 3579 ut

659 3599 664 3606 ’
750 3631 922 3689 supra
955 3614 1135 3670 visum
1172 3619 1288 3683 est,
1329 3627 1463 3684 ergo
1505 3612 1642 3668 ratio
1683 3611 1867 3685 aliqua
1893 3611 2025 3686 legis
2053 3619 2139 3668 est
2166 3613 2231 3670 de
2258 3629 2344 3668 es-

748 3705 924 3762 sentia
955 3706 1099 3762 eius.
1128 3704 1514 3769 Contirmatiir,
1539 3718 1603 3759 ac
1626 3701 1969 3775 declaratur3
1995 3719 2118 3759 nam
2141 3702 2343 3776 duplex

747 3812 870 3853 esse
913 3800 1097 3869 potest
1137 3795 1273 3850 ratio
1313 3793 1481 3866 legis:
1525 3808 1690 3851 unam
1731 3808 2028 3864 possumus
2069 3792 2341 3866 appellare

717 3903 720 3908 ·
745 3894 964 3945 tantum
995 3886 1278 3954 motivam,
1309 3883 1532 3941 alteram
1562 3900 1672 3941 non
1703 3891 1914 3940 tantum
1943 3885 2221 3956 motivam,
2244 3884 2339 3941 sed

743 3979 911 4050 etiam
927 3976 1340 4036 constitutivam
1363 3973 1516 4048 legis.
1533 3973 1683 4031 Prior
1703 3981 1790 4030 est
1808 3976 2137 4046 extrinseca,
2155 3980 2213 4031 et
2232 3974 2339 4031 dici

741 4077 928 4144 potest
950 4069 1106 4142 quasi
1131 4065 1430 4140 personalis
1455 4065 1589 4122 ratio
1611 4065 1784 4137 ipsius
1811 4065 2160 4138 legislatoris;
2191 4073 2249 4122 et
2272 4064 2339 4122 de

741 4160 834 4218 illa
856 4160 1072 4216 clarum
1099 4166 1184 4216 est
1211 4174 1319 4214 non
1347 4157 1621 4228 pertinere
1649 4152 1717 4226 ad
1744 4155 1976 4212 sormam
2005 4155 2141 4230 legis
2162 4197 2178 4229 ,
2209 4155 2339 4229 quia

743 4265 848 4308 nec
893 4265 989 4322 per
1032 4266 1090 4306 se
1130 4255 1214 4305 est
1241 4246 1552 4304 necessaria
1591 4243 1656 4301 ad
1698 4244 1862 4304 illam.
1894 4246 2218 4308 Huiusmodi
2257 4253 2343 4304 est

742 4357 798 4397 v.
817 4356 870 4413 g.
890 4340 944 4399 in
957 4345 1252 4411 praecepto
1276 4336 1459 4393 ieiunii
1480 4333 1731 4408 corporis
1753 4336 2069 4408 maceratio,
2083 4336 2168 4393 vel
2193 4352 2338 4395 mor-

740 4426 1088 4500 tificatio,vel
1117 4427 1418 4485 satisfactio
1447 4441 1548 4498 pro
1569 4426 1834 4499 peccatis,
1869 4431 1927 4483 et
1945 4426 2158 4500 similia,
2192 4443 2335 4501 quae

743 4534 966 4576 movere
990 4523 1223 4590 possunt
1249 4516 1631 4590 legislatorem,
1656 4531 1752 4588 per
1774 4532 1831 4572 se
1859 4523 2041 4574 tamen
2071 4533 2179 4572 non
2208 4523 2339 4574 sunt

742 4606 1148 4682 necessariaoad
1170 4607 1612 4664 constitutionem
1637 4607 1754 4663 talis
1780 4606 1934 4680 legis.
1966 4607 2121 4665 Unde
2144 4607 2335 4665 eadem

742 4697 830 4756 lex
861 4704 1042 4770 posset
1062 4697 1193 4754 serri
1216 4697 1328 4752 sine
1359 4695 1441 4751 his
1469 4696 1704 4768 motivis,
1727 4703 1784 4752 et
1805 4697 1871 4752 ab
1893 4713 2002 4753 uno
2026 4698 2334 4771 legislatore

741 4789 873 4847 ferri
902 4795 1087 4860 potest
1116 4792 1342 4859 propter
1371 4802 1567 4858 unum,
1597 4793 1653 4842 et
1679 4785 1746 4842 ab
1773 4786 1875 4843 alio
1905 4791 2128 4859 propter
2157 4787 2329 4861 aliud,

741 4893 874 4935 cum
897 4882 1081 4934 tamen
1102 4876 1187 4933 lex
1211 4877 1281 4931 sit
1308 4874 1516 4933 eadem.
1542 4876 1656 4933 lmo
1681 4874 1951 4933 interdum
1975 4884 2152 4948 potest
2173 4877 2334 4952 legis-

741 4967 884 5025 lator
906 4967 1112 5024 moveri
1133 4982 1199 5024 ex
1225 4967 1429 5022 motivo
1452 4966 1696 5040 pri-vato,
1721 4964 1800 5022 vel
1825 4965 2147 5041 rationabili,
2168 4977 2226 5024 et
2245 4969 2331 5025 lex

741 5057 1090 5114 nihilominus
1117 5058 1223 5114 erit
1242 5054 1454 5129 valida,
1481 5057 1525 5112 si
1553 5071 1618 5112 ex
1647 5072 1750 5113 sua
1777 5056 2001 5114 materia
2031 5063 2087 5113 et
2114 5057 2331 5120 obiecto

739 5145 1071 5205 rationabilis
1101 5148 1193 5218 sit3
1219 5144 1285 5202 de
1315 5145 1418 5202 hac
1443 5161 1576 5218 ergo
1603 5149 1815 5204 ratione
1844 5148 2150 5226 estrinseca
2181 5159 2330 5210 recte

741 5236 1055 5316 procedunt
1081 5237 1260 5297 omnia
1291 5237 1457 5297 dicta.
1489 5236 1606 5296 Alia
1631 5253 1762 5296 vero
1787 5238 1929 5297 ratio
1958 5246 2044 5298 est
2070 5240 2327 5300 intrinse-

2226 310 2429 362 LIBER
2455 310 2561 360 111.

2440 454 2527 510 ca,
2560 443 2616 496 et
2640 441 2995 499 constitutiva
3025 441 3182 517 legis,
3213 459 3355 518 quae
3382 451 3563 518 potest
3588 445 3695 504 dici
3723 449 3866 506 ratio
3899 448 4031 506 iuri-

2438 526 2591 602 dica,
2619 534 2675 586 et
2702 529 2835 587 baec
2865 530 3080 589 videtur
3106 548 3227 590 esse
3254 532 3321 590 de
3348 538 3585 593 essentia
3615 536 3773 612 legis,
3798 555 3865 595 ac
3896 541 4027 596 sub-

2438 618 2558 675 inde
2585 621 2760 692 ipsius
2790 621 2997 694 forma,
3027 624 3156 697 quia
3184 624 3469 684 constituit
3496 626 3677 698 illam,
3706 628 3779 686 ita
3820 635 3885 687 ut
3914 632 4027 689 sine

2434 708 2529 765 illa
2563 725 2684 767 esse
2715 727 2818 768 non
2848 713 3042 784 possit.
3073 715 3143 771 Ut
3168 715 3222 769 in
3250 713 3397 771 dicto
3425 716 3672 789 exemplo
3701 717 3768 775 de
3797 717 3917 792 lege
3946 722 4025 776 ie-

2436 798 2567 855 iunii
2606 802 2741 856 ratio
2778 802 3081 860 intrinseca
3108 810 3214 875 est,
3248 805 3511 890 quod-ille
3542 814 3700 865 actus
3727 817 3811 867 est
3838 826 3939 883 per
3967 827 4027 868 se

2436 892 2786 965 conveniens,
2804 899 2861 949 et
2878 894 3165 950 continens
3185 893 3624 956 mediocritatem
3646 901 3865 957 virtutis
3888 908 4025 958 tem-

2433 981 2732 1054 perantiae,
2764 993 2821 1040 et
2848 983 2925 1040 sic
2954 983 3021 1040 de
3050 983 3199 1057 aliis;
3232 1001 3365 1060 ergo
3394 1003 3503 1044 non
3528 991 3683 1046 estin
3706 993 4023 1050 universum
4044 989 4057 998 ’

2433 1085 2658 1143 verum,
2692 1074 2962 1131 rationem
2994 1074 3125 1149 legis
3154 1092 3261 1133 non
3288 1092 3408 1134 esse
3439 1078 3666 1137 sormam
3696 1082 3837 1140 eius.

2513 1168 2565 1221 8.
2599 1163 2919 1235 Respondet)
2944 1206 2959 1237 ,
2991 1164 3099 1222 hac
3129 1165 3432 1226 obiectione
3462 1168 3728 1228 declarari
3752 1174 4022 1244 posterio-

2432 1266 2551 1308 rem
2594 1260 2805 1325 partem
2847 1257 3187 1314 assertionis.
3230 1260 3365 1315 Nam
3394 1259 3445 1315 in
3474 1259 3573 1316 bac
3602 1264 3807 1319 ratione
3833 1264 4024 1320 intrin-

2431 1356 2559 1399 seca
2584 1342 2717 1416 legis
2742 1342 2855 1401 duo
2878 1347 3117 1418 spectari
3142 1355 3403 1418 possunt:
3433 1366 3605 1409 unum
3632 1359 3719 1408 est
3740 1351 4018 1428 honestas,

2430 1432 2515 1490 vel
2554 1435 2968 1509 convenientia,
3000 1453 3142 1509 quae
3178 1440 3508 1511 supponitur
3544 1441 3595 1498 in
3638 1445 3869 1500 materia
3906 1443 4017 1515 illa,

2428 1523 2515 1580 vel
2546 1529 2715 1597 actu,
2748 1535 2911 1598 quem
2940 1528 3206 1600 praecipit
3232 1529 3316 1586 lex
3346 1532 3710 1607 praecipiens,
3741 1549 3838 1591 seu
3868 1537 4021 1590 mali-

2429 1615 2537 1682 tia,
2566 1622 2664 1671 aut
2700 1614 3193 1688 disconvenientia,
3227 1631 3378 1692 'quae
3410 1624 3739 1694 supponitur
3766 1624 3821 1680 in
3846 1631 4019 1681 mate-

2424 1705 2505 1762 ria
2534 1703 2663 1778 legis
2692 1705 3051 1782 prohibentis;
3084 1708 3230 1766 aliud
3255 1717 3340 1769 est
3368 1712 3552 1770 lumen
3580 1714 3780 1786 ipsum,
3812 1723 3869 1774 et
3902 1714 4017 1772 dis-

2422 1811 2626 1853 cursus
2668 1796 2977 1855 intellectus
3018 1799 3525 1873 ostendenstalem
3558 1807 4013 1878 convenientiam,

2424 1885 2513 1942 vel
2556 1886 3075 1947 disconvenientiam
3118 1892 3173 1947 in
3217 1892 3311 1948 tali
3350 1897 3612 1969 materia,
3655 1897 3737 1953 vel
3767 1903 3931 1972 actu,
3960 1906 4020 1956 et

2425 1983 2664 2052 utroque
2696 1978 2859 2038 modo
2898 1979 3167 2055 fatemur,
3199 1984 3465 2042 rationem
3492 2001 3614 2042 esse
3644 1990 4015 2046 necessariam

2418 2068 2491 2130 ad
2519 2069 2733 2144 legem,
2764 2071 2890 2146 quia
2927 2072 3088 2130 debet
3122 2089 3242 2132 esse
3272 2075 3605 2133 rationabilis
3632 2084 3689 2134 et
3715 2080 3883 2135 iusta.
3912 2081 4018 2136 Ve-

2422 2168 2733 2223 rumtamen
2766 2171 2965 2220 neutro
2992 2163 3155 2221 modo
3185 2167 3472 2224 concurrit
3498 2169 3637 2226 ratio
3666 2185 3763 2242 per
3790 2169 4015 2230 modum

2421 2250 2629 2308 formae
2667 2253 3054 2310 constitutivae
3082 2253 3249 2328 legis;
3280 2272 3407 2313 nam
3444 2259 3615 2331 priori
3642 2259 3801 2319 modo
3833 2278 3893 2319 se
3920 2262 4017 2319 ha-

2422 2341 2516 2399 bet
2542 2347 2607 2398 ut
2632 2342 2939 2413 obiectum,
2969 2351 3026 2402 et
3051 2344 3220 2402 veluti
3250 2348 3387 2405 ratio
3406 2389 3421 2418 ,
3454 2348 3557 2405 sub
3586 2365 3725 2422 qua,
3758 2354 4015 2410 materiae

2420 2432 2698 2504 proximae
2721 2431 2857 2506 legis
2876 2452 2890 2504 3
2918 2435 3182 2507 praecipit
3200 2438 3343 2493 enim
3366 2437 3451 2495 lex
3472 2445 3661 2496 actum
3682 2443 4011 2499 convenien-

2420 2505 2561 2592 tem',
2602 2529 2659 2578 et
2699 2522 2950 2594 probibet
2976 2523 3505 2584 disconvenientem:
3547 2527 3637 2585 illa
3662 2537 3845 2588 autem
3875 2534 4013 2589 ratio

2419 2614 2827 2670 convenientiae
2856 2614 2939 2672 vel
2965 2614 3460 2675 disconvenientiae
3484 2618 3783 2678 obiectivae
3806 2637 4013 2694 suppo-

2418 2704 2565 2774 nitur
2592 2704 2647 2758 in
2676 2703 2763 2760 illa
2792 2705 3039 2779 materia,
3071 2713 3125 2763 et
3152 2707 3256 2764 sub
3276 2707 3364 2765 illa
3388 2709 3747 2784 praecipitur,
3772 2711 3859 2769 vel
3881 2729 4009 2784 pro-

2416 2793 2664 2865 hibetur,
2706 2801 2793 2852 est
2834 2810 2962 2868 ergo
2999 2796 3137 2852 ratio
3176 2796 3440 2855 obiectiva
3477 2800 3640 2873 legis,
3683 2808 4008 2859 nontamen

2417 2883 2716 2941 formaliter
2738 2887 3081 2943 constituens
3102 2885 3296 2960 legem.
3314 2889 3609 2947 Posteriori
3638 2899 3821 2948 autem
3844 2892 4011 2950 modo

2417 2976 2555 3032 ratio
2595 2976 2773 3033 solum
2802 2982 2891 3034 est
2917 2977 3192 3034 ostensiva
3218 2978 3339 3035 talis
3367 2983 3643 3054 materiae,
3672 2988 3729 3039 et
3756 2985 4009 3056 proprie·-

2417 3073 2593 3123 tatum
2621 3067 2763 3138 eiuS,
2794 3073 2847 3124 et
2872 3063 3278 3141 consequenter
3304 3078 3387 3128 est
3412 3071 3673 3131 directiva
3699 3075 4005 3133 voluntatis

2418 3154 2761 3228 legislatoris,
2793 3163 2849 3214 et
2876 3157 2951 3214 ita
2981 3173 3040 3212 se
3070 3156 3253 3229 habet,
3286 3167 3349 3218 ut
3376 3162 3588 3234 regula,
3620 3180 3720 3222 seu
3748 3181 4011 3222 mensura

2414 3247 2727 3302 extrinseca
2755 3246 2887 3319 legis
2915 3247 3095 3320 quoad
3127 3248 3382 3306 iustitiam
3410 3258 3469 3308 et
3501 3252 3833 3311 honestatem
3864 3255 4005 3324 eius,

2414 3352 2523 3393 non
2566 3352 2696 3394 vero
2736 3343 2799 3393 ut
2836 3337 3131 3397 intrinseca
3168 3338 3363 3397 forma.
3405 3343 3587 3416 Atque
3624 3360 3689 3401 ex
3718 3344 3801 3400 his
3830 3345 4009 3402 multa

2414 3434 2649 3501 possunt
2690 3428 2875 3485 inferri
2910 3427 2976 3485 de
3019 3428 3210 3501 modo,
3256 3447 3365 3503 quo
3405 3432 3543 3489 ratio
3572 3433 3704 3508 legis
3732 3435 3820 3492 vel
3850 3451 4007 3492 mens

2412 3516 2737 3592 legislatoris
2781 3517 3032 3574 conferre
3074 3521 3289 3590 possint
3328 3521 3394 3576 ad
3423 3520 3834 3596 intelligendum
3865 3525 4001 3599 legis

2410 3607 2657 3680 vigorem
2678 3613 2735 3662 et
2756 3606 3159 3680 obligationem.
3184 3608 3288 3666 Sed
3313 3609 3414 3666 hae
3438 3615 3824 3671 tractabuntur
3848 3630 4007 3672 com·

2412 3697 2629 3755 modius
2650 3698 2704 3754 iu
2727 3697 2823 3755 lib.
2837 3699 2976 3756 vul.
2990 3698 3279 3758 tractando
3294 3701 3362 3758 de
3378 3701 3824 3775 interpretatione
3842 3705 4005 3781 legis.

2950 3889 3228 3962 CAPUT
3272 3892 3453 3964 XXI.

2547 4088 2760 4147 Utrum
2788 4083 2885 4144 lex
2910 4085 3099 4144 civilis
3117 4091 3311 4162 possit
3336 4088 3598 4150 subditos
3625 4092 3889 4169 obliqare

2878 4179 2940 4234 in
2966 4179 3362 4236 conscientiae
3370 4177 3534 4252 foro.

2936 4336 3469 4424 summarium

2407 4546 2457 4598 1.
2486 4543 2613 4608 Quid
2633 4546 2701 4597 sit
2720 4543 2907 4597 forum.
2928 4571 2999 4583 ——
3014 4547 3226 4611 Duplex:
3250 4549 3655 4602 ecclesiasticum
3674 4558 3727 4604 et
3745 4553 4006 4606 civile.—

2473 4616 2524 4666 2.
2552 4617 2812 4667 Sententia
2832 4629 3043 4680 neganS,
3063 4619 3395 4682 magistratus
3414 4621 3591 4672 civiles
3612 4636 3703 4686 per
3723 4625 3862 4690 leges
3882 4639 4004 4677 suas

2474 4687 2703 4750 obligare
2738 4688 2790 4737 in
2816 4688 3145 4738 conscientia.
3174 4716 3243 4724 —
3267 4689 3320 4740 3.
3346 4690 3451 4740 Lex
3476 4691 3691 4742 bumana
3716 4695 3886 4745 civilis
3913 4696 4006 4745 ha-

2474 4757 2564 4808 het
2600 4758 2701 4807 vim
2733 4763 2787 4807 et
2821 4757 3093 4806 efficaciam
3124 4759 3383 4821 obligandi
3417 4761 3471 4810 in
3494 4765 3825 4814 conscientia.
3850 4793 3925 4801 —
3948 4767 4002 4815 4.

2475 4827 2761 4892 Legislator
2792 4827 2959 4878 civilis
2992 4825 3093 4876 sert
3130 4827 3294 4890 legem
3327 4837 3385 4880 ut
3414 4832 3648 4882 minister
3673 4833 3794 4896 Dei,
3828 4841 3883 4884 et
3909 4849 4004 4899 per

2471 4903 2773 4962 potestatem
2798 4897 2863 4946 ab
2898 4909 2961 4946 eo
2994 4903 3270 4960 acceptam.
3298 4925 3368 4936 —
3393 4900 3444 4950 5.
3472 4901 3556 4952 lus
3580 4901 3807 4954 divinum
3832 4913 3887 4955 et
3914 4917 4005 4954 na-

2474 4969 2641 5018 turale
2663 4967 2879 5028 dictant,
2907 4966 3179 5016 servandas
3201 4981 3311 5018 esse
3338 4970 3479 5033 leges
3496 4973 3689 5036 positas
3704 4987 3733 5022 a
3753 4974 4001 5037 legitimis

2474 5037 2809 5103 principibus.
2835 5062 2903 5072 -
2930 5035 3232 5086 Occurritur
3253 5037 3428 5090 dubio.
3455 5067 3523 5077 —
3550 5044 3603 5094 6.
3625 5043 3893 5095 Praedicta
3913 5059 4003 5109 po-

2468 5115 2625 5159 testas
2660 5113 2740 5156 est
2766 5106 3049 5155 necessaria
3075 5105 3139 5155 ad
3163 5110 3547 5160 convenientem
3572 5115 4001 5175 gubernationem
4020 5127 4041 5156 ἱ

2468 5175 2783 5240 reipublicae
2816 5174 3081 5226 humanae.
3106 5202 3178 5212 —
3204 5176 3253 5228 7.
3283 5178 3536 5239 Quomodo
3559 5183 3851 5246 explicetur
3874 5186 4001 5236 Ger-

2469 5247 2607 5300 souis
2629 5247 2829 5312 opinio,
2864 5252 2918 5298 et
2950 5257 3051 5312 qua
3086 5251 3301 5300 censura
3333 5249 3403 5301 sit
3428 5248 3603 5316 digna.
3627 5276 3699 5292 ·-
3722 5255 3775 5308 8.
3804 5255 4001 5323 Duplex
