4325 6267
1788 318 1999 371 carm·
2024 322 2118 373 lv,

315 450 515 507 Pasce
540 461 673 505 oves
698 460 883 511 meas,
915 448 1061 520 quod
1090 447 1353 521 pertinuit
1374 448 1444 506 ad
1471 447 1803 522 singularem
1830 445 1913 505 di-

314 540 583 613 gnitatem
640 538 793 609 eius3
834 545 1027 610 postea
1063 554 1197 597 vero
1234 539 1439 597 iterum
1478 538 1657 613 quoad
1707 554 1911 597 munus

318 628 661 701 apostolatus
680 628 815 686 dixit
834 628 1105 687 omnibus:
1128 633 1353 687 Eunus
1374 632 1437 686 in
1460 627 1759 686 mundum
1776 632 1913 687 uni-

314 736 553 777 versam
570 717 921 795 praedicate
940 718 1441 795 magellanae.
1456 720 1645 777 Matth.
1662 734 1789 792 cap.
1806 719 1907 778 ult.

316 811 568 869 Potestas
594 825 725 882 ergo
754 807 1148 883 apostolorum,
1178 816 1235 867 et
1260 808 1558 867 iurisdictio
1586 809 1827 883 illorum,
1851 816 1917 869 ut

317 901 457 959 tales
476 907 657 972 erant,
674 916 785 958 non
804 900 909 958 suit
930 900 1007 958 ab
1032 902 1161 977 ipso
1179 902 1361 969 Petro,
1384 900 1547 957 etiam
1567 898 1756 957 ordine
1778 905 1917 957 tem-

316 992 503 1067 poris,
538 1006 648 1048 non
672 1006 801 1063 ergo
832 992 889 1047 in
915 990 1021 1049 hoc
1042 1006 1208 1049 sensu
1238 988 1457 1048 locutus
1478 990 1917 1063 estLeo.Neque

320 1098 421 1156 per
446 1082 590 1140 illam
617 1081 943 1154 particulam
982 1080 1059 1139 ab
1095 1084 1223 1157 ipso
1244 1080 1409 1138 refert
1427 1080 1599 1138 solam
1620 1096 1911 1154 personam

318 1174 492 1246 Petri,
508 1170 603 1229 sed
622 1171 783 1229 etiam
806 1188 935 1229 cum
948 1173 1291 1245 proportione
1302 1171 1369 1231 ad
1380 1187 1513 1229 suos
1534 1186 1910 1244 successores,

316 1270 385 1321 ut
415 1269 635 1322 constat
659 1278 727 1319 ex
760 1268 1044 1321 contextu.
1074 1264 1231 1320 Prius
1256 1262 1400 1320 enim
1425 1261 1579 1335 dicit,
1606 1263 1913 1321 Christum

314 1356 643 1412 mmivrwm
670 1356 763 1410 ita
792 1352 1104 1412 ordinasse
1122 1350 1527 1427 apostolorum
1539 1350 1825 1425 officium,
1846 1356 1917 1409 ut

310 1446 379 1500 in
412 1444 747 1501 beatisstmo
764 1446 941 1501 Petro
968 1442 1369 1519 apostolorum
1394 1446 1659 1500 omnium
1684 1458 1915 1500 summo

306 1532 732 1609 principaliter
768 1532 1115 1591 collocaret.
1144 1534 1243 1592 Ubi
1270 1550 1379 1592 non
1414 1532 1553 1591 dixit
1588 1534 1741 1605 prius
1776 1540 1912 1591 tem-

316 1636 472 1695 pore,
496 1624 591 1682 sed
615 1622 1010 1697 principaliter,
1035 1624 1162 1698 quia
1184 1624 1441 1682 nimirum
1458 1626 1515 1681 in
1537 1622 1625 1681 illo
1649 1629 1912 1697 tanquam

312 1716 371 1769 in
398 1718 577 1787 capite
604 1722 662 1772 et
686 1714 962 1772 ordinario
990 1722 1241 1788 pastore,
1270 1715 1362 1773 cui
1387 1712 1799 1772 succedendum
1826 1728 1913 1771 es-

315 1813 433 1879 set,
464 1806 519 1863 in
546 1806 659 1863 aliis
686 1820 817 1862 vero
856 1812 1117 1879 tanquam
1144 1808 1199 1863 in
1224 1804 1421 1879 legatis
1444 1803 1677 1862 vitalitiis
1698 1847 1714 1879 ,
1746 1812 1810 1863 ut
1834 1807 1915 1862 sic

313 1895 523 1967 dicam,
555 1896 801 1953 officium
830 1895 965 1953 illud
1000 1895 1312 1953 collocavit.
1344 1896 1415 1953 Et
1452 1894 1594 1953 addit
1652 1895 1914 1953 rationem

313 1992 371 2045 et
394 2001 647 2059 causam,
672 1991 743 2043 ut
767 1986 849 2044 ab
879 1989 1027 2061 ipso,
1060 1985 1113 2043 id
1140 1992 1225 2045 est
1250 2002 1351 2060 per
1376 1986 1579 2059 ipsum,
1609 1984 1773 2045 dona
1796 2002 1915 2045 sua

314 2075 697 2151 diffunderet,
730 2093 835 2133 non
862 2076 914 2132 in
944 2075 1243 2149 apostolos3
1268 2079 1379 2135 iam
1404 2076 1551 2134 enim
1572 2076 1639 2135 de
1666 2076 1913 2134 illis‘non

316 2169 594 2226 tractabat
611 2208 627 2239 ,
658 2165 763 2224 sed
786 2170 853 2223 in
880 2182 1099 2242 corpus
1125 2184 1325 2230 omne,
1357 2183 1467 2224 non
1495 2182 1605 2223 uno
1644 2172 1909 2239 tempore,

312 2258 414 2316 sed
440 2264 739 2331 perpetu03
771 2258 892 2315 ideo
918 2256 1064 2314 enim
1092 2256 1264 2316 voluit
1289 2256 1611 2331 dignitatem
1640 2256 1782 2313 illam
1812 2258 1911 2315 Pe·

312 2352 385 2407 tri
432 2365 555 2407 esse
599 2354 954 2423 perpetuam,
994 2353 1058 2406 ut
1100 2364 1200 2420 per
1225 2350 1449 2406 Petrum
1475 2355 1534 2405 et
1558 2362 1914 2406 successores

268 2496 281 2505 ,
310 2441 431 2499 eius
460 2440 637 2499 omnis
659 2439 763 2496 alia
786 2445 1027 2509 potestas
1048 2439 1117 2496 ad
1138 2438 1273 2496 alios
1300 2437 1716 2497 diffunderetur.

402 2536 489 2591 13.
520 2530 775 2589 Secundo
801 2535 985 2602 potest
1010 2528 1227 2602 adiungi
1254 2531 1417 2600 ratio,
1442 2535 1499 2587 et
1524 2528 1909 2603 congruentia,

314 2622 450 2696 quia
479 2621 566 2679 bic
592 2621 793 2679 modus
818 2620 1169 2678 institutionis
1190 2625 1278 2677 est
1304 2623 1477 2693 magis
1504 2627 1911 2679 consentaneus

312 2712 589 2784 perfectae
614 2710 981 2780 monarchiae,
1000 2710 1220 2784 qualem
1242 2726 1363 2768 esse
1382 2710 1583 2768 Christi
1602 2710 1911 2768 Ecclesiam

312 2802 573 2860 catholici
600 2800 929 2875 intelligunt.
952 2803 1089 2858 item
1118 2808 1205 2858 est
1232 2800 1625 2875 congruentior
1655 2800 1720 2859 ad
1744 2803 1911 2858 maio-

310 2908 432 2951 rem
460 2892 717 2950 unionem
744 2892 1119 2951 membrorum
1146 2893 1387 2949 omnium
1404 2933 1420 2962 ,
1450 2884 1615 2949 etiam
1640 2893 1913 2964 principa-

310 2984 449 3042 lium
478 2998 609 3041 cum
640 2998 743 3040 suo
772 2984 981 3055 capite,
1010 2989 1068 3041 et
1101 2981 1484 3055 perfectiorem
1512 2980 1911 3039 subordinatio-

312 3091 475 3148 nem,
516 3079 573 3132 et
608 3078 1010 3148 consequenter
1058 3075 1322 3131 maiorem
1362 3072 1643 3131 Ecclesiae
1689 3088 1905 3148 pacem,

306 3180 444 3238 ergo
472 3166 663 3223 merito
703 3163 1012 3237 credimus,
1042 3165 1117 3221 its
1157 3164 1328 3221 fuisse
1355 3164 1663 3222 Ecclesiam
1694 3154 1724 3221 a
1752 3164 1911 3222 Chri-

308 3264 399 3313 sto
442 3256 769 3314 institutam.
797 3255 1123 3313 Praesertim
1163 3254 1291 3328 quia
1330 3254 1398 3312 de
1437 3254 1677 3329 supremi
1715 3255 1907 3328 capitis

306 3346 643 3405 institutione
672 3361 803 3403 cum
844 3345 1176 3417 plenitudine
1215 3347 1531 3418 potestatis,
1560 3354 1617 3402 et
1657 3345 1909 3403 absoluta

305 3435 570 3510 pastorali
596 3451 737 3493 cura
764 3435 877 3492 sine
915 3434 1026 3493 ulla
1052 3435 1367 3493 limitatione
1394 3441 1615 3494 constat
1648 3450 1907 3509 expresse

304 3544 375 3586 ex
415 3526 729 3600 evangeli03
772 3525 839 3584 de
878 3531 1149 3599 potestate
1192 3532 1376 3583 autem
1418 3525 1733 3585 immediate
1782 3526 1907 3583 data

303 3619 427 3676 aliis
451 3617 705 3689 praelatis
724 3659 739 3688 ,
766 3615 968 3689 quibus
1008 3621 1275 3687 perpetuo
1326 3616 1721 3673 succederetur
1747 3632 1815 3674 ex
1852 3618 1906 3673 vi

302 3708 549 3767 eiusdem
594 3707 937 3775 donationis,
969 3722 1075 3763 non
1108 3712 1329 3763 constat
1350 3722 1417 3763 ex
1454 3706 1764 3781 evangelio,
1793 3708 1905 3765 imo

302 3815 485 3873 neque
529 3796 745 3871 aliquod
794 3796 911 3853 eius
950 3796 1214 3853 indicium
1251 3796 1547 3867 reperitur.
1576 3798 1645 3855 Et
1685 3796 1902 3857 aliunde

301 3906 369 3947 ex
395 3906 507 3947 usu
541 3886 721 3961 colligi
758 3892 971 3959 potest,
1010 3886 1337 3944 mutationes
1364 3894 1419 3943 et
1454 3889 1761 3945 erectiones
1786 3888 1897 3961 epi-

300 3986 635 4052 scopatuum
667 3975 737 4034 ad
766 3992 1057 4035 romanum
1075 3977 1387 4033 Pontificem
1414 3992 1631 4049 semper
1658 3984 1903 4051 spectas-

301 4086 385 4143 se,
408 4076 475 4127 ut
500 4069 735 4127 sumitur
761 4082 829 4124 ex
855 4082 910 4123 c.
944 4071 1201 4144 Quanto,
1220 4074 1279 4125 et
1305 4083 1359 4125 c.
1377 4066 1782 4136 Salom‘tanae,
1807 4074 1900 4143 63,

300 4159 433 4217 dist.
460 4164 590 4217 etc.
620 4155 984 4224 Pastor-alis,
1014 4164 1073 4214 et
1099 4172 1153 4213 c.
1194 4160 1511 4232 Temporis,
1551 4160 1615 4229 7,
1657 4174 1715 4231 q.
1754 4164 1811 4231 1,
1848 4170 1905 4217 et

298 4250 465 4322 plura
494 4249 599 4306 alia
626 4248 795 4305 refert
819 4249 1027 4321 vargas
1056 4263 1243 4320 supra.

384 4346 471 4400 14.
503 4340 687 4397 Tertio
716 4337 1030 4399 declaratur
1064 4337 1257 4395 eadem
1284 4340 1486 4396 veritas
1511 4351 1577 4396 ex
1604 4337 1904 4397 differentia

293 4432 439 4491 inter
456 4430 790 4503 pontificiam
813 4429 1195 4502 dignitatemet
1216 4428 1463 4487 officium
1484 4429 1743 4503 episcopi:
1774 4446 1901 4489 nam

296 4522 573 4595 pontificia
594 4519 821 4593 dignitas
843 4518 1010 4576 habet
1030 4526 1241 4576 certam
1264 4526 1321 4577 et
1342 4519 1735 4578 immutabilem
1754 4538 1897 4595 qua-

296 4614 511 4671 litatem
538 4617 596 4668 et
633 4614 959 4682 potestatem
984 4624 1053 4666 ex
1080 4608 1131 4665 vi
1161 4624 1295 4667 suae
1324 4609 1675 4668 institutionis
1700 4613 1753 4669 in
1792 4612 1896 4685 his,

296 4718 443 4777 quae
468 4701 535 4758 ad
567 4698 927 4757 substantiam
945 4698 1065 4756 eius
1094 4700 1386 4773 pertinent,
1407 4707 1466 4758 et
1489 4701 1610 4759 ideo
1633 4710 1787 4761 reete
1814 4706 1899 4761 in-

295 4792 562 4866 telligitur
601 4804 725 4847 esse
765 4789 1035 4861 potuisse,
1074 4805 1140 4846 ac
1182 4789 1437 4849 debuisse
1477 4810 1545 4849 ex
1584 4793 1899 4853 immediata

294 4880 635 4941 institutione
660 4878 863 4937 divina.
888 4880 1025 4936 Nam
1052 4895 1119 4937 ex
1146 4888 1302 4953 parte
1330 4880 1681 4941 subditorum
1707 4889 1763 4941 et
1790 4892 1901 4943 ter-

293 4972 471 5033 ritorii
498 4970 661 5028 babet
696 4969 1195 5027 determinationem
1225 4986 1321 5043 per
1356 4972 1580 5031 modum
1618 4976 1903 5033 universa·

296 5066 489 5136 litatis,
506 5068 575 5121 ut
601 5059 817 5118 scilicet
842 5058 1167 5119 extendatur
1200 5062 1267 5121 ad
1292 5064 1607 5123 universum
1630 5066 1895 5125 mundum

295 5164 353 5215 et
386 5170 577 5213 omnes
612 5150 941 5209 christianos
966 5151 1271 5223 baptizatos
1292 5196 1307 5224 ,
1337 5161 1395 5212 et
1426 5156 1607 5230 aliquo
1636 5155 1800 5215 modo
1830 5158 1899 5217 ad

292 5262 485 5305 omnes
524 5236 793 5317 homines,
821 5247 1091 5317 quantum
1128 5258 1355 5303 necesse
1388 5252 1477 5305 est
1502 5246 1575 5305 ad
1615 5246 1735 5307 fidei
1762 5266 1892 5324 pro-

3358 301 3484 367 315
3507 334 3512 341 ·

1983 450 2328 523 pagationem
2349 490 2366 523 ,
2395 465 2462 508 ae
2490 450 2692 509 iustam
2717 448 2996 526 religionis
3029 446 3359 507 christianae
3393 450 3579 519 prote-

1982 540 2240 615 ctionem;
2269 548 2326 599 et
2359 540 2605 599 similiter
2631 556 2696 598 ex
2734 547 2890 614 parte
2914 539 3188 597 actionum
3218 536 3490 609 solvendi,
3521 543 3580 595 et

1980 629 2182 703 ligandi
2203 632 2444 690 omnium
2475 631 2786 701 modorum,
2809 636 2868 688 et
2892 631 3266 698 materiarum,
3289 631 3341 686 in
3372 630 3576 703 quibus

1980 723 2189 780 versari
2208 728 2462 794 possunt,
2485 722 2650 779 habet
2673 721 2921 779 eamdem
2948 720 3452 778 determinationem
3477 734 3576 791 per

1980 813 2478 886 universalitatem;
2507 819 2563 870 et
2587 814 2644 869 in
2671 812 2924 870 omnibus
2951 810 3035 869 his
3074 811 3237 869 babet
3263 808 3578 867 immutabi-

1985 903 2196 962 litatem
2213 944 2228 975 ,
2253 904 2384 977 quia
2407 918 2510 961 nec
2535 902 2752 977 augeri,
2780 917 2883 959 nec
2913 902 3080 959 minui
3109 900 3176 957 ab
3205 900 3454 957 omnibus
3481 915 3580 971 po-

1982 1000 2115 1067 test,
2132 1000 2193 1053 et
2217 992 2339 1053 ideo
2357 992 2503 1051 illius
2525 992 2812 1066 potestatis
2835 994 2986 1067 origo
3008 990 3315 1048 immediate
3337 991 3388 1047 in
3410 992 3579 1048 Deum

1982 1083 2183 1160 fertur,
2212 1084 2340 1158 quia
2367 1099 2476 1141 non
2502 1090 2590 1140 est
2615 1082 2666 1139 in
2693 1082 3002 1140 hominibus
3034 1086 3272 1154 potestas
3299 1096 3400 1137 nec
3425 1083 3580 1137 inna-

1982 1180 2069 1248 ta,
2100 1192 2204 1233 nec
2232 1176 2580 1233 extrinsecus
2620 1172 2768 1245 data,
2798 1191 2829 1230 a
2867 1187 2980 1247 qua
3006 1177 3156 1249 tanta
3182 1170 3452 1229 celsitudo
3479 1188 3578 1245 po-

1984 1267 2194 1325 testatis
2235 1282 2458 1324 manare
2483 1264 2745 1339 potuerit.

2059 1359 2127 1415 At
2154 1373 2284 1415 vero
2315 1370 2519 1415 munus
2545 1353 2858 1428 episcopale
2878 1369 2986 1411 non
3015 1352 3180 1411 habet
3205 1359 3414 1411 certam
3437 1368 3573 1424 qua-

1983 1446 2188 1506 litatem
2209 1490 2224 1521 ,
2255 1454 2353 1505 aut
2383 1447 2891 1505 determinationem
2917 1460 2983 1502 ex
3009 1445 3060 1501 vi
3096 1444 3228 1501 iuris
3256 1443 3456 1517 divini,
3486 1460 3580 1501 ne-

1982 1556 2093 1613 que
2140 1541 2195 1594 in
2234 1538 2529 1611 territorio,
2561 1553 2738 1612 neque
2766 1537 2818 1593 in
2847 1535 3092 1608 personis
3122 1533 3421 1593 subdendis
3449 1534 3578 1593 huic

1983 1630 2069 1687 vel
2098 1630 2170 1687 illi
2198 1632 2458 1703 episcopo
2479 1672 2494 1699 ,
2523 1642 2700 1702 neque
2731 1628 2786 1684 in
2811 1627 3028 1685 actibus
3056 1626 3368 1700 regiminis,
3399 1640 3579 1699 neque

1984 1720 2039 1777 in
2061 1722 2290 1778 materia
2315 1719 2556 1779 illorum.
2581 1718 2736 1780 Unde
2765 1716 3069 1776 videbimus
3089 1715 3271 1789 quoad
3301 1716 3581 1775 territoria

1985 1814 2342 1885 episcopatus
2369 1826 2490 1868 esse
2515 1808 2848 1883 inaequales,
2867 1815 2922 1867 et
2950 1807 3209 1865 eumdem
3234 1823 3382 1864 nunc
3412 1822 3580 1880 auge-

1982 1902 2049 1973 ri,
2076 1918 2224 1959 nunc
2252 1903 2453 1975 minui,
2479 1900 2565 1958 vel
2594 1916 2768 1958 unum
2797 1900 2850 1955 in
2877 1900 3017 1957 duos
3044 1896 3248 1977 dividi,
3266 1898 3356 1954 vel
3380 1914 3410 1954 e
3437 1914 3580 1955 con-

1983 2009 2143 2052 verso
2171 2009 2240 2050 ex
2275 1991 2492 2051 duobus
2519 2008 2692 2048 unum
2731 1991 2863 2047 fieri.
2895 1988 3083 2059 Quoad
3112 2004 3378 2062 personas
3415 1989 3581 2046 etiam

1981 2098 2049 2142 ex
2074 2083 2266 2141 eadem
2305 2082 2543 2140 dioecesi
2570 2081 2784 2155 aliquae
2823 2080 3140 2138 eximuntur
3167 2096 3200 2137 a
3240 2080 3582 2139 subiectione

1982 2175 2250 2248 episcopi,
2279 2180 2339 2231 et
2361 2172 2675 2231 immediate
2703 2171 3070 2229 subiiciuntur
3095 2173 3301 2243 Papae,
3334 2170 3416 2226 vel
3445 2170 3580 2227 alte-

1982 2266 2053 2338 ri,
2084 2266 2240 2323 iuxta
2267 2264 2604 2323 voluntatem
2631 2262 2774 2335 eius,
2796 2268 2854 2319 et
2878 2277 3038 2335 saepe
3063 2260 3350 2333 contingit,
3364 2262 3579 2333 episco-

1982 2372 2115 2428 pum
2146 2356 2310 2413 unius
2357 2354 2621 2413 dioecesis
2647 2352 2848 2411 habere
2871 2352 3138 2411 ecclesias
3166 2349 3440 2408 subiectas
3477 2350 3579 2409 sibi

1980 2446 2034 2503 in
2055 2445 2282 2503 alterius
2309 2445 2570 2513 dioecesi,
2593 2450 2651 2501 et
2676 2442 2916 2518 aliquam
2943 2447 3246 2512 exemptam
3265 2442 3322 2497 in
3349 2440 3572 2512 proprio

1980 2535 2278 2593 territorio.
2309 2537 2370 2592 ln
2409 2534 2534 2607 ipsis
2563 2536 2725 2591 etiam
2753 2530 3160 2605 episcopatibus
3187 2536 3273 2587 est
3307 2528 3440 2586 ordo
3470 2530 3580 2587 hie-

1979 2625 2270 2683 rarchicus
2309 2626 2696 2697 episcoporum
2715 2666 2729 2695 ,
2770 2622 3312 2693 archiepiscoporum
3335 2659 3352 2690 ,
3389 2626 3446 2678 et
3483 2636 3579 2693 pa-

1980 2714 2377 2786 triarcharum,
2415 2730 2517 2770 seu
2554 2715 2922 2786 primatuum,
2952 2712 3048 2786 qui
3085 2709 3237 2769 nullo
3273 2710 3438 2767 modo
3477 2726 3576 2782 po·

1978 2810 2091 2861 test
2117 2804 2170 2860 in
2208 2806 2298 2861 ius
2325 2804 2570 2861 divinum
2607 2802 2818 2873 referri,
2848 2807 2912 2859 ut
2949 2816 3047 2875 per
3073 2816 3132 2857 se
3171 2807 3408 2857 constat.
3439 2802 3578 2858 Item

1978 2896 2035 2951 in
2066 2893 2282 2952 actibus
2311 2893 2698 2953 iurisdictionis
2726 2892 3022 2965 spiritualis
3051 2880 3221 2965 aliqui
3249 2895 3402 2963 sunt,
3430 2906 3576 2965 quos

1980 2999 2089 3042 non
2116 2991 2353 3057 possunt
2379 2985 2620 3057 episcopi
2649 2999 2904 3041 exercere
2927 2984 2976 3039 vi
3005 2982 3089 3039 sui
3117 2981 3308 3055 officii,
3341 2987 3403 3038 ut
3427 2981 3580 3038 insti-

1985 3081 2139 3133 tuere
2171 3074 2620 3147 irregularitates,
2651 3074 2792 3131 utin
2818 3074 3036 3146 propria
3066 3073 3289 3130 materia
3314 3070 3456 3143 dixi,
3485 3072 3574 3129 vel

1977 3165 2350 3240 praescribere
2401 3165 2802 3237 impedimenta,
2826 3162 3094 3221 irritantis
3139 3162 3566 3233 matrimonium,

1980 3264 2043 3315 ut
2063 3273 2128 3315 ex
2156 3256 2375 3330 propria
2401 3258 2630 3314 materia
2655 3269 2928 3329 suppono,
2950 3254 3038 3311 vel
3063 3252 3373 3327 relinquere
3403 3268 3570 3309 suum

1976 3349 2378 3422 episcopatum,
2403 3347 2590 3405 autad
2618 3347 2783 3405 alium
2811 3345 3066 3415 transire,
3089 3344 3240 3402 iuxta
3263 3354 3386 3417 cap.
3403 3346 3573 3401 Inter

1978 3437 2353 3514 corporalia,
2389 3438 2458 3497 de
2482 3436 2734 3497 translat.
2763 3438 3172 3510 episcoporum,
3201 3439 3259 3491 et
3283 3450 3409 3507 cap.
3432 3435 3576 3491 Nisi

1976 3546 2115 3587 cam
2134 3528 2394 3605 pridem,
2422 3528 2490 3586 de
2515 3528 2824 3587 renunciat.
2849 3534 2908 3585 et
2930 3528 2984 3585 in
3012 3527 3328 3585 universum
3353 3516 3575 3599 grav‘io-

1975 3638 2099 3680 rum
2122 3633 2420 3679 causarum
2442 3620 2675 3679 delinitio
2702 3620 2854 3677 iuxta
2874 3634 2997 3692 cap.
3023 3618 3310 3683 Maiores,
3337 3616 3406 3673 de
3432 3615 3566 3687 bap-

1974 3712 2157 3770 tismo.
2190 3713 2248 3769 ln
2289 3712 2404 3769 aliis
2432 3727 2562 3769 vero
2601 3708 2816 3767 actibus
2842 3708 3258 3781 iurisdictionis,
3287 3723 3428 3781 quos
3455 3706 3569 3780 epi-

1973 3802 2208 3874 scopalis
2249 3808 2492 3875 potestas
2531 3815 2790 3857 exercere
2827 3804 3036 3871 potest,
3063 3786 3477 3869 limitationem,
3506 3804 3566 3855 et

1972 3896 2403 3952 reservationem
2430 3907 2590 3965 saepe
2617 3894 2845 3964 recipit,
2874 3889 2958 3948 vel
2987 3897 3198 3949 certam
3225 3904 3560 3962 mensuram,

1975 3992 2038 4043 ut
2064 3986 2115 4041 in
2144 3983 2600 4055 absolutionibus,
2628 3982 3145 4057 dispensationibus,
3176 3980 3559 4053 indulgentiis,

1970 4083 2028 4132 et
2055 4076 2174 4133 aliis
2201 4073 2503 4131 similibus:
2538 4089 2672 4148 ergo
2699 4090 2806 4131 non
2835 4074 3012 4146 potuit
3037 4073 3421 4130 convenienter
3458 4070 3565 4127 tale

1972 4183 2175 4224 munus
2228 4165 2426 4223 babere
2463 4163 2696 4221 divinam
2734 4164 3126 4221 institutionem
3173 4150 3559 4233 immediatam,

1971 4274 2114 4332 quae
2141 4256 2306 4315 debet
2329 4271 2450 4313 esse
2477 4261 2632 4313 certa
2657 4260 2713 4312 et
2737 4255 3094 4338 praescripta.
3124 4252 3306 4323 Qualis
3333 4254 3478 4310 enim
3506 4258 3564 4310 et

1970 4354 2179 4423 quanta
2205 4346 2340 4405 haec
2377 4347 2575 4417 fuerit,
2604 4362 2670 4403 ex
2713 4346 2832 4403 iure
2859 4346 3045 4403 divino
3085 4343 3289 4402 definiri
3315 4358 3423 4401 non
3460 4357 3561 4415 po-

1972 4444 2101 4510 test;
2131 4452 2262 4511 ergo
2291 4452 2392 4494 nec
2421 4437 2600 4510 ipsum
2629 4452 2830 4494 munus
2855 4436 2906 4493 in
2937 4441 3206 4508 potestate
3234 4432 3564 4492 iurisdictio-

1969 4530 2055 4585 nis
2082 4530 2392 4586 consistens
2421 4527 2526 4586 t'uit
2546 4525 2852 4584 immediate
2877 4527 3190 4583 institutum
3215 4532 3274 4583 et
3305 4525 3499 4583 datum
3526 4541 3560 4583 a

1968 4617 2206 4692 Christo,
2229 4617 2324 4675 sed
2351 4618 2532 4677 solum
2559 4622 2914 4692 praeceptum
2935 4622 2991 4673 et
3013 4618 3372 4675 commissum
3397 4616 3558 4674 Vica-

1970 4709 2051 4765 rio
2081 4724 2206 4765 suo.
2250 4696 2268 4717 ‘

2054 4803 2141 4858 15.
2173 4797 2426 4872 Dicetur,
2455 4814 2522 4856 ex
2560 4798 2612 4855 vi
2645 4799 2780 4855 iuris
2818 4797 2976 4856 divini
3003 4797 3201 4855 habere
3239 4798 3560 4872 episcopum

1967 4890 2238 4963 integram
2267 4894 2589 4961 potestatem
2615 4888 2999 4947 iurisdictionis
3027 4889 3353 4963 spiritualis,
3383 4891 3486 4947 nisi
3515 4908 3549 4950 a

1966 4982 2113 5054 Papa
2139 4980 2192 5037 in
2229 4979 2500 5054 aliquibus
2526 4980 2693 5037 rebus
2729 4980 3022 5049 limitetur,
3053 4988 3110 5038 et
3144 4982 3322 5039 solum
3349 4982 3405 5038 in
3449 4981 3554 5040 hac

1968 5068 2324 5143 dependentia
2341 5086 2465 5128 esse
2489 5070 2798 5129 inferiorem
2829 5078 3148 5144 potestatem
3170 5074 3368 5153 Papae,
3391 5081 3560 5148 atque

1965 5159 2071 5220 boc
2089 5160 2248 5218 modo
2277 5160 2474 5220 babere
2495 5168 2700 5220 certam
2719 5160 3056 5236 qualitatem,
3081 5170 3136 5221 et
3157 5163 3552 5238 praescriptum

1966 5250 2196 5311 modum
2232 5266 2302 5311 ex
2335 5252 2389 5311 vi
2421 5252 2552 5313 iuris
2579 5251 2765 5329 divini,
2792 5252 3100 5315 variabilem
3124 5260 3302 5313 tamen
3329 5271 3427 5330 per
3452 5256 3557 5315 hu-
