<?xml version="1.0" encoding="UTF-8"?>
<!DOCTYPE html PUBLIC "-//W3C//DTD XHTML 1.0 Transitional//EN"
    "http://www.w3.org/TR/xhtml1/DTD/xhtml1-transitional.dtd">
<html xmlns="http://www.w3.org/1999/xhtml" xml:lang="en" lang="en">
 <head>
  <title>
</title>
<meta http-equiv="Content-Type" content="text/html;charset=utf-8" />
  <meta name='ocr-system' content='tesseract 3.04.00' />
  <meta name='ocr-capabilities' content='ocr_page ocr_carea ocr_par ocr_line ocrx_word'/>
</head>
<body>
  <div class='ocr_page' id='page_1' title='image "./tractatusdelegi01sugoog_0059.png"; bbox 0 0 4325 6267; ppageno 0'>
   <div class='ocr_carea' id='block_1_1' title="bbox 1821 360 2156 409">
    <p class='ocr_par' dir='ltr' id='par_1_1' title="bbox 1821 360 2156 409">
     <span class='ocr_line' id='line_1_1' title="bbox 1821 360 2156 409; baseline -0.009 0"><span class='ocrx_word' id='word_1_1' title='bbox 1821 360 2029 409; x_wconf 80' lang='lat' dir='ltr'>CAPUT</span> <span class='ocrx_word' id='word_1_2' title='bbox 2059 361 2156 408; x_wconf 78' lang='lat' dir='ltr'>xl.</span> 
     </span>
    </p>
   </div>
   <div class='ocr_carea' id='block_1_2' title="bbox 351 480 1959 823">
    <p class='ocr_par' dir='ltr' id='par_1_2' title="bbox 351 480 1959 823">
     <span class='ocr_line' id='line_1_2' title="bbox 354 480 1958 557; baseline 0.003 -22"><span class='ocrx_word' id='word_1_3' title='bbox 354 482 490 537; x_wconf 87' lang='lat' dir='ltr'>alias</span> <span class='ocrx_word' id='word_1_4' title='bbox 517 480 663 555; x_wconf 87' lang='lat' dir='ltr'>aliis,</span> <span class='ocrx_word' id='word_1_5' title='bbox 692 486 752 538; x_wconf 90' lang='lat' dir='ltr'>et</span> <span class='ocrx_word' id='word_1_6' title='bbox 780 494 880 555; x_wconf 88' lang='lat' dir='ltr'>pro</span> <span class='ocrx_word' id='word_1_7' title='bbox 901 480 1212 539; x_wconf 86' lang='lat' dir='ltr'>diversitate</span> <span class='ocrx_word' id='word_1_8' title='bbox 1233 487 1546 554; x_wconf 89' lang='lat' dir='ltr'>temporum</span> <span class='ocrx_word' id='word_1_9' title='bbox 1567 482 1782 556; x_wconf 77' lang='lat' dir='ltr'>variari,</span> <span class='ocrx_word' id='word_1_10' title='bbox 1809 482 1958 557; x_wconf 90' lang='lat' dir='ltr'>quod</span> 
     </span>
     <span class='ocr_line' id='line_1_3' title="bbox 351 569 1957 645; baseline 0.003 -21"><span class='ocrx_word' id='word_1_11' title='bbox 351 585 463 625; x_wconf 90' lang='lat' dir='ltr'>non</span> <span class='ocrx_word' id='word_1_12' title='bbox 493 569 702 643; x_wconf 88' lang='lat' dir='ltr'>obstat,</span> <span class='ocrx_word' id='word_1_13' title='bbox 732 570 1029 643; x_wconf 84' lang='lat' dir='ltr'>quominus</span> <span class='ocrx_word' id='word_1_14' title='bbox 1056 586 1215 627; x_wconf 86' lang='lat' dir='ltr'>suam</span> <span class='ocrx_word' id='word_1_15' title='bbox 1247 571 1480 628; x_wconf 90' lang='lat' dir='ltr'>babeant</span> <span class='ocrx_word' id='word_1_16' title='bbox 1513 574 1957 645; x_wconf 79' lang='lat' dir='ltr'>perpetuitatem,</span> 
     </span>
     <span class='ocr_line' id='line_1_4' title="bbox 353 660 1959 731; baseline 0.001 -16"><span class='ocrx_word' id='word_1_17' title='bbox 353 660 624 730; x_wconf 88' lang='lat' dir='ltr'>quamdiu</span> <span class='ocrx_word' id='word_1_18' title='bbox 653 675 756 716; x_wconf 88' lang='lat' dir='ltr'>nec</span> <span class='ocrx_word' id='word_1_19' title='bbox 786 666 965 717; x_wconf 91' lang='lat' dir='ltr'>status</span> <span class='ocrx_word' id='word_1_20' title='bbox 995 676 1182 717; x_wconf 89' lang='lat' dir='ltr'>rerum</span> <span class='ocrx_word' id='word_1_21' title='bbox 1203 666 1513 731; x_wconf 89' lang='lat' dir='ltr'>mutantur,</span> <span class='ocrx_word' id='word_1_22' title='bbox 1539 677 1638 717; x_wconf 89' lang='lat' dir='ltr'>nec</span> <span class='ocrx_word' id='word_1_23' title='bbox 1664 662 1959 731; x_wconf 89' lang='lat' dir='ltr'>tolluntur,</span> 
     </span>
     <span class='ocr_line' id='line_1_5' title="bbox 355 748 1958 823; baseline 0.004 -21"><span class='ocrx_word' id='word_1_24' title='bbox 355 755 420 805; x_wconf 89' lang='lat' dir='ltr'>ut</span> <span class='ocrx_word' id='word_1_25' title='bbox 447 748 784 819; x_wconf 82' lang='lat' dir='ltr'>explicatum</span> <span class='ocrx_word' id='word_1_26' title='bbox 813 756 916 805; x_wconf 90' lang='lat' dir='ltr'>est.</span> <span class='ocrx_word' id='word_1_27' title='bbox 953 748 1032 805; x_wconf 79' lang='lat' dir='ltr'>Ad</span> <span class='ocrx_word' id='word_1_28' title='bbox 1063 751 1354 823; x_wconf 82' lang='lat' dir='ltr'>Extravag.</span> <span class='ocrx_word' id='word_1_29' title='bbox 1383 749 1478 805; x_wconf 83' lang='lat' dir='ltr'>Ad</span> <span class='ocrx_word' id='word_1_30' title='bbox 1502 754 1784 823; x_wconf 62' lang='lat' dir='ltr'>regimen,</span> <span class='ocrx_word' id='word_1_31' title='bbox 1813 750 1958 822; x_wconf 85' lang='lat' dir='ltr'>dico,</span> 
     </span>
    </p>
   </div>
   <div class='ocr_carea' id='block_1_3' title="bbox 354 836 2015 916">
    <p class='ocr_par' dir='ltr' id='par_1_3' title="bbox 354 836 2015 916">
     <span class='ocr_line' id='line_1_6' title="bbox 354 836 2015 916; baseline 0.004 -25"><span class='ocrx_word' id='word_1_32' title='bbox 354 852 467 892; x_wconf 92' lang='lat' dir='ltr'>non</span> <span class='ocrx_word' id='word_1_33' title='bbox 493 836 663 894; x_wconf 83' lang='lat' dir='ltr'>videri</span> <span class='ocrx_word' id='word_1_34' title='bbox 685 838 958 909; x_wconf 90' lang='lat' dir='ltr'>propriam</span> <span class='ocrx_word' id='word_1_35' title='bbox 982 837 1180 909; x_wconf 87' lang='lat' dir='ltr'>legem,</span> <span class='ocrx_word' id='word_1_36' title='bbox 1205 838 1300 894; x_wconf 89' lang='lat' dir='ltr'>sed</span> <span class='ocrx_word' id='word_1_37' title='bbox 1324 842 1744 897; x_wconf 81' lang='lat' dir='ltr'>reservationem</span> <span class='ocrx_word' id='word_1_38' title='bbox 1769 857 1962 913; x_wconf 90' lang='lat' dir='ltr'>quam·</span> <span class='ocrx_word' id='word_1_39' title='bbox 1997 905 2015 916; x_wconf 33' lang='grc' dir='ltr'>ι</span> 
     </span>
    </p>
   </div>
   <div class='ocr_carea' id='block_1_4' title="bbox 354 923 1968 2150">
    <p class='ocr_par' dir='ltr' id='par_1_4' title="bbox 354 923 1968 2150">
     <span class='ocr_line' id='line_1_7' title="bbox 355 923 1966 998; baseline 0.003 -18"><span class='ocrx_word' id='word_1_40' title='bbox 355 923 486 982; x_wconf 87' lang='lat' dir='ltr'>dam</span> <span class='ocrx_word' id='word_1_41' title='bbox 517 927 664 982; x_wconf 89' lang='lat' dir='ltr'>circa</span> <span class='ocrx_word' id='word_1_42' title='bbox 695 926 1108 998; x_wconf 77' lang='lat' dir='ltr'>promissionem</span> <span class='ocrx_word' id='word_1_43' title='bbox 1137 926 1573 997; x_wconf 86' lang='lat' dir='ltr'>praebendarum</span> <span class='ocrx_word' id='word_1_44' title='bbox 1595 937 1652 985; x_wconf 89' lang='lat' dir='ltr'>et</span> <span class='ocrx_word' id='word_1_45' title='bbox 1678 929 1966 986; x_wconf 85' lang='lat' dir='ltr'>beneficio-</span> 
     </span>
     <span class='ocr_line' id='line_1_8' title="bbox 355 1013 1961 1088; baseline 0.002 -19"><span class='ocrx_word' id='word_1_46' title='bbox 355 1030 487 1070; x_wconf 85' lang='lat' dir='ltr'>rum</span> <span class='ocrx_word' id='word_1_47' title='bbox 527 1013 684 1070; x_wconf 89' lang='lat' dir='ltr'>valde</span> <span class='ocrx_word' id='word_1_48' title='bbox 724 1015 956 1086; x_wconf 89' lang='lat' dir='ltr'>amplam</span> <span class='ocrx_word' id='word_1_49' title='bbox 993 1021 1052 1071; x_wconf 89' lang='lat' dir='ltr'>et</span> <span class='ocrx_word' id='word_1_50' title='bbox 1079 1016 1413 1087; x_wconf 76' lang='lat' dir='ltr'>generalem,</span> <span class='ocrx_word' id='word_1_51' title='bbox 1443 1031 1608 1088; x_wconf 87' lang='lat' dir='ltr'>quam</span> <span class='ocrx_word' id='word_1_52' title='bbox 1637 1018 1768 1075; x_wconf 88' lang='lat' dir='ltr'>fecit</span> <span class='ocrx_word' id='word_1_53' title='bbox 1797 1020 1961 1075; x_wconf 88' lang='lat' dir='ltr'>Bene-</span> 
     </span>
     <span class='ocr_line' id='line_1_9' title="bbox 354 1101 1966 1178; baseline 0.003 -20"><span class='ocrx_word' id='word_1_54' title='bbox 354 1101 546 1158; x_wconf 88' lang='lat' dir='ltr'>dictus</span> <span class='ocrx_word' id='word_1_55' title='bbox 573 1104 685 1159; x_wconf 85' lang='lat' dir='ltr'>xn.</span> <span class='ocrx_word' id='word_1_56' title='bbox 720 1118 816 1173; x_wconf 92' lang='lat' dir='ltr'>pro</span> <span class='ocrx_word' id='word_1_57' title='bbox 848 1112 1092 1174; x_wconf 88' lang='lat' dir='ltr'>tempore</span> <span class='ocrx_word' id='word_1_58' title='bbox 1125 1109 1336 1160; x_wconf 87' lang='lat' dir='ltr'>tantum</span> <span class='ocrx_word' id='word_1_59' title='bbox 1369 1106 1506 1161; x_wconf 87' lang='lat' dir='ltr'>vitae</span> <span class='ocrx_word' id='word_1_60' title='bbox 1537 1121 1697 1178; x_wconf 86' lang='lat' dir='ltr'>suae,</span> <span class='ocrx_word' id='word_1_61' title='bbox 1731 1113 1794 1163; x_wconf 89' lang='lat' dir='ltr'>ut</span> <span class='ocrx_word' id='word_1_62' title='bbox 1821 1107 1870 1161; x_wconf 90' lang='lat' dir='ltr'>in</span> <span class='ocrx_word' id='word_1_63' title='bbox 1901 1123 1966 1163; x_wconf 88' lang='lat' dir='ltr'>ea</span> 
     </span>
     <span class='ocr_line' id='line_1_10' title="bbox 355 1192 1960 1275; baseline 0.002 -27"><span class='ocrx_word' id='word_1_64' title='bbox 355 1208 620 1263; x_wconf 76' lang='lat' dir='ltr'>expresse</span> <span class='ocrx_word' id='word_1_65' title='bbox 645 1192 883 1263; x_wconf 86' lang='lat' dir='ltr'>dicitur3</span> <span class='ocrx_word' id='word_1_66' title='bbox 917 1201 1080 1249; x_wconf 80' lang='lat' dir='ltr'>vocat</span> <span class='ocrx_word' id='word_1_67' title='bbox 1107 1194 1464 1275; x_wconf 75' lang='lat' dir='ltr'>autemillam</span> <span class='ocrx_word' id='word_1_68' title='bbox 1491 1196 1960 1267; x_wconf 87' lang='lat' dir='ltr'>constitutionem,</span> 
     </span>
     <span class='ocr_line' id='line_1_11' title="bbox 356 1280 1968 1352; baseline 0.003 -17"><span class='ocrx_word' id='word_1_69' title='bbox 356 1281 490 1352; x_wconf 91' lang='lat' dir='ltr'>quia</span> <span class='ocrx_word' id='word_1_70' title='bbox 528 1296 628 1351; x_wconf 88' lang='lat' dir='ltr'>pro</span> <span class='ocrx_word' id='word_1_71' title='bbox 658 1280 752 1337; x_wconf 91' lang='lat' dir='ltr'>illo</span> <span class='ocrx_word' id='word_1_72' title='bbox 783 1288 1030 1351; x_wconf 89' lang='lat' dir='ltr'>tempore</span> <span class='ocrx_word' id='word_1_73' title='bbox 1061 1282 1229 1337; x_wconf 83' lang='lat' dir='ltr'>voluit</span> <span class='ocrx_word' id='word_1_74' title='bbox 1257 1282 1455 1339; x_wconf 84' lang='lat' dir='ltr'>habere</span> <span class='ocrx_word' id='word_1_75' title='bbox 1485 1286 1592 1340; x_wconf 74' lang='lat' dir='ltr'>vim</span> <span class='ocrx_word' id='word_1_76' title='bbox 1621 1291 1678 1339; x_wconf 90' lang='lat' dir='ltr'>et</span> <span class='ocrx_word' id='word_1_77' title='bbox 1706 1284 1968 1340; x_wconf 89' lang='lat' dir='ltr'>stabilita-</span> 
     </span>
     <span class='ocr_line' id='line_1_12' title="bbox 359 1369 1964 1443; baseline 0.002 -19"><span class='ocrx_word' id='word_1_78' title='bbox 359 1376 473 1424; x_wconf 90' lang='lat' dir='ltr'>tem</span> <span class='ocrx_word' id='word_1_79' title='bbox 518 1369 654 1442; x_wconf 88' lang='lat' dir='ltr'>legis</span> <span class='ocrx_word' id='word_1_80' title='bbox 677 1410 692 1436; x_wconf 88' lang='lat'>,</span> <span class='ocrx_word' id='word_1_81' title='bbox 731 1375 790 1424; x_wconf 92' lang='lat' dir='ltr'>et</span> <span class='ocrx_word' id='word_1_82' title='bbox 828 1370 956 1441; x_wconf 89' lang='lat' dir='ltr'>quia</span> <span class='ocrx_word' id='word_1_83' title='bbox 1001 1369 1180 1425; x_wconf 87' lang='lat' dir='ltr'>solum</span> <span class='ocrx_word' id='word_1_84' title='bbox 1222 1386 1285 1425; x_wconf 82' lang='lat' dir='ltr'>ex</span> <span class='ocrx_word' id='word_1_85' title='bbox 1318 1376 1466 1441; x_wconf 85' lang='lat' dir='ltr'>parte</span> <span class='ocrx_word' id='word_1_86' title='bbox 1497 1372 1755 1428; x_wconf 88' lang='lat' dir='ltr'>materiae</span> <span class='ocrx_word' id='word_1_87' title='bbox 1777 1413 1791 1441; x_wconf 93' lang='lat'>,</span> <span class='ocrx_word' id='word_1_88' title='bbox 1824 1386 1964 1443; x_wconf 91' lang='lat' dir='ltr'>quae</span> 
     </span>
     <span class='ocr_line' id='line_1_13' title="bbox 361 1457 1966 1534; baseline 0.003 -21"><span class='ocrx_word' id='word_1_89' title='bbox 361 1457 680 1528; x_wconf 87' lang='lat' dir='ltr'>temporalis</span> <span class='ocrx_word' id='word_1_90' title='bbox 706 1457 832 1527; x_wconf 91' lang='lat' dir='ltr'>fuit,</span> <span class='ocrx_word' id='word_1_91' title='bbox 864 1464 1073 1514; x_wconf 86' lang='lat' dir='ltr'>certam</span> <span class='ocrx_word' id='word_1_92' title='bbox 1101 1458 1444 1515; x_wconf 77' lang='lat' dir='ltr'>durationem</span> <span class='ocrx_word' id='word_1_93' title='bbox 1469 1460 1678 1518; x_wconf 87' lang='lat' dir='ltr'>babuit.</span> <span class='ocrx_word' id='word_1_94' title='bbox 1704 1464 1779 1517; x_wconf 91' lang='lat' dir='ltr'>De</span> <span class='ocrx_word' id='word_1_95' title='bbox 1803 1478 1966 1534; x_wconf 89' lang='lat' dir='ltr'>regu-</span> 
     </span>
     <span class='ocr_line' id='line_1_14' title="bbox 363 1545 1964 1622; baseline 0.002 -22"><span class='ocrx_word' id='word_1_96' title='bbox 363 1546 432 1601; x_wconf 90' lang='lat' dir='ltr'>lis</span> <span class='ocrx_word' id='word_1_97' title='bbox 461 1545 824 1603; x_wconf 86' lang='lat' dir='ltr'>cancellariae</span> <span class='ocrx_word' id='word_1_98' title='bbox 849 1553 1050 1615; x_wconf 82' lang='lat' dir='ltr'>negant</span> <span class='ocrx_word' id='word_1_99' title='bbox 1080 1546 1236 1602; x_wconf 88' lang='lat' dir='ltr'>multi</span> <span class='ocrx_word' id='word_1_100' title='bbox 1263 1562 1384 1603; x_wconf 89' lang='lat' dir='ltr'>esse</span> <span class='ocrx_word' id='word_1_101' title='bbox 1413 1564 1572 1605; x_wconf 81' lang='lat' dir='ltr'>veras</span> <span class='ocrx_word' id='word_1_102' title='bbox 1603 1550 1776 1622; x_wconf 87' lang='lat' dir='ltr'>leges,</span> <span class='ocrx_word' id='word_1_103' title='bbox 1808 1558 1871 1607; x_wconf 89' lang='lat' dir='ltr'>ut</span> <span class='ocrx_word' id='word_1_104' title='bbox 1895 1549 1964 1605; x_wconf 88' lang='lat' dir='ltr'>ibi</span> 
     </span>
     <span class='ocr_line' id='line_1_15' title="bbox 361 1635 1962 1711; baseline 0.001 -19"><span class='ocrx_word' id='word_1_105' title='bbox 361 1637 534 1692; x_wconf 79' lang='lat' dir='ltr'>refert</span> <span class='ocrx_word' id='word_1_106' title='bbox 560 1637 782 1704; x_wconf 86' lang='lat' dir='ltr'>Gomez,</span> <span class='ocrx_word' id='word_1_107' title='bbox 815 1642 871 1692; x_wconf 90' lang='lat' dir='ltr'>et</span> <span class='ocrx_word' id='word_1_108' title='bbox 896 1635 1064 1692; x_wconf 89' lang='lat' dir='ltr'>Felin.</span> <span class='ocrx_word' id='word_1_109' title='bbox 1097 1636 1148 1691; x_wconf 91' lang='lat' dir='ltr'>in</span> <span class='ocrx_word' id='word_1_110' title='bbox 1181 1652 1302 1709; x_wconf 86' lang='lat' dir='ltr'>cap.</span> <span class='ocrx_word' id='word_1_111' title='bbox 1341 1642 1438 1695; x_wconf 74' lang='lat' dir='ltr'>Ea:</span> <span class='ocrx_word' id='word_1_112' title='bbox 1461 1642 1654 1711; x_wconf 82' lang='lat' dir='ltr'>parte,</span> <span class='ocrx_word' id='word_1_113' title='bbox 1690 1638 1758 1695; x_wconf 90' lang='lat' dir='ltr'>de</span> <span class='ocrx_word' id='word_1_114' title='bbox 1787 1654 1962 1695; x_wconf 87' lang='lat' dir='ltr'>rescr.</span> 
     </span>
     <span class='ocr_line' id='line_1_16' title="bbox 362 1723 1968 1799; baseline 0.003 -20"><span class='ocrx_word' id='word_1_115' title='bbox 362 1741 519 1781; x_wconf 89' lang='lat' dir='ltr'>num.</span> <span class='ocrx_word' id='word_1_116' title='bbox 551 1723 656 1781; x_wconf 91' lang='lat' dir='ltr'>ult.</span> <span class='ocrx_word' id='word_1_117' title='bbox 689 1724 771 1780; x_wconf 83' lang='lat' dir='ltr'>vel</span> <span class='ocrx_word' id='word_1_118' title='bbox 809 1731 961 1780; x_wconf 89' lang='lat' dir='ltr'>certe</span> <span class='ocrx_word' id='word_1_119' title='bbox 1003 1724 1048 1779; x_wconf 89' lang='lat' dir='ltr'>si</span> <span class='ocrx_word' id='word_1_120' title='bbox 1090 1740 1186 1797; x_wconf 90' lang='lat' dir='ltr'>per</span> <span class='ocrx_word' id='word_1_121' title='bbox 1215 1726 1436 1783; x_wconf 89' lang='lat' dir='ltr'>modurn</span> <span class='ocrx_word' id='word_1_122' title='bbox 1467 1726 1647 1799; x_wconf 90' lang='lat' dir='ltr'>legum</span> <span class='ocrx_word' id='word_1_123' title='bbox 1675 1734 1730 1784; x_wconf 93' lang='lat' dir='ltr'>et</span> <span class='ocrx_word' id='word_1_124' title='bbox 1760 1730 1968 1785; x_wconf 89' lang='lat' dir='ltr'>consti-</span> 
     </span>
     <span class='ocr_line' id='line_1_17' title="bbox 363 1811 1968 1881; baseline 0.004 -13"><span class='ocrx_word' id='word_1_125' title='bbox 363 1815 644 1869; x_wconf 86' lang='lat' dir='ltr'>tutionum</span> <span class='ocrx_word' id='word_1_126' title='bbox 684 1811 938 1869; x_wconf 90' lang='lat' dir='ltr'>feruntur</span> <span class='ocrx_word' id='word_1_127' title='bbox 959 1853 975 1881; x_wconf 93' lang='lat'>,</span> <span class='ocrx_word' id='word_1_128' title='bbox 1017 1812 1216 1869; x_wconf 90' lang='lat' dir='ltr'>modus</span> <span class='ocrx_word' id='word_1_129' title='bbox 1255 1812 1559 1870; x_wconf 77' lang='lat' dir='ltr'>durationis</span> <span class='ocrx_word' id='word_1_130' title='bbox 1593 1830 1785 1871; x_wconf 89' lang='lat' dir='ltr'>earum</span> <span class='ocrx_word' id='word_1_131' title='bbox 1815 1832 1882 1873; x_wconf 85' lang='lat' dir='ltr'>ex</span> <span class='ocrx_word' id='word_1_132' title='bbox 1909 1833 1968 1874; x_wconf 92' lang='lat' dir='ltr'>se</span> 
     </span>
     <span class='ocr_line' id='line_1_18' title="bbox 361 1902 1965 1977; baseline 0.003 -21"><span class='ocrx_word' id='word_1_133' title='bbox 361 1906 670 1972; x_wconf 87' lang='lat' dir='ltr'>perpetuus</span> <span class='ocrx_word' id='word_1_134' title='bbox 713 1908 834 1973; x_wconf 88' lang='lat' dir='ltr'>est,</span> <span class='ocrx_word' id='word_1_135' title='bbox 884 1902 1010 1957; x_wconf 89' lang='lat' dir='ltr'>licet</span> <span class='ocrx_word' id='word_1_136' title='bbox 1049 1917 1116 1957; x_wconf 81' lang='lat' dir='ltr'>ex</span> <span class='ocrx_word' id='word_1_137' title='bbox 1147 1904 1370 1972; x_wconf 89' lang='lat' dir='ltr'>speciali</span> <span class='ocrx_word' id='word_1_138' title='bbox 1400 1903 1761 1961; x_wconf 88' lang='lat' dir='ltr'>declaratione</span> <span class='ocrx_word' id='word_1_139' title='bbox 1792 1906 1965 1977; x_wconf 85' lang='lat' dir='ltr'>Papae</span> 
     </span>
     <span class='ocr_line' id='line_1_19' title="bbox 362 1988 1966 2065; baseline 0.004 -22"><span class='ocrx_word' id='word_1_140' title='bbox 362 1988 606 2061; x_wconf 78' lang='lat' dir='ltr'>aliquam</span> <span class='ocrx_word' id='word_1_141' title='bbox 647 1988 784 2045; x_wconf 89' lang='lat' dir='ltr'>forte</span> <span class='ocrx_word' id='word_1_142' title='bbox 826 1988 1198 2046; x_wconf 89' lang='lat' dir='ltr'>limitationem</span> <span class='ocrx_word' id='word_1_143' title='bbox 1238 1990 1498 2063; x_wconf 85' lang='lat' dir='ltr'>habeant,</span> <span class='ocrx_word' id='word_1_144' title='bbox 1541 1992 1691 2065; x_wconf 91' lang='lat' dir='ltr'>quod</span> <span class='ocrx_word' id='word_1_145' title='bbox 1731 1995 1820 2049; x_wconf 86' lang='lat' dir='ltr'>bic</span> <span class='ocrx_word' id='word_1_146' title='bbox 1860 2010 1966 2051; x_wconf 92' lang='lat' dir='ltr'>non</span> 
     </span>
     <span class='ocr_line' id='line_1_20' title="bbox 361 2076 1122 2150; baseline 0.001 -17"><span class='ocrx_word' id='word_1_147' title='bbox 361 2083 545 2147; x_wconf 91' lang='lat' dir='ltr'>potest</span> <span class='ocrx_word' id='word_1_148' title='bbox 571 2076 804 2150; x_wconf 88' lang='lat' dir='ltr'>amplius</span> <span class='ocrx_word' id='word_1_149' title='bbox 829 2076 1122 2134; x_wconf 88' lang='lat' dir='ltr'>declarari.</span> 
     </span>
    </p>
   </div>
   <div class='ocr_carea' id='block_1_5' title="bbox 948 2252 1434 2323">
    <p class='ocr_par' dir='ltr' id='par_1_5' title="bbox 948 2252 1434 2323">
     <span class='ocr_line' id='line_1_21' title="bbox 948 2252 1434 2323; baseline 0.004 -2"><span class='ocrx_word' id='word_1_150' title='bbox 948 2252 1227 2323; x_wconf 86' lang='lat' dir='ltr'><strong>CAPUT</strong></span> <span class='ocrx_word' id='word_1_151' title='bbox 1257 2254 1373 2321; x_wconf 87' lang='lat' dir='ltr'>XI.</span> <span class='ocrx_word' id='word_1_152' title='bbox 1423 2314 1434 2323; x_wconf 85' lang='lat'>.</span> 
     </span>
    </p>
   </div>
   <div class='ocr_carea' id='block_1_6' title="bbox 585 2442 1761 2607">
    <p class='ocr_par' dir='ltr' id='par_1_6' title="bbox 585 2442 1761 2607">
     <span class='ocr_line' id='line_1_22' title="bbox 585 2442 1761 2521; baseline 0.004 -22"><span class='ocrx_word' id='word_1_153' title='bbox 585 2446 684 2500; x_wconf 76' lang='lat' dir='ltr'>An</span> <span class='ocrx_word' id='word_1_154' title='bbox 709 2442 782 2501; x_wconf 81' lang='lat' dir='ltr'>de</span> <span class='ocrx_word' id='word_1_155' title='bbox 809 2447 1044 2502; x_wconf 76' lang='lat' dir='ltr'>ratione</span> <span class='ocrx_word' id='word_1_156' title='bbox 1069 2443 1214 2517; x_wconf 58' lang='grc' dir='ltr'>ἱερᾶς</span> <span class='ocrx_word' id='word_1_157' title='bbox 1243 2448 1322 2502; x_wconf 78' lang='lat' dir='ltr'>sit</span> <span class='ocrx_word' id='word_1_158' title='bbox 1342 2444 1761 2521; x_wconf 66' lang='lat' dir='ltr'>promulgatio,</span> 
     </span>
     <span class='ocr_line' id='line_1_23' title="bbox 837 2532 1523 2607; baseline -0.006 -18"><span class='ocrx_word' id='word_1_159' title='bbox 837 2540 894 2590; x_wconf 79' lang='lat' dir='ltr'>et</span> <span class='ocrx_word' id='word_1_160' title='bbox 917 2550 1072 2607; x_wconf 80' lang='lat' dir='ltr'>quae</span> <span class='ocrx_word' id='word_1_161' title='bbox 1099 2536 1176 2590; x_wconf 75' lang='lat' dir='ltr'>sit-</span> <span class='ocrx_word' id='word_1_162' title='bbox 1203 2532 1523 2607; x_wconf 76' lang='lat' dir='ltr'>sufficiens.</span> 
     </span>
    </p>
   </div>
   <div class='ocr_carea' id='block_1_7' title="bbox 951 2698 1401 2762">
    <p class='ocr_par' dir='ltr' id='par_1_7' title="bbox 951 2698 1401 2762">
     <span class='ocr_line' id='line_1_24' title="bbox 951 2698 1401 2762; baseline 0.007 -3"><span class='ocrx_word' id='word_1_163' title='bbox 951 2698 1401 2762; x_wconf 84' lang='lat' dir='ltr'>summarium</span> 
     </span>
    </p>
   </div>
   <div class='ocr_carea' id='block_1_8' title="bbox 369 2866 1978 3485">
    <p class='ocr_par' dir='ltr' id='par_1_8' title="bbox 369 2866 1978 3485">
     <span class='ocr_line' id='line_1_25' title="bbox 369 2866 1977 2935; baseline 0.006 -19"><span class='ocrx_word' id='word_1_164' title='bbox 369 2868 422 2917; x_wconf 77' lang='lat' dir='ltr'>i.</span> <span class='ocrx_word' id='word_1_165' title='bbox 453 2866 530 2917; x_wconf 74' lang='lat' dir='ltr'>Ad</span> <span class='ocrx_word' id='word_1_166' title='bbox 567 2869 818 2918; x_wconf 83' lang='lat' dir='ltr'>rationem</span> <span class='ocrx_word' id='word_1_167' title='bbox 842 2868 972 2930; x_wconf 89' lang='lat' dir='ltr'>legis</span> <span class='ocrx_word' id='word_1_168' title='bbox 995 2868 1124 2919; x_wconf 86' lang='lat' dir='ltr'>hanc</span> <span class='ocrx_word' id='word_1_169' title='bbox 1147 2870 1486 2923; x_wconf 90' lang='lat' dir='ltr'>conditionem</span> <span class='ocrx_word' id='word_1_170' title='bbox 1513 2874 1782 2935; x_wconf 87' lang='lat' dir='ltr'>requirunt</span> <span class='ocrx_word' id='word_1_171' title='bbox 1805 2888 1977 2926; x_wconf 65' lang='lat' dir='ltr'>omnes</span> 
     </span>
     <span class='ocr_line' id='line_1_26' title="bbox 439 2936 1977 2995; baseline 0.007 -10"><span class='ocrx_word' id='word_1_172' title='bbox 439 2936 702 2988; x_wconf 87' lang='lat' dir='ltr'>doctores.</span> <span class='ocrx_word' id='word_1_173' title='bbox 729 2965 800 2974; x_wconf 92' lang='lat'>-—</span> <span class='ocrx_word' id='word_1_174' title='bbox 825 2936 877 2988; x_wconf 76' lang='lat'>2.</span> <span class='ocrx_word' id='word_1_175' title='bbox 902 2938 1052 2989; x_wconf 81' lang='lat' dir='ltr'>Ratio</span> <span class='ocrx_word' id='word_1_176' title='bbox 1084 2938 1239 2992; x_wconf 88' lang='lat' dir='ltr'>huius</span> <span class='ocrx_word' id='word_1_177' title='bbox 1273 2942 1572 2992; x_wconf 83' lang='lat' dir='ltr'>assertionis</span> <span class='ocrx_word' id='word_1_178' title='bbox 1607 2954 1670 2991; x_wconf 79' lang='lat' dir='ltr'>ex</span> <span class='ocrx_word' id='word_1_179' title='bbox 1701 2943 1822 2994; x_wconf 76' lang='lat' dir='ltr'>divo</span> <span class='ocrx_word' id='word_1_180' title='bbox 1846 2944 1977 2995; x_wconf 87' lang='lat' dir='ltr'>Tho·</span> 
     </span>
     <span class='ocr_line' id='line_1_27' title="bbox 439 3007 1974 3077; baseline 0.006 -22"><span class='ocrx_word' id='word_1_181' title='bbox 439 3019 544 3057; x_wconf 86' lang='lat' dir='ltr'>ma.</span> <span class='ocrx_word' id='word_1_182' title='bbox 569 3034 642 3042; x_wconf 88' lang='lat'>—-</span> <span class='ocrx_word' id='word_1_183' title='bbox 659 3008 718 3061; x_wconf 83' lang='lat'>3.</span> <span class='ocrx_word' id='word_1_184' title='bbox 747 3007 954 3057; x_wconf 78' lang='lat' dir='ltr'>Diversa</span> <span class='ocrx_word' id='word_1_185' title='bbox 979 3009 1321 3071; x_wconf 82' lang='lat' dir='ltr'>promulgatio</span> <span class='ocrx_word' id='word_1_186' title='bbox 1346 3011 1632 3073; x_wconf 87' lang='lat' dir='ltr'>requiritur</span> <span class='ocrx_word' id='word_1_187' title='bbox 1657 3012 1708 3060; x_wconf 92' lang='lat' dir='ltr'>in</span> <span class='ocrx_word' id='word_1_188' title='bbox 1737 3012 1849 3074; x_wconf 88' lang='lat' dir='ltr'>lege</span> <span class='ocrx_word' id='word_1_189' title='bbox 1885 3027 1974 3077; x_wconf 91' lang='lat' dir='ltr'>po-</span> 
     </span>
     <span class='ocr_line' id='line_1_28' title="bbox 439 3075 1976 3143; baseline 0.005 -19"><span class='ocrx_word' id='word_1_190' title='bbox 439 3075 599 3124; x_wconf 79' lang='lat' dir='ltr'>sitiva</span> <span class='ocrx_word' id='word_1_191' title='bbox 633 3082 688 3125; x_wconf 84' lang='lat' dir='ltr'>et</span> <span class='ocrx_word' id='word_1_192' title='bbox 723 3076 774 3124; x_wconf 89' lang='lat' dir='ltr'>in</span> <span class='ocrx_word' id='word_1_193' title='bbox 810 3076 926 3137; x_wconf 86' lang='lat' dir='ltr'>lege</span> <span class='ocrx_word' id='word_1_194' title='bbox 960 3079 1204 3127; x_wconf 87' lang='lat' dir='ltr'>naturali.</span> <span class='ocrx_word' id='word_1_195' title='bbox 1240 3107 1309 3116; x_wconf 96' lang='lat'>—</span> <span class='ocrx_word' id='word_1_196' title='bbox 1341 3080 1394 3128; x_wconf 81' lang='grc'>4.</span> <span class='ocrx_word' id='word_1_197' title='bbox 1433 3079 1571 3139; x_wconf 83' lang='lat' dir='ltr'>Quae</span> <span class='ocrx_word' id='word_1_198' title='bbox 1605 3082 1886 3143; x_wconf 85' lang='lat' dir='ltr'>propositio</span> <span class='ocrx_word' id='word_1_199' title='bbox 1921 3087 1976 3131; x_wconf 88' lang='lat' dir='ltr'>et</span> 
     </span>
     <span class='ocr_line' id='line_1_29' title="bbox 443 3144 1978 3212; baseline 0.005 -19"><span class='ocrx_word' id='word_1_200' title='bbox 443 3145 786 3208; x_wconf 77' lang='lat' dir='ltr'>promulgatio</span> <span class='ocrx_word' id='word_1_201' title='bbox 821 3144 951 3207; x_wconf 86' lang='lat' dir='ltr'>legis</span> <span class='ocrx_word' id='word_1_202' title='bbox 984 3146 1054 3196; x_wconf 91' lang='lat' dir='ltr'>sit</span> <span class='ocrx_word' id='word_1_203' title='bbox 1089 3148 1398 3197; x_wconf 53' lang='lat' dir='ltr'>necessaria.</span> <span class='ocrx_word' id='word_1_204' title='bbox 1432 3176 1503 3183; x_wconf 96' lang='lat'><strong>—</strong></span> <span class='ocrx_word' id='word_1_205' title='bbox 1535 3150 1611 3197; x_wconf 82' lang='lat' dir='ltr'>An</span> <span class='ocrx_word' id='word_1_206' title='bbox 1637 3151 1978 3212; x_wconf 81' lang='lat' dir='ltr'>promulgatio</span> 
     </span>
     <span class='ocr_line' id='line_1_30' title="bbox 440 3212 1975 3281; baseline 0.005 -20"><span class='ocrx_word' id='word_1_207' title='bbox 440 3212 513 3263; x_wconf 89' lang='lat' dir='ltr'>sit</span> <span class='ocrx_word' id='word_1_208' title='bbox 537 3214 763 3263; x_wconf 88' lang='lat' dir='ltr'>conditio</span> <span class='ocrx_word' id='word_1_209' title='bbox 787 3216 1074 3265; x_wconf 86' lang='lat' dir='ltr'>necessaria</span> <span class='ocrx_word' id='word_1_210' title='bbox 1098 3228 1160 3265; x_wconf 82' lang='lat' dir='ltr'>ex</span> <span class='ocrx_word' id='word_1_211' title='bbox 1183 3224 1330 3280; x_wconf 86' lang='lat' dir='ltr'>parte</span> <span class='ocrx_word' id='word_1_212' title='bbox 1357 3217 1486 3281; x_wconf 89' lang='lat' dir='ltr'>legis</span> <span class='ocrx_word' id='word_1_213' title='bbox 1511 3216 1808 3279; x_wconf 78' lang='lat' dir='ltr'>obligantis,</span> <span class='ocrx_word' id='word_1_214' title='bbox 1829 3232 1892 3268; x_wconf 87' lang='lat' dir='ltr'>an</span> <span class='ocrx_word' id='word_1_215' title='bbox 1913 3232 1975 3269; x_wconf 87' lang='lat' dir='ltr'>ex</span> 
     </span>
     <span class='ocr_line' id='line_1_31' title="bbox 441 3282 1977 3347; baseline 0.006 -18"><span class='ocrx_word' id='word_1_216' title='bbox 441 3288 592 3344; x_wconf 85' lang='lat' dir='ltr'>parte</span> <span class='ocrx_word' id='word_1_217' title='bbox 617 3282 966 3345; x_wconf 90' lang='lat' dir='ltr'>subditorum,</span> <span class='ocrx_word' id='word_1_218' title='bbox 993 3286 1082 3347; x_wconf 90' lang='lat' dir='ltr'>qui</span> <span class='ocrx_word' id='word_1_219' title='bbox 1105 3286 1422 3347; x_wconf 83' lang='lat' dir='ltr'>obligantur.</span> <span class='ocrx_word' id='word_1_220' title='bbox 1449 3314 1520 3321; x_wconf 97' lang='lat'><strong>—</strong></span> <span class='ocrx_word' id='word_1_221' title='bbox 1545 3284 1594 3335; x_wconf 80' lang='lat'>5.</span> <span class='ocrx_word' id='word_1_222' title='bbox 1618 3286 1696 3336; x_wconf 86' lang='lat' dir='ltr'>An</span> <span class='ocrx_word' id='word_1_223' title='bbox 1715 3288 1784 3338; x_wconf 91' lang='lat' dir='ltr'>sit</span> <span class='ocrx_word' id='word_1_224' title='bbox 1811 3288 1874 3337; x_wconf 90' lang='lat' dir='ltr'>de</span> <span class='ocrx_word' id='word_1_225' title='bbox 1894 3300 1977 3338; x_wconf 87' lang='lat' dir='ltr'>ra-</span> 
     </span>
     <span class='ocr_line' id='line_1_32' title="bbox 446 3351 1977 3415; baseline 0.005 -16"><span class='ocrx_word' id='word_1_226' title='bbox 446 3351 587 3400; x_wconf 85' lang='lat' dir='ltr'>tione</span> <span class='ocrx_word' id='word_1_227' title='bbox 615 3352 746 3415; x_wconf 86' lang='lat' dir='ltr'>legis</span> <span class='ocrx_word' id='word_1_228' title='bbox 767 3354 1055 3415; x_wconf 88' lang='lat' dir='ltr'>acceptatio</span> <span class='ocrx_word' id='word_1_229' title='bbox 1078 3354 1419 3405; x_wconf 87' lang='lat' dir='ltr'>subditorum.</span> <span class='ocrx_word' id='word_1_230' title='bbox 1435 3382 1504 3391; x_wconf 93' lang='lat'>—-</span> <span class='ocrx_word' id='word_1_231' title='bbox 1529 3355 1584 3404; x_wconf 80' lang='lat'>6.</span> <span class='ocrx_word' id='word_1_232' title='bbox 1611 3356 1687 3405; x_wconf 82' lang='lat' dir='ltr'>An</span> <span class='ocrx_word' id='word_1_233' title='bbox 1713 3358 1781 3407; x_wconf 90' lang='lat' dir='ltr'>sit</span> <span class='ocrx_word' id='word_1_234' title='bbox 1806 3357 1871 3407; x_wconf 86' lang='lat' dir='ltr'>de</span> <span class='ocrx_word' id='word_1_235' title='bbox 1894 3370 1977 3407; x_wconf 89' lang='lat' dir='ltr'>ra-</span> 
     </span>
     <span class='ocr_line' id='line_1_33' title="bbox 447 3420 1668 3485; baseline 0.005 -17"><span class='ocrx_word' id='word_1_236' title='bbox 447 3420 588 3471; x_wconf 83' lang='lat' dir='ltr'>tione</span> <span class='ocrx_word' id='word_1_237' title='bbox 613 3421 761 3483; x_wconf 83' lang='lat' dir='ltr'>legis,</span> <span class='ocrx_word' id='word_1_238' title='bbox 791 3428 848 3470; x_wconf 94' lang='lat' dir='ltr'>ut</span> <span class='ocrx_word' id='word_1_239' title='bbox 875 3421 942 3471; x_wconf 90' lang='lat' dir='ltr'>sit</span> <span class='ocrx_word' id='word_1_240' title='bbox 967 3423 1179 3485; x_wconf 86' lang='lat' dir='ltr'>scripta.</span> <span class='ocrx_word' id='word_1_241' title='bbox 1207 3452 1276 3461; x_wconf 93' lang='lat'>·—</span> <span class='ocrx_word' id='word_1_242' title='bbox 1305 3424 1354 3472; x_wconf 88' lang='grc'>7.</span> <span class='ocrx_word' id='word_1_243' title='bbox 1384 3423 1668 3474; x_wconf 83' lang='lat' dir='ltr'>Resolutio.</span> 
     </span>
    </p>
   </div>
   <div class='ocr_carea' id='block_1_9' title="bbox 371 3576 1977 4097">
    <p class='ocr_par' dir='ltr' id='par_1_9' title="bbox 371 3576 1977 4097">
     <span class='ocr_line' id='line_1_34' title="bbox 465 3576 1975 3640; baseline 0.003 -5"><span class='ocrx_word' id='word_1_244' title='bbox 465 3584 515 3635; x_wconf 85' lang='lat'>1.</span> <span class='ocrx_word' id='word_1_245' title='bbox 551 3578 697 3633; x_wconf 81' lang='lat' dir='ltr'>Haec</span> <span class='ocrx_word' id='word_1_246' title='bbox 740 3576 980 3634; x_wconf 88' lang='lat' dir='ltr'>conditio</span> <span class='ocrx_word' id='word_1_247' title='bbox 1023 3578 1134 3635; x_wconf 87' lang='lat' dir='ltr'>fere</span> <span class='ocrx_word' id='word_1_248' title='bbox 1175 3580 1243 3635; x_wconf 90' lang='lat' dir='ltr'>ab</span> <span class='ocrx_word' id='word_1_249' title='bbox 1278 3581 1534 3639; x_wconf 90' lang='lat' dir='ltr'>omnibus</span> <span class='ocrx_word' id='word_1_250' title='bbox 1562 3581 1880 3640; x_wconf 88' lang='lat' dir='ltr'>doctoribus</span> <span class='ocrx_word' id='word_1_251' title='bbox 1906 3583 1975 3640; x_wconf 89' lang='lat' dir='ltr'>ad</span> 
     </span>
     <span class='ocr_line' id='line_1_35' title="bbox 373 3664 1972 3739; baseline 0.003 -17"><span class='ocrx_word' id='word_1_252' title='bbox 373 3664 848 3737; x_wconf 85' lang='lat' dir='ltr'>complementum</span> <span class='ocrx_word' id='word_1_253' title='bbox 887 3664 1024 3739; x_wconf 85' lang='lat' dir='ltr'>legis</span> <span class='ocrx_word' id='word_1_254' title='bbox 1065 3667 1410 3737; x_wconf 83' lang='lat' dir='ltr'>postulatur,</span> <span class='ocrx_word' id='word_1_255' title='bbox 1455 3677 1516 3727; x_wconf 91' lang='lat' dir='ltr'>ut</span> <span class='ocrx_word' id='word_1_256' title='bbox 1555 3669 1739 3727; x_wconf 79' lang='lat' dir='ltr'>videre</span> <span class='ocrx_word' id='word_1_257' title='bbox 1770 3672 1895 3728; x_wconf 90' lang='lat' dir='ltr'>licet</span> <span class='ocrx_word' id='word_1_258' title='bbox 1923 3672 1972 3727; x_wconf 90' lang='lat' dir='ltr'>in</span> 
     </span>
     <span class='ocr_line' id='line_1_36' title="bbox 371 3751 1971 3831; baseline 0.003 -21"><span class='ocrx_word' id='word_1_259' title='bbox 371 3755 432 3811; x_wconf 89' lang='lat' dir='ltr'>d.</span> <span class='ocrx_word' id='word_1_260' title='bbox 462 3754 668 3810; x_wconf 83' lang='lat' dir='ltr'>Tboma</span> <span class='ocrx_word' id='word_1_261' title='bbox 697 3751 754 3809; x_wconf 88' lang='lat' dir='ltr'>d.</span> <span class='ocrx_word' id='word_1_262' title='bbox 786 3770 841 3825; x_wconf 91' lang='lat' dir='ltr'>q.</span> <span class='ocrx_word' id='word_1_263' title='bbox 876 3758 970 3823; x_wconf 87' lang='grc'>90,</span> <span class='ocrx_word' id='word_1_264' title='bbox 1003 3761 1105 3810; x_wconf 91' lang='lat' dir='ltr'>art.</span> <span class='ocrx_word' id='word_1_265' title='bbox 1141 3760 1196 3826; x_wconf 71' lang='lat'>4,</span> <span class='ocrx_word' id='word_1_266' title='bbox 1225 3762 1281 3813; x_wconf 91' lang='lat' dir='ltr'>et</span> <span class='ocrx_word' id='word_1_267' title='bbox 1308 3757 1423 3814; x_wconf 88' lang='lat' dir='ltr'>aliis</span> <span class='ocrx_word' id='word_1_268' title='bbox 1453 3760 1844 3831; x_wconf 79' lang='lat' dir='ltr'>scriptoribus,</span> <span class='ocrx_word' id='word_1_269' title='bbox 1875 3759 1971 3830; x_wconf 87' lang='lat' dir='ltr'>ibi,</span> 
     </span>
     <span class='ocr_line' id='line_1_37' title="bbox 371 3842 1976 3917; baseline 0.002 -17"><span class='ocrx_word' id='word_1_270' title='bbox 371 3849 433 3900; x_wconf 92' lang='lat' dir='ltr'>et</span> <span class='ocrx_word' id='word_1_271' title='bbox 461 3858 632 3914; x_wconf 89' lang='lat' dir='ltr'>super</span> <span class='ocrx_word' id='word_1_272' title='bbox 659 3842 780 3899; x_wconf 82' lang='lat' dir='ltr'>iura</span> <span class='ocrx_word' id='word_1_273' title='bbox 807 3845 994 3899; x_wconf 87' lang='lat' dir='ltr'>statim</span> <span class='ocrx_word' id='word_1_274' title='bbox 1023 3842 1328 3917; x_wconf 88' lang='lat' dir='ltr'>alleganda,</span> <span class='ocrx_word' id='word_1_275' title='bbox 1358 3854 1416 3903; x_wconf 90' lang='lat' dir='ltr'>et</span> <span class='ocrx_word' id='word_1_276' title='bbox 1441 3846 1489 3902; x_wconf 93' lang='lat' dir='ltr'>in</span> <span class='ocrx_word' id='word_1_277' title='bbox 1519 3848 1828 3904; x_wconf 87' lang='lat' dir='ltr'>Summistis</span> <span class='ocrx_word' id='word_1_278' title='bbox 1855 3862 1976 3904; x_wconf 81' lang='lat' dir='ltr'>ver-</span> 
     </span>
     <span class='ocr_line' id='line_1_38' title="bbox 371 3929 1970 4004; baseline 0.002 -16"><span class='ocrx_word' id='word_1_279' title='bbox 371 3933 447 3989; x_wconf 89' lang='lat' dir='ltr'>bo</span> <span class='ocrx_word' id='word_1_280' title='bbox 481 3930 610 3998; x_wconf 70' lang='lat' dir='ltr'>lex,</span> <span class='ocrx_word' id='word_1_281' title='bbox 650 3929 1012 4004; x_wconf 84' lang='lat' dir='ltr'>crediturque</span> <span class='ocrx_word' id='word_1_282' title='bbox 1050 3934 1448 4003; x_wconf 83' lang='lat' dir='ltr'>comprehensa</span> <span class='ocrx_word' id='word_1_283' title='bbox 1486 3936 1553 3992; x_wconf 88' lang='lat' dir='ltr'>ab</span> <span class='ocrx_word' id='word_1_284' title='bbox 1582 3934 1794 3992; x_wconf 82' lang='lat' dir='ltr'>isidoro</span> <span class='ocrx_word' id='word_1_285' title='bbox 1831 3938 1886 3991; x_wconf 88' lang='lat' dir='ltr'>in</span> <span class='ocrx_word' id='word_1_286' title='bbox 1913 3935 1970 3992; x_wconf 93' lang='lat' dir='ltr'>d.</span> 
     </span>
     <span class='ocr_line' id='line_1_39' title="bbox 373 4018 1977 4097; baseline 0.002 -20"><span class='ocrx_word' id='word_1_287' title='bbox 373 4037 500 4093; x_wconf 85' lang='lat' dir='ltr'>cap.</span> <span class='ocrx_word' id='word_1_288' title='bbox 533 4022 670 4079; x_wconf 76' lang='lat' dir='ltr'>Erit</span> <span class='ocrx_word' id='word_1_289' title='bbox 696 4022 896 4075; x_wconf 79' lang='lat' dir='ltr'>autem</span> <span class='ocrx_word' id='word_1_290' title='bbox 918 4018 1036 4087; x_wconf 69' lang='lat' dir='ltr'>leat,</span> <span class='ocrx_word' id='word_1_291' title='bbox 1068 4019 1171 4077; x_wconf 89' lang='lat' dir='ltr'>sub</span> <span class='ocrx_word' id='word_1_292' title='bbox 1195 4021 1298 4078; x_wconf 87' lang='lat' dir='ltr'>alia</span> <span class='ocrx_word' id='word_1_293' title='bbox 1317 4022 1647 4095; x_wconf 89' lang='lat' dir='ltr'>conditione,</span> <span class='ocrx_word' id='word_1_294' title='bbox 1673 4025 1725 4079; x_wconf 90' lang='lat' dir='ltr'>in</span> <span class='ocrx_word' id='word_1_295' title='bbox 1747 4040 1858 4097; x_wconf 86' lang='lat' dir='ltr'>qua</span> <span class='ocrx_word' id='word_1_296' title='bbox 1880 4040 1977 4096; x_wconf 91' lang='lat' dir='ltr'>po-</span> 
     </span>
    </p>
   </div>
   <div class='ocr_carea' id='block_1_10' title="bbox 373 4108 1994 4188">
    <p class='ocr_par' dir='ltr' id='par_1_10' title="bbox 373 4108 1994 4188">
     <span class='ocr_line' id='line_1_40' title="bbox 373 4108 1994 4188; baseline 0.003 -22"><span class='ocrx_word' id='word_1_297' title='bbox 373 4110 579 4180; x_wconf 89' lang='lat' dir='ltr'>stulat,</span> <span class='ocrx_word' id='word_1_298' title='bbox 611 4114 674 4165; x_wconf 90' lang='lat' dir='ltr'>ut</span> <span class='ocrx_word' id='word_1_299' title='bbox 698 4108 784 4165; x_wconf 78' lang='lat' dir='ltr'>lex</span> <span class='ocrx_word' id='word_1_300' title='bbox 815 4108 884 4163; x_wconf 86' lang='lat' dir='ltr'>sit</span> <span class='ocrx_word' id='word_1_301' title='bbox 910 4108 1059 4165; x_wconf 91' lang='lat' dir='ltr'>clara</span> <span class='ocrx_word' id='word_1_302' title='bbox 1086 4116 1144 4166; x_wconf 90' lang='lat' dir='ltr'>et</span> <span class='ocrx_word' id='word_1_303' title='bbox 1169 4110 1451 4167; x_wconf 87' lang='lat' dir='ltr'>manifesta</span> <span class='ocrx_word' id='word_1_304' title='bbox 1469 4151 1484 4182; x_wconf 95' lang='lat'>,</span> <span class='ocrx_word' id='word_1_305' title='bbox 1516 4128 1586 4169; x_wconf 83' lang='lat' dir='ltr'>ne</span> <span class='ocrx_word' id='word_1_306' title='bbox 1612 4111 1849 4185; x_wconf 74' lang='lat' dir='ltr'>aliquid</span> <span class='ocrx_word' id='word_1_307' title='bbox 1867 4110 1994 4188; x_wconf 81' lang='lat' dir='ltr'>per‘</span> 
     </span>
    </p>
   </div>
   <div class='ocr_carea' id='block_1_11' title="bbox 372 4198 1976 4895">
    <p class='ocr_par' dir='ltr' id='par_1_11' title="bbox 372 4198 1976 4895">
     <span class='ocr_line' id='line_1_41' title="bbox 375 4198 1972 4277; baseline 0.004 -22"><span class='ocrx_word' id='word_1_308' title='bbox 375 4198 806 4255; x_wconf 74' lang='lat' dir='ltr'>obscuritatem</span> <span class='ocrx_word' id='word_1_309' title='bbox 821 4200 1153 4271; x_wconf 76' lang='lat' dir='ltr'>captionem</span> <span class='ocrx_word' id='word_1_310' title='bbox 1169 4203 1484 4265; x_wconf 78' lang='lat' dir='ltr'>contineat,</span> <span class='ocrx_word' id='word_1_311' title='bbox 1510 4206 1561 4257; x_wconf 85' lang='lat'>3.</span> <span class='ocrx_word' id='word_1_312' title='bbox 1581 4206 1780 4277; x_wconf 76' lang='lat' dir='ltr'>Etym.</span> <span class='ocrx_word' id='word_1_313' title='bbox 1802 4219 1856 4259; x_wconf 89' lang='lat' dir='ltr'>c.</span> <span class='ocrx_word' id='word_1_314' title='bbox 1885 4208 1972 4275; x_wconf 87' lang='lat'>10,</span> 
     </span>
     <span class='ocr_line' id='line_1_42' title="bbox 373 4286 1974 4363; baseline 0.002 -21"><span class='ocrx_word' id='word_1_315' title='bbox 373 4292 436 4342; x_wconf 87' lang='lat' dir='ltr'>et</span> <span class='ocrx_word' id='word_1_316' title='bbox 462 4286 555 4343; x_wconf 88' lang='lat' dir='ltr'>lib.</span> <span class='ocrx_word' id='word_1_317' title='bbox 593 4290 649 4354; x_wconf 79' lang='lat'>5,</span> <span class='ocrx_word' id='word_1_318' title='bbox 679 4300 806 4357; x_wconf 88' lang='lat' dir='ltr'>cap.</span> <span class='ocrx_word' id='word_1_319' title='bbox 839 4290 932 4343; x_wconf 86' lang='grc'>21.</span> <span class='ocrx_word' id='word_1_320' title='bbox 965 4286 1112 4343; x_wconf 79' lang='lat' dir='ltr'>Haec</span> <span class='ocrx_word' id='word_1_321' title='bbox 1132 4289 1278 4343; x_wconf 89' lang='lat' dir='ltr'>enim</span> <span class='ocrx_word' id='word_1_322' title='bbox 1296 4289 1534 4345; x_wconf 90' lang='lat' dir='ltr'>conditio</span> <span class='ocrx_word' id='word_1_323' title='bbox 1555 4296 1738 4361; x_wconf 91' lang='lat' dir='ltr'>potest</span> <span class='ocrx_word' id='word_1_324' title='bbox 1757 4291 1974 4363; x_wconf 84' lang='lat' dir='ltr'>intelligi</span> 
     </span>
     <span class='ocr_line' id='line_1_43' title="bbox 372 4373 1976 4453; baseline 0.004 -22"><span class='ocrx_word' id='word_1_325' title='bbox 372 4376 555 4448; x_wconf 83' lang='lat' dir='ltr'>primo</span> <span class='ocrx_word' id='word_1_326' title='bbox 583 4374 650 4431; x_wconf 90' lang='lat' dir='ltr'>de</span> <span class='ocrx_word' id='word_1_327' title='bbox 677 4376 810 4447; x_wconf 88' lang='lat' dir='ltr'>ipsis</span> <span class='ocrx_word' id='word_1_328' title='bbox 839 4373 1016 4431; x_wconf 83' lang='lat' dir='ltr'>verbis</span> <span class='ocrx_word' id='word_1_329' title='bbox 1035 4416 1050 4446; x_wconf 97' lang='lat'>,</span> <span class='ocrx_word' id='word_1_330' title='bbox 1085 4382 1146 4433; x_wconf 89' lang='lat' dir='ltr'>ut</span> <span class='ocrx_word' id='word_1_331' title='bbox 1174 4378 1282 4433; x_wconf 90' lang='lat' dir='ltr'>sint</span> <span class='ocrx_word' id='word_1_332' title='bbox 1307 4378 1457 4435; x_wconf 89' lang='lat' dir='ltr'>clara</span> <span class='ocrx_word' id='word_1_333' title='bbox 1485 4385 1542 4436; x_wconf 90' lang='lat' dir='ltr'>et</span> <span class='ocrx_word' id='word_1_334' title='bbox 1567 4381 1877 4453; x_wconf 89' lang='lat' dir='ltr'>perspicua,</span> <span class='ocrx_word' id='word_1_335' title='bbox 1907 4397 1976 4439; x_wconf 90' lang='lat' dir='ltr'>ne</span> 
     </span>
     <span class='ocr_line' id='line_1_44' title="bbox 375 4464 1971 4541; baseline 0.003 -22"><span class='ocrx_word' id='word_1_336' title='bbox 375 4464 728 4519; x_wconf 80' lang='lat' dir='ltr'>occasionem</span> <span class='ocrx_word' id='word_1_337' title='bbox 765 4464 1063 4534; x_wconf 89' lang='lat' dir='ltr'>praebeant</span> <span class='ocrx_word' id='word_1_338' title='bbox 1098 4466 1300 4522; x_wconf 88' lang='lat' dir='ltr'>erroris</span> <span class='ocrx_word' id='word_1_339' title='bbox 1347 4472 1443 4523; x_wconf 89' lang='lat' dir='ltr'>aut</span> <span class='ocrx_word' id='word_1_340' title='bbox 1489 4470 1971 4541; x_wconf 82' lang='lat' dir='ltr'>tergiversationis,</span> 
     </span>
     <span class='ocr_line' id='line_1_45' title="bbox 375 4551 1976 4628; baseline 0.004 -22"><span class='ocrx_word' id='word_1_341' title='bbox 375 4551 464 4608; x_wconf 84' lang='lat' dir='ltr'>vel</span> <span class='ocrx_word' id='word_1_342' title='bbox 483 4552 800 4623; x_wconf 90' lang='lat' dir='ltr'>opinionum</span> <span class='ocrx_word' id='word_1_343' title='bbox 822 4559 878 4608; x_wconf 92' lang='lat' dir='ltr'>et</span> <span class='ocrx_word' id='word_1_344' title='bbox 897 4552 1429 4626; x_wconf 86' lang='lat' dir='ltr'>interpretationum,</span> <span class='ocrx_word' id='word_1_345' title='bbox 1443 4572 1510 4612; x_wconf 83' lang='lat' dir='ltr'>ex</span> <span class='ocrx_word' id='word_1_346' title='bbox 1531 4556 1732 4628; x_wconf 88' lang='lat' dir='ltr'>quibus</span> <span class='ocrx_word' id='word_1_347' title='bbox 1754 4563 1810 4614; x_wconf 92' lang='lat' dir='ltr'>et</span> <span class='ocrx_word' id='word_1_348' title='bbox 1828 4557 1976 4614; x_wconf 88' lang='lat' dir='ltr'>frau-</span> 
     </span>
     <span class='ocr_line' id='line_1_46' title="bbox 375 4640 1975 4713; baseline 0.004 -16"><span class='ocrx_word' id='word_1_349' title='bbox 375 4642 476 4698; x_wconf 86' lang='lat' dir='ltr'>des</span> <span class='ocrx_word' id='word_1_350' title='bbox 521 4646 577 4696; x_wconf 90' lang='lat' dir='ltr'>et</span> <span class='ocrx_word' id='word_1_351' title='bbox 617 4641 741 4696; x_wconf 86' lang='lat' dir='ltr'>lites</span> <span class='ocrx_word' id='word_1_352' title='bbox 784 4641 934 4696; x_wconf 89' lang='lat' dir='ltr'>nasci</span> <span class='ocrx_word' id='word_1_353' title='bbox 973 4640 1181 4713; x_wconf 87' lang='lat' dir='ltr'>solent,</span> <span class='ocrx_word' id='word_1_354' title='bbox 1225 4647 1280 4698; x_wconf 90' lang='lat' dir='ltr'>et</span> <span class='ocrx_word' id='word_1_355' title='bbox 1316 4644 1370 4699; x_wconf 89' lang='lat' dir='ltr'>in</span> <span class='ocrx_word' id='word_1_356' title='bbox 1411 4642 1516 4700; x_wconf 87' lang='lat' dir='ltr'>hoc</span> <span class='ocrx_word' id='word_1_357' title='bbox 1557 4660 1720 4701; x_wconf 89' lang='lat' dir='ltr'>sensu</span> <span class='ocrx_word' id='word_1_358' title='bbox 1760 4646 1975 4703; x_wconf 86' lang='lat' dir='ltr'>videtur</span> 
     </span>
     <span class='ocr_line' id='line_1_47' title="bbox 379 4728 1975 4807; baseline 0.006 -24"><span class='ocrx_word' id='word_1_359' title='bbox 379 4730 680 4801; x_wconf 83' lang='lat' dir='ltr'>praecipue</span> <span class='ocrx_word' id='word_1_360' title='bbox 721 4729 789 4785; x_wconf 89' lang='lat' dir='ltr'>ab</span> <span class='ocrx_word' id='word_1_361' title='bbox 829 4728 1036 4785; x_wconf 87' lang='lat' dir='ltr'>Isidoro</span> <span class='ocrx_word' id='word_1_362' title='bbox 1078 4730 1271 4801; x_wconf 87' lang='lat' dir='ltr'>posita.</span> <span class='ocrx_word' id='word_1_363' title='bbox 1315 4732 1405 4788; x_wconf 89' lang='lat' dir='ltr'>Sic</span> <span class='ocrx_word' id='word_1_364' title='bbox 1452 4737 1631 4790; x_wconf 86' lang='lat' dir='ltr'>autem</span> <span class='ocrx_word' id='word_1_365' title='bbox 1676 4737 1975 4807; x_wconf 83' lang='lat' dir='ltr'>requiritur</span> 
     </span>
     <span class='ocr_line' id='line_1_48' title="bbox 377 4814 1975 4895; baseline 0.004 -22"><span class='ocrx_word' id='word_1_366' title='bbox 377 4818 612 4873; x_wconf 83' lang='lat' dir='ltr'>maxime</span> <span class='ocrx_word' id='word_1_367' title='bbox 642 4814 710 4871; x_wconf 86' lang='lat' dir='ltr'>ad</span> <span class='ocrx_word' id='word_1_368' title='bbox 741 4817 1128 4895; x_wconf 74' lang='lat' dir='ltr'>perfectionem</span> <span class='ocrx_word' id='word_1_369' title='bbox 1160 4818 1315 4891; x_wconf 86' lang='lat' dir='ltr'>legis,</span> <span class='ocrx_word' id='word_1_370' title='bbox 1349 4836 1452 4876; x_wconf 92' lang='lat' dir='ltr'>non</span> <span class='ocrx_word' id='word_1_371' title='bbox 1481 4827 1567 4878; x_wconf 90' lang='lat' dir='ltr'>est</span> <span class='ocrx_word' id='word_1_372' title='bbox 1595 4829 1772 4879; x_wconf 90' lang='lat' dir='ltr'>tamen</span> <span class='ocrx_word' id='word_1_373' title='bbox 1800 4823 1868 4880; x_wconf 88' lang='lat' dir='ltr'>de</span> <span class='ocrx_word' id='word_1_374' title='bbox 1889 4840 1975 4880; x_wconf 88' lang='lat' dir='ltr'>es-</span> 
     </span>
    </p>
   </div>
   <div class='ocr_carea' id='block_1_12' title="bbox 379 4904 2000 4985">
    <p class='ocr_par' dir='ltr' id='par_1_12' title="bbox 379 4904 2000 4985">
     <span class='ocr_line' id='line_1_49' title="bbox 379 4904 2000 4985; baseline 0.005 -24"><span class='ocrx_word' id='word_1_375' title='bbox 379 4906 575 4975; x_wconf 85' lang='lat' dir='ltr'>sentia,</span> <span class='ocrx_word' id='word_1_376' title='bbox 605 4911 663 4961; x_wconf 90' lang='lat' dir='ltr'>et</span> <span class='ocrx_word' id='word_1_377' title='bbox 691 4904 778 4960; x_wconf 81' lang='lat' dir='ltr'>vix</span> <span class='ocrx_word' id='word_1_378' title='bbox 805 4911 988 4977; x_wconf 87' lang='lat' dir='ltr'>potest</span> <span class='ocrx_word' id='word_1_379' title='bbox 1014 4904 1293 4979; x_wconf 84' lang='lat' dir='ltr'>diligentia</span> <span class='ocrx_word' id='word_1_380' title='bbox 1323 4909 1558 4965; x_wconf 90' lang='lat' dir='ltr'>humana</span> <span class='ocrx_word' id='word_1_381' title='bbox 1581 4911 1840 4983; x_wconf 88' lang='lat' dir='ltr'>adhiberi,</span> <span class='ocrx_word' id='word_1_382' title='bbox 1865 4923 2000 4985; x_wconf 79' lang='lat' dir='ltr'>qua·</span> 
     </span>
    </p>
   </div>
   <div class='ocr_carea' id='block_1_13' title="bbox 380 4992 1977 5250">
    <p class='ocr_par' dir='ltr' id='par_1_13' title="bbox 380 4992 1977 5250">
     <span class='ocr_line' id='line_1_50' title="bbox 380 4992 1974 5072; baseline 0.006 -24"><span class='ocrx_word' id='word_1_383' title='bbox 380 4995 622 5049; x_wconf 79' lang='lat' dir='ltr'>vitentur</span> <span class='ocrx_word' id='word_1_384' title='bbox 650 4992 842 5061; x_wconf 90' lang='lat' dir='ltr'>dubia,</span> <span class='ocrx_word' id='word_1_385' title='bbox 885 5008 1026 5065; x_wconf 87' lang='lat' dir='ltr'>quae</span> <span class='ocrx_word' id='word_1_386' title='bbox 1067 4995 1218 5051; x_wconf 88' lang='lat' dir='ltr'>circa</span> <span class='ocrx_word' id='word_1_387' title='bbox 1256 4995 1438 5069; x_wconf 90' lang='lat' dir='ltr'>legum</span> <span class='ocrx_word' id='word_1_388' title='bbox 1481 4997 1886 5072; x_wconf 83' lang='lat' dir='ltr'>intelligentiam</span> <span class='ocrx_word' id='word_1_389' title='bbox 1917 5016 1974 5057; x_wconf 90' lang='lat' dir='ltr'>o·</span> 
     </span>
     <span class='ocr_line' id='line_1_51' title="bbox 380 5079 1974 5161; baseline 0.004 -23"><span class='ocrx_word' id='word_1_390' title='bbox 380 5084 624 5139; x_wconf 88' lang='lat' dir='ltr'>riuntur.</span> <span class='ocrx_word' id='word_1_391' title='bbox 659 5079 916 5137; x_wconf 88' lang='lat' dir='ltr'>Secundo</span> <span class='ocrx_word' id='word_1_392' title='bbox 945 5086 1120 5139; x_wconf 90' lang='lat' dir='ltr'>tamen</span> <span class='ocrx_word' id='word_1_393' title='bbox 1151 5083 1315 5140; x_wconf 89' lang='lat' dir='ltr'>modo</span> <span class='ocrx_word' id='word_1_394' title='bbox 1346 5092 1528 5157; x_wconf 87' lang='lat' dir='ltr'>potest</span> <span class='ocrx_word' id='word_1_395' title='bbox 1555 5087 1804 5160; x_wconf 82' lang='lat' dir='ltr'>intelligi,</span> <span class='ocrx_word' id='word_1_396' title='bbox 1827 5088 1974 5161; x_wconf 87' lang='lat' dir='ltr'>quod</span> 
     </span>
     <span class='ocr_line' id='line_1_52' title="bbox 381 5170 1977 5250; baseline 0.006 -24"><span class='ocrx_word' id='word_1_397' title='bbox 381 5171 465 5227; x_wconf 84' lang='lat' dir='ltr'>lex</span> <span class='ocrx_word' id='word_1_398' title='bbox 493 5170 656 5227; x_wconf 85' lang='lat' dir='ltr'>debet</span> <span class='ocrx_word' id='word_1_399' title='bbox 681 5184 802 5227; x_wconf 87' lang='lat' dir='ltr'>esse</span> <span class='ocrx_word' id='word_1_400' title='bbox 833 5170 1134 5243; x_wconf 86' lang='lat' dir='ltr'>manifesta,</span> <span class='ocrx_word' id='word_1_401' title='bbox 1160 5172 1212 5229; x_wconf 90' lang='lat' dir='ltr'>id</span> <span class='ocrx_word' id='word_1_402' title='bbox 1238 5180 1324 5231; x_wconf 89' lang='lat' dir='ltr'>est</span> <span class='ocrx_word' id='word_1_403' title='bbox 1344 5174 1561 5246; x_wconf 90' lang='lat' dir='ltr'>publice</span> <span class='ocrx_word' id='word_1_404' title='bbox 1583 5180 1886 5250; x_wconf 88' lang='lat' dir='ltr'>proposita,</span> <span class='ocrx_word' id='word_1_405' title='bbox 1911 5188 1977 5236; x_wconf 88' lang='lat' dir='ltr'>ut</span> 
     </span>
    </p>
   </div>
   <div class='ocr_carea' id='block_1_14' title="bbox 3462 346 3544 407">
    <p class='ocr_par' dir='ltr' id='par_1_14' title="bbox 3462 346 3544 407">
     <span class='ocr_line' id='line_1_53' title="bbox 3462 346 3544 407; baseline 0 0"><span class='ocrx_word' id='word_1_406' title='bbox 3462 346 3544 407; x_wconf 81' lang='lat'>47</span> 
     </span>
    </p>
   </div>
   <div class='ocr_carea' id='block_1_15' title="bbox 2031 482 3647 5245">
    <p class='ocr_par' dir='ltr' id='par_1_15' title="bbox 2031 482 3641 2060">
     <span class='ocr_line' id='line_1_54' title="bbox 2031 482 3631 556; baseline 0.002 -17"><span class='ocrx_word' id='word_1_407' title='bbox 2031 483 2098 539; x_wconf 87' lang='lat' dir='ltr'>ab</span> <span class='ocrx_word' id='word_1_408' title='bbox 2127 484 2381 540; x_wconf 87' lang='lat' dir='ltr'>omnibus</span> <span class='ocrx_word' id='word_1_409' title='bbox 2412 482 2514 556; x_wconf 90' lang='lat' dir='ltr'>legi</span> <span class='ocrx_word' id='word_1_410' title='bbox 2543 484 2742 555; x_wconf 83' lang='lat' dir='ltr'>possit,</span> <span class='ocrx_word' id='word_1_411' title='bbox 2776 484 2856 541; x_wconf 86' lang='lat' dir='ltr'>vel</span> <span class='ocrx_word' id='word_1_412' title='bbox 2886 483 3089 554; x_wconf 79' lang='lat' dir='ltr'>audiri3</span> <span class='ocrx_word' id='word_1_413' title='bbox 3122 490 3176 541; x_wconf 89' lang='lat' dir='ltr'>et</span> <span class='ocrx_word' id='word_1_414' title='bbox 3205 483 3309 542; x_wconf 88' lang='lat' dir='ltr'>hoc</span> <span class='ocrx_word' id='word_1_415' title='bbox 3340 484 3501 551; x_wconf 87' lang='lat' dir='ltr'>modo</span> <span class='ocrx_word' id='word_1_416' title='bbox 3526 486 3631 543; x_wconf 88' lang='lat' dir='ltr'>erit</span> 
     </span>
     <span class='ocr_line' id='line_1_55' title="bbox 2031 571 3634 653; baseline 0.002 -25"><span class='ocrx_word' id='word_1_417' title='bbox 2031 571 2271 629; x_wconf 89' lang='lat' dir='ltr'>conditio</span> <span class='ocrx_word' id='word_1_418' title='bbox 2312 572 2485 644; x_wconf 89' lang='lat' dir='ltr'>magis</span> <span class='ocrx_word' id='word_1_419' title='bbox 2524 573 2861 643; x_wconf 79' lang='lat' dir='ltr'>essentialis,</span> <span class='ocrx_word' id='word_1_420' title='bbox 2892 589 3060 653; x_wconf 84' lang='lat' dir='ltr'>quam</span> <span class='ocrx_word' id='word_1_421' title='bbox 3090 572 3175 629; x_wconf 86' lang='lat' dir='ltr'>vel</span> <span class='ocrx_word' id='word_1_422' title='bbox 3204 574 3368 630; x_wconf 89' lang='lat' dir='ltr'>etiam</span> <span class='ocrx_word' id='word_1_423' title='bbox 3400 572 3634 632; x_wconf 88' lang='lat' dir='ltr'>intendit</span> 
     </span>
     <span class='ocr_line' id='line_1_56' title="bbox 2033 660 3633 735; baseline 0.002 -19"><span class='ocrx_word' id='word_1_424' title='bbox 2033 660 2313 730; x_wconf 76' lang='lat' dir='ltr'>lsidoruS,</span> <span class='ocrx_word' id='word_1_425' title='bbox 2345 660 2429 716; x_wconf 86' lang='lat' dir='ltr'>vel</span> <span class='ocrx_word' id='word_1_426' title='bbox 2470 667 2622 716; x_wconf 90' lang='lat' dir='ltr'>certe</span> <span class='ocrx_word' id='word_1_427' title='bbox 2663 660 2809 717; x_wconf 89' lang='lat' dir='ltr'>illam</span> <span class='ocrx_word' id='word_1_428' title='bbox 2850 661 3136 733; x_wconf 85' lang='lat' dir='ltr'>supponit,</span> <span class='ocrx_word' id='word_1_429' title='bbox 3169 663 3299 735; x_wconf 90' lang='lat' dir='ltr'>quia</span> <span class='ocrx_word' id='word_1_430' title='bbox 3326 662 3633 734; x_wconf 86' lang='lat' dir='ltr'>specialiter</span> 
     </span>
     <span class='ocr_line' id='line_1_57' title="bbox 2033 747 3631 823; baseline 0.002 -19"><span class='ocrx_word' id='word_1_431' title='bbox 2033 749 2144 822; x_wconf 90' lang='lat' dir='ltr'>agit</span> <span class='ocrx_word' id='word_1_432' title='bbox 2172 747 2239 803; x_wconf 91' lang='lat' dir='ltr'>de</span> <span class='ocrx_word' id='word_1_433' title='bbox 2268 748 2383 819; x_wconf 86' lang='lat' dir='ltr'>lege</span> <span class='ocrx_word' id='word_1_434' title='bbox 2413 748 2671 821; x_wconf 88' lang='lat' dir='ltr'>bumana,</span> <span class='ocrx_word' id='word_1_435' title='bbox 2704 748 2771 805; x_wconf 90' lang='lat' dir='ltr'>de</span> <span class='ocrx_word' id='word_1_436' title='bbox 2798 765 2908 821; x_wconf 90' lang='lat' dir='ltr'>qua</span> <span class='ocrx_word' id='word_1_437' title='bbox 2934 747 3147 806; x_wconf 83' lang='lat' dir='ltr'>dixerat</span> <span class='ocrx_word' id='word_1_438' title='bbox 3174 766 3216 807; x_wconf 85' lang='lat' dir='ltr'>a</span> <span class='ocrx_word' id='word_1_439' title='bbox 3242 749 3481 823; x_wconf 67' lang='lat' dir='ltr'>legendo</span> <span class='ocrx_word' id='word_1_440' title='bbox 3507 765 3631 807; x_wconf 89' lang='lat' dir='ltr'>esse</span> 
     </span>
     <span class='ocr_line' id='line_1_58' title="bbox 2031 836 3631 912; baseline 0.001 -19"><span class='ocrx_word' id='word_1_441' title='bbox 2031 836 2269 908; x_wconf 88' lang='lat' dir='ltr'>dictam,</span> <span class='ocrx_word' id='word_1_442' title='bbox 2301 838 2429 909; x_wconf 91' lang='lat' dir='ltr'>quia</span> <span class='ocrx_word' id='word_1_443' title='bbox 2458 836 2621 893; x_wconf 89' lang='lat' dir='ltr'>debet</span> <span class='ocrx_word' id='word_1_444' title='bbox 2646 852 2769 893; x_wconf 90' lang='lat' dir='ltr'>esse</span> <span class='ocrx_word' id='word_1_445' title='bbox 2798 838 3022 909; x_wconf 88' lang='lat' dir='ltr'>scripta,</span> <span class='ocrx_word' id='word_1_446' title='bbox 3054 844 3119 895; x_wconf 90' lang='lat' dir='ltr'>ut</span> <span class='ocrx_word' id='word_1_447' title='bbox 3143 838 3211 894; x_wconf 90' lang='lat' dir='ltr'>ab</span> <span class='ocrx_word' id='word_1_448' title='bbox 3238 837 3494 895; x_wconf 89' lang='lat' dir='ltr'>omnibus</span> <span class='ocrx_word' id='word_1_449' title='bbox 3526 838 3631 912; x_wconf 91' lang='lat' dir='ltr'>legi</span> 
     </span>
     <span class='ocr_line' id='line_1_59' title="bbox 2033 923 3637 1005; baseline 0.001 -24"><span class='ocrx_word' id='word_1_450' title='bbox 2033 926 2229 997; x_wconf 88' lang='lat' dir='ltr'>possit.</span> <span class='ocrx_word' id='word_1_451' title='bbox 2256 924 2409 982; x_wconf 90' lang='lat' dir='ltr'>Unde</span> <span class='ocrx_word' id='word_1_452' title='bbox 2434 924 2627 981; x_wconf 89' lang='lat' dir='ltr'>ibidem</span> <span class='ocrx_word' id='word_1_453' title='bbox 2650 923 2951 996; x_wconf 88' lang='lat' dir='ltr'>concludit,</span> <span class='ocrx_word' id='word_1_454' title='bbox 2974 925 3177 981; x_wconf 85' lang='lat' dir='ltr'>debere</span> <span class='ocrx_word' id='word_1_455' title='bbox 3200 941 3323 985; x_wconf 83' lang='lat' dir='ltr'>esse</span> <span class='ocrx_word' id='word_1_456' title='bbox 3342 943 3451 1000; x_wconf 82' lang='lat' dir='ltr'>pro</span> <span class='ocrx_word' id='word_1_457' title='bbox 3476 944 3637 1005; x_wconf 74' lang='lat' dir='ltr'>com-5</span> 
     </span>
     <span class='ocr_line' id='line_1_60' title="bbox 2034 1012 3634 1088; baseline 0.001 -19"><span class='ocrx_word' id='word_1_458' title='bbox 2034 1017 2206 1069; x_wconf 67' lang='lat' dir='ltr'>naum:</span> <span class='ocrx_word' id='word_1_459' title='bbox 2239 1012 2960 1086; x_wconf 75' lang='lat' dir='ltr'>utilitate‘conscriptam,</span> <span class='ocrx_word' id='word_1_460' title='bbox 2994 1013 3141 1087; x_wconf 90' lang='lat' dir='ltr'>quod</span> <span class='ocrx_word' id='word_1_461' title='bbox 3170 1015 3285 1071; x_wconf 84' lang='lat' dir='ltr'>sine</span> <span class='ocrx_word' id='word_1_462' title='bbox 3317 1015 3634 1088; x_wconf 88' lang='lat' dir='ltr'>promulga-</span> 
     </span>
     <span class='ocr_line' id='line_1_61' title="bbox 2033 1101 3631 1176; baseline 0.003 -19"><span class='ocrx_word' id='word_1_463' title='bbox 2033 1104 2177 1158; x_wconf 90' lang='lat' dir='ltr'>tione</span> <span class='ocrx_word' id='word_1_464' title='bbox 2201 1102 2399 1159; x_wconf 86' lang='lat' dir='ltr'>habere</span> <span class='ocrx_word' id='word_1_465' title='bbox 2422 1118 2530 1157; x_wconf 89' lang='lat' dir='ltr'>non</span> <span class='ocrx_word' id='word_1_466' title='bbox 2552 1107 2748 1174; x_wconf 88' lang='lat' dir='ltr'>potest.</span> <span class='ocrx_word' id='word_1_467' title='bbox 2782 1103 2852 1159; x_wconf 89' lang='lat' dir='ltr'>Et</span> <span class='ocrx_word' id='word_1_468' title='bbox 2880 1102 2933 1158; x_wconf 88' lang='lat' dir='ltr'>in</span> <span class='ocrx_word' id='word_1_469' title='bbox 2958 1101 3149 1159; x_wconf 90' lang='lat' dir='ltr'>eodem</span> <span class='ocrx_word' id='word_1_470' title='bbox 3179 1103 3341 1175; x_wconf 89' lang='lat' dir='ltr'>libro,</span> <span class='ocrx_word' id='word_1_471' title='bbox 3372 1120 3497 1176; x_wconf 89' lang='lat' dir='ltr'>cap.</span> <span class='ocrx_word' id='word_1_472' title='bbox 3539 1111 3631 1164; x_wconf 86' lang='lat'>10.</span> 
     </span>
     <span class='ocr_line' id='line_1_62' title="bbox 2037 1190 3633 1265; baseline 0.003 -20"><span class='ocrx_word' id='word_1_473' title='bbox 2037 1191 2141 1258; x_wconf 88' lang='lat' dir='ltr'>ait,</span> <span class='ocrx_word' id='word_1_474' title='bbox 2186 1190 2355 1263; x_wconf 87' lang='lat' dir='ltr'>legem</span> <span class='ocrx_word' id='word_1_475' title='bbox 2384 1206 2505 1246; x_wconf 89' lang='lat' dir='ltr'>esse</span> <span class='ocrx_word' id='word_1_476' title='bbox 2531 1192 3005 1247; x_wconf 76' lang='lat' dir='ltr'>constitutionem</span> <span class='ocrx_word' id='word_1_477' title='bbox 3032 1190 3263 1264; x_wconf 77' lang='lat' dir='ltr'>populi,</span> <span class='ocrx_word' id='word_1_478' title='bbox 3298 1207 3419 1265; x_wconf 80' lang='lat' dir='ltr'>qua</span> <span class='ocrx_word' id='word_1_479' title='bbox 3448 1196 3633 1250; x_wconf 78' lang='lat' dir='ltr'>maio-</span> 
     </span>
     <span class='ocr_line' id='line_1_63' title="bbox 2034 1273 3626 1351; baseline 0.002 -17"><span class='ocrx_word' id='word_1_480' title='bbox 2034 1294 2128 1335; x_wconf 85' lang='lat' dir='ltr'>res</span> <span class='ocrx_word' id='word_1_481' title='bbox 2160 1285 2312 1336; x_wconf 78' lang='lat' dir='ltr'>natu</span> <span class='ocrx_word' id='word_1_482' title='bbox 2352 1277 2536 1335; x_wconf 81' lang='lat' dir='ltr'>simul</span> <span class='ocrx_word' id='word_1_483' title='bbox 2560 1294 2695 1335; x_wconf 76' lang='lat' dir='ltr'>cum</span> <span class='ocrx_word' id='word_1_484' title='bbox 2712 1273 2983 1351; x_wconf 79' lang='lat' dir='ltr'>plebibus</span> <span class='ocrx_word' id='word_1_485' title='bbox 3014 1278 3247 1351; x_wconf 77' lang='lat' dir='ltr'>aliquid</span> <span class='ocrx_word' id='word_1_486' title='bbox 3272 1285 3626 1337; x_wconf 75' lang='lat' dir='ltr'>sanxerunt.</span> 
     </span>
     <span class='ocr_line' id='line_1_64' title="bbox 2034 1365 3634 1440; baseline 0.002 -17"><span class='ocrx_word' id='word_1_487' title='bbox 2034 1369 2091 1423; x_wconf 90' lang='lat' dir='ltr'>In</span> <span class='ocrx_word' id='word_1_488' title='bbox 2121 1384 2233 1440; x_wconf 92' lang='lat' dir='ltr'>quo</span> <span class='ocrx_word' id='word_1_489' title='bbox 2262 1365 2494 1424; x_wconf 87' lang='lat' dir='ltr'>includit</span> <span class='ocrx_word' id='word_1_490' title='bbox 2521 1367 3036 1440; x_wconf 83' lang='lat' dir='ltr'>promulgationem.</span> <span class='ocrx_word' id='word_1_491' title='bbox 3070 1367 3328 1425; x_wconf 88' lang='lat' dir='ltr'>Eamdem</span> <span class='ocrx_word' id='word_1_492' title='bbox 3371 1368 3634 1426; x_wconf 88' lang='lat' dir='ltr'>conditio-</span> 
     </span>
     <span class='ocr_line' id='line_1_65' title="bbox 2037 1455 3635 1529; baseline 0.001 -16"><span class='ocrx_word' id='word_1_493' title='bbox 2037 1473 2160 1513; x_wconf 89' lang='lat' dir='ltr'>nem</span> <span class='ocrx_word' id='word_1_494' title='bbox 2194 1455 2397 1514; x_wconf 88' lang='lat' dir='ltr'>indicat</span> <span class='ocrx_word' id='word_1_495' title='bbox 2424 1458 2706 1514; x_wconf 88' lang='lat' dir='ltr'>Gratianus</span> <span class='ocrx_word' id='word_1_496' title='bbox 2732 1458 2785 1512; x_wconf 89' lang='lat' dir='ltr'>in</span> <span class='ocrx_word' id='word_1_497' title='bbox 2814 1457 2839 1525; x_wconf 67' lang='grc' dir='ltr'><strong>ἕ</strong></span> <span class='ocrx_word' id='word_1_498' title='bbox 2868 1456 3048 1529; x_wconf 78' lang='lat' dir='ltr'>leqes,</span> <span class='ocrx_word' id='word_1_499' title='bbox 3084 1458 3177 1514; x_wconf 90' lang='lat' dir='ltr'>ubi</span> <span class='ocrx_word' id='word_1_500' title='bbox 3206 1460 3429 1529; x_wconf 84' lang='lat' dir='ltr'>exponit</span> <span class='ocrx_word' id='word_1_501' title='bbox 3468 1459 3635 1515; x_wconf 80' lang='lat' dir='ltr'>verba</span> 
     </span>
     <span class='ocr_line' id='line_1_66' title="bbox 2037 1544 3635 1620; baseline 0.003 -19"><span class='ocrx_word' id='word_1_502' title='bbox 2037 1546 2325 1618; x_wconf 83' lang='lat' dir='ltr'>Augustini</span> <span class='ocrx_word' id='word_1_503' title='bbox 2354 1546 2445 1602; x_wconf 88' lang='lat' dir='ltr'>lib.</span> <span class='ocrx_word' id='word_1_504' title='bbox 2480 1545 2717 1603; x_wconf 84' lang='lat' dir='ltr'>devera</span> <span class='ocrx_word' id='word_1_505' title='bbox 2740 1544 2913 1618; x_wconf 72' lang='lat' dir='ltr'>reliq.</span> <span class='ocrx_word' id='word_1_506' title='bbox 2945 1562 3068 1618; x_wconf 91' lang='lat' dir='ltr'>cap.</span> <span class='ocrx_word' id='word_1_507' title='bbox 3098 1552 3191 1617; x_wconf 84' lang='lat'>31,</span> <span class='ocrx_word' id='word_1_508' title='bbox 3216 1561 3358 1620; x_wconf 86' lang='lat' dir='ltr'>quae</span> <span class='ocrx_word' id='word_1_509' title='bbox 3388 1547 3457 1603; x_wconf 90' lang='lat' dir='ltr'>ibi</span> <span class='ocrx_word' id='word_1_510' title='bbox 3488 1553 3635 1605; x_wconf 85' lang='lat' dir='ltr'>retu·</span> 
     </span>
     <span class='ocr_line' id='line_1_67' title="bbox 2037 1634 3635 1709; baseline 0.001 -19"><span class='ocrx_word' id='word_1_511' title='bbox 2037 1634 2175 1692; x_wconf 90' lang='lat' dir='ltr'>lerat</span> <span class='ocrx_word' id='word_1_512' title='bbox 2204 1650 2326 1706; x_wconf 87' lang='lat' dir='ltr'>cap.</span> <span class='ocrx_word' id='word_1_513' title='bbox 2356 1642 2425 1693; x_wconf 82' lang='lat' dir='ltr'>In</span> <span class='ocrx_word' id='word_1_514' title='bbox 2444 1637 2595 1697; x_wconf 77' lang='lat' dir='ltr'>istis,</span> <span class='ocrx_word' id='word_1_515' title='bbox 2615 1634 2903 1706; x_wconf 89' lang='lat' dir='ltr'>·videlicet,</span> <span class='ocrx_word' id='word_1_516' title='bbox 2928 1634 3098 1709; x_wconf 64' lang='lat' dir='ltr'>leges,</span> <span class='ocrx_word' id='word_1_517' title='bbox 3124 1640 3443 1709; x_wconf 79' lang='lat' dir='ltr'>postquam</span> <span class='ocrx_word' id='word_1_518' title='bbox 3465 1638 3635 1693; x_wconf 78' lang='lat' dir='ltr'>insti-</span> 
     </span>
     <span class='ocr_line' id='line_1_68' title="bbox 2039 1710 3635 1797; baseline 0.002 -19"><span class='ocrx_word' id='word_1_519' title='bbox 2039 1710 2204 1779; x_wconf 70' lang='lat' dir='ltr'>tutae</span> <span class='ocrx_word' id='word_1_520' title='bbox 2232 1729 2287 1779; x_wconf 82' lang='lat' dir='ltr'>et</span> <span class='ocrx_word' id='word_1_521' title='bbox 2300 1722 2598 1794; x_wconf 80' lang='lat' dir='ltr'>firmatae</span> <span class='ocrx_word' id='word_1_522' title='bbox 2624 1728 2777 1790; x_wconf 66' lang='lat' dir='ltr'>stant,</span> <span class='ocrx_word' id='word_1_523' title='bbox 2815 1740 2933 1779; x_wconf 80' lang='lat' dir='ltr'>non</span> <span class='ocrx_word' id='word_1_524' title='bbox 2949 1738 3127 1797; x_wconf 83' lang='lat' dir='ltr'>posse</span> <span class='ocrx_word' id='word_1_525' title='bbox 3148 1739 3191 1780; x_wconf 86' lang='lat' dir='ltr'>a</span> <span class='ocrx_word' id='word_1_526' title='bbox 3208 1723 3459 1781; x_wconf 77' lang='lat' dir='ltr'>subditis</span> <span class='ocrx_word' id='word_1_527' title='bbox 3476 1723 3635 1781; x_wconf 74' lang='lat' dir='ltr'>iudi-</span> 
     </span>
     <span class='ocr_line' id='line_1_69' title="bbox 2037 1805 3629 1885; baseline 0.003 -18"><span class='ocrx_word' id='word_1_528' title='bbox 2037 1814 2185 1867; x_wconf 76' lang='lat' dir='ltr'>cari.</span> <span class='ocrx_word' id='word_1_529' title='bbox 2230 1810 2390 1868; x_wconf 79' lang='lat' dir='ltr'>Addit</span> <span class='ocrx_word' id='word_1_530' title='bbox 2428 1805 2613 1867; x_wconf 81' lang='lat' dir='ltr'>aute&#39;m</span> <span class='ocrx_word' id='word_1_531' title='bbox 2642 1812 2972 1880; x_wconf 89' lang='lat' dir='ltr'>Gratianus,</span> <span class='ocrx_word' id='word_1_532' title='bbox 3017 1816 3161 1867; x_wconf 75' lang='lat' dir='ltr'>tunc</span> <span class='ocrx_word' id='word_1_533' title='bbox 3196 1810 3347 1885; x_wconf 69' lang='lat' dir='ltr'>leges</span> <span class='ocrx_word' id='word_1_534' title='bbox 3376 1814 3629 1873; x_wconf 76' lang='lat' dir='ltr'>institui.</span> 
     </span>
     <span class='ocr_line' id='line_1_70' title="bbox 2037 1896 3641 1972; baseline 0.002 -18"><span class='ocrx_word' id='word_1_535' title='bbox 2037 1897 2281 1971; x_wconf 77' lang='lat' dir='ltr'>quando</span> <span class='ocrx_word' id='word_1_536' title='bbox 2316 1896 2810 1972; x_wconf 60' lang='lat' dir='ltr'>promulgaturum</span> <span class='ocrx_word' id='word_1_537' title='bbox 2837 1897 3091 1970; x_wconf 79' lang='lat' dir='ltr'>firmari</span> <span class='ocrx_word' id='word_1_538' title='bbox 3125 1905 3355 1967; x_wconf 77' lang='lat' dir='ltr'>autem,</span> <span class='ocrx_word' id='word_1_539' title='bbox 3399 1898 3641 1972; x_wconf 79' lang='lat' dir='ltr'>quando</span> 
     </span>
     <span class='ocr_line' id='line_1_71' title="bbox 2041 1986 2723 2060; baseline 0 -17"><span class='ocrx_word' id='word_1_540' title='bbox 2041 1986 2303 2043; x_wconf 77' lang='lat' dir='ltr'>moribus</span> <span class='ocrx_word' id='word_1_541' title='bbox 2326 1989 2723 2060; x_wconf 76' lang='lat' dir='ltr'>recipiuntur.</span> 
     </span>
    </p>

    <p class='ocr_par' dir='ltr' id='par_1_16' title="bbox 2033 2074 3645 3740">
     <span class='ocr_line' id='line_1_72' title="bbox 2116 2074 3638 2145; baseline 0.003 -15"><span class='ocrx_word' id='word_1_542' title='bbox 2116 2074 2291 2131; x_wconf 86' lang='lat' dir='ltr'>Habet</span> <span class='ocrx_word' id='word_1_543' title='bbox 2320 2080 2502 2131; x_wconf 88' lang='lat' dir='ltr'>autem</span> <span class='ocrx_word' id='word_1_544' title='bbox 2532 2074 2668 2130; x_wconf 89' lang='lat' dir='ltr'>haec</span> <span class='ocrx_word' id='word_1_545' title='bbox 2698 2074 3007 2145; x_wconf 88' lang='lat' dir='ltr'>proprietas</span> <span class='ocrx_word' id='word_1_546' title='bbox 3032 2074 3321 2145; x_wconf 88' lang='lat' dir='ltr'>specialem</span> <span class='ocrx_word' id='word_1_547' title='bbox 3341 2074 3638 2134; x_wconf 83' lang='lat' dir='ltr'>difficulta-</span> 
     </span>
     <span class='ocr_line' id='line_1_73' title="bbox 2045 2162 3642 2236; baseline 0.001 -16"><span class='ocrx_word' id='word_1_548' title='bbox 2045 2172 2151 2221; x_wconf 89' lang='lat' dir='ltr'>tem</span> <span class='ocrx_word' id='word_1_549' title='bbox 2195 2165 2245 2220; x_wconf 89' lang='lat' dir='ltr'>in</span> <span class='ocrx_word' id='word_1_550' title='bbox 2288 2162 2407 2235; x_wconf 89' lang='lat' dir='ltr'>lege</span> <span class='ocrx_word' id='word_1_551' title='bbox 2449 2170 2695 2228; x_wconf 87' lang='lat' dir='ltr'>aeterna,</span> <span class='ocrx_word' id='word_1_552' title='bbox 2726 2163 2856 2236; x_wconf 85' lang='lat' dir='ltr'>quia</span> <span class='ocrx_word' id='word_1_553' title='bbox 2885 2169 2945 2220; x_wconf 92' lang='lat' dir='ltr'>ut</span> <span class='ocrx_word' id='word_1_554' title='bbox 2971 2170 3189 2220; x_wconf 87' lang='lat' dir='ltr'>aeterna</span> <span class='ocrx_word' id='word_1_555' title='bbox 3217 2170 3323 2234; x_wconf 89' lang='lat' dir='ltr'>est,</span> <span class='ocrx_word' id='word_1_556' title='bbox 3354 2180 3461 2221; x_wconf 92' lang='lat' dir='ltr'>non</span> <span class='ocrx_word' id='word_1_557' title='bbox 3492 2164 3642 2222; x_wconf 87' lang='lat' dir='ltr'>vide·</span> 
     </span>
     <span class='ocr_line' id='line_1_74' title="bbox 2045 2250 3641 2324; baseline 0.001 -17"><span class='ocrx_word' id='word_1_558' title='bbox 2045 2261 2138 2309; x_wconf 88' lang='lat' dir='ltr'>tur</span> <span class='ocrx_word' id='word_1_559' title='bbox 2174 2268 2343 2323; x_wconf 85' lang='lat' dir='ltr'>capax</span> <span class='ocrx_word' id='word_1_560' title='bbox 2375 2250 2857 2324; x_wconf 68' lang='lat' dir='ltr'>promulgationis,</span> <span class='ocrx_word' id='word_1_561' title='bbox 2888 2267 3055 2324; x_wconf 86' lang='lat' dir='ltr'>quam</span> <span class='ocrx_word' id='word_1_562' title='bbox 3082 2251 3465 2309; x_wconf 83' lang='lat' dir='ltr'>difficultatem</span> <span class='ocrx_word' id='word_1_563' title='bbox 3494 2253 3545 2309; x_wconf 89' lang='lat' dir='ltr'>in</span> <span class='ocrx_word' id='word_1_564' title='bbox 3577 2252 3641 2309; x_wconf 90' lang='lat' dir='ltr'>li-</span> 
     </span>
     <span class='ocr_line' id='line_1_75' title="bbox 2042 2339 3640 2413; baseline 0.001 -16"><span class='ocrx_word' id='word_1_565' title='bbox 2042 2341 2140 2397; x_wconf 86' lang='lat' dir='ltr'>bro</span> <span class='ocrx_word' id='word_1_566' title='bbox 2184 2342 2431 2413; x_wconf 85' lang='lat' dir='ltr'>sequenti</span> <span class='ocrx_word' id='word_1_567' title='bbox 2475 2339 2865 2409; x_wconf 88' lang='lat' dir='ltr'>tractabimus,</span> <span class='ocrx_word' id='word_1_568' title='bbox 2905 2340 3032 2412; x_wconf 90' lang='lat' dir='ltr'>quia</span> <span class='ocrx_word' id='word_1_569' title='bbox 3064 2340 3149 2396; x_wconf 88' lang='lat' dir='ltr'>hic</span> <span class='ocrx_word' id='word_1_570' title='bbox 3182 2357 3288 2397; x_wconf 93' lang='lat' dir='ltr'>non</span> <span class='ocrx_word' id='word_1_571' title='bbox 3322 2348 3505 2413; x_wconf 88' lang='lat' dir='ltr'>potest</span> <span class='ocrx_word' id='word_1_572' title='bbox 3533 2358 3640 2398; x_wconf 86' lang='lat' dir='ltr'>una</span> 
     </span>
     <span class='ocr_line' id='line_1_76' title="bbox 2043 2428 3643 2502; baseline 0.001 -17"><span class='ocrx_word' id='word_1_573' title='bbox 2043 2431 2183 2487; x_wconf 86' lang='lat' dir='ltr'>ratio</span> <span class='ocrx_word' id='word_1_574' title='bbox 2210 2430 2519 2486; x_wconf 88' lang='lat' dir='ltr'>communis</span> <span class='ocrx_word' id='word_1_575' title='bbox 2546 2428 2619 2485; x_wconf 91' lang='lat' dir='ltr'>illi</span> <span class='ocrx_word' id='word_1_576' title='bbox 2649 2428 2751 2501; x_wconf 87' lang='lat' dir='ltr'>legi</span> <span class='ocrx_word' id='word_1_577' title='bbox 2781 2444 2911 2485; x_wconf 89' lang='lat' dir='ltr'>cum</span> <span class='ocrx_word' id='word_1_578' title='bbox 2942 2428 3063 2485; x_wconf 87' lang='lat' dir='ltr'>aliis</span> <span class='ocrx_word' id='word_1_579' title='bbox 3084 2428 3259 2498; x_wconf 88' lang='lat' dir='ltr'>reddi,</span> <span class='ocrx_word' id='word_1_580' title='bbox 3288 2437 3344 2487; x_wconf 92' lang='lat' dir='ltr'>et</span> <span class='ocrx_word' id='word_1_581' title='bbox 3366 2429 3485 2487; x_wconf 88' lang='lat' dir='ltr'>ideo</span> <span class='ocrx_word' id='word_1_582' title='bbox 3512 2446 3643 2502; x_wconf 86' lang='lat' dir='ltr'>prae</span> 
     </span>
     <span class='ocr_line' id='line_1_77' title="bbox 2045 2517 3643 2589; baseline 0.001 -15"><span class='ocrx_word' id='word_1_583' title='bbox 2045 2521 2223 2577; x_wconf 87' lang='lat' dir='ltr'>oculis</span> <span class='ocrx_word' id='word_1_584' title='bbox 2252 2519 2500 2577; x_wconf 85' lang='lat' dir='ltr'>habenda</span> <span class='ocrx_word' id='word_1_585' title='bbox 2527 2525 2614 2576; x_wconf 87' lang='lat' dir='ltr'>est</span> <span class='ocrx_word' id='word_1_586' title='bbox 2640 2517 2916 2575; x_wconf 88' lang='lat' dir='ltr'>distinctio</span> <span class='ocrx_word' id='word_1_587' title='bbox 2946 2534 3113 2589; x_wconf 89' lang='lat' dir='ltr'>supra</span> <span class='ocrx_word' id='word_1_588' title='bbox 3142 2519 3414 2576; x_wconf 87' lang='lat' dir='ltr'>insinuata</span> <span class='ocrx_word' id='word_1_589' title='bbox 3442 2518 3509 2574; x_wconf 91' lang='lat' dir='ltr'>de</span> <span class='ocrx_word' id='word_1_590' title='bbox 3540 2518 3643 2576; x_wconf 89' lang='lat' dir='ltr'>du·</span> 
     </span>
     <span class='ocr_line' id='line_1_78' title="bbox 2045 2606 3644 2682; baseline -0.001 -17"><span class='ocrx_word' id='word_1_591' title='bbox 2045 2608 2170 2681; x_wconf 91' lang='lat' dir='ltr'>plici</span> <span class='ocrx_word' id='word_1_592' title='bbox 2200 2609 2342 2682; x_wconf 89' lang='lat' dir='ltr'>lege,</span> <span class='ocrx_word' id='word_1_593' title='bbox 2376 2624 2475 2665; x_wconf 92' lang='lat' dir='ltr'>seu</span> <span class='ocrx_word' id='word_1_594' title='bbox 2502 2607 2704 2680; x_wconf 86' lang='lat' dir='ltr'>duplici</span> <span class='ocrx_word' id='word_1_595' title='bbox 2732 2612 2879 2662; x_wconf 86' lang='lat' dir='ltr'>statu</span> <span class='ocrx_word' id='word_1_596' title='bbox 2910 2606 3044 2680; x_wconf 87' lang='lat' dir='ltr'>legis</span> <span class='ocrx_word' id='word_1_597' title='bbox 3063 2649 3077 2673; x_wconf 84' lang='lat'>‚</span> <span class='ocrx_word' id='word_1_598' title='bbox 3108 2622 3349 2679; x_wconf 89' lang='lat' dir='ltr'>quorum</span> <span class='ocrx_word' id='word_1_599' title='bbox 3384 2624 3527 2665; x_wconf 89' lang='lat' dir='ltr'>unus</span> <span class='ocrx_word' id='word_1_600' title='bbox 3558 2614 3644 2664; x_wconf 90' lang='lat' dir='ltr'>est</span> 
     </span>
     <span class='ocr_line' id='line_1_79' title="bbox 2045 2696 3645 2769; baseline -0.003 -14"><span class='ocrx_word' id='word_1_601' title='bbox 2045 2715 2193 2756; x_wconf 88' lang='lat' dir='ltr'>mere</span> <span class='ocrx_word' id='word_1_602' title='bbox 2221 2699 2466 2767; x_wconf 87' lang='lat' dir='ltr'>interior,</span> <span class='ocrx_word' id='word_1_603' title='bbox 2496 2701 2662 2768; x_wconf 91' lang='lat' dir='ltr'>prout</span> <span class='ocrx_word' id='word_1_604' title='bbox 2684 2696 2767 2753; x_wconf 83' lang='lat' dir='ltr'>lex</span> <span class='ocrx_word' id='word_1_605' title='bbox 2792 2696 3173 2753; x_wconf 88' lang='lat' dir='ltr'>consideratur</span> <span class='ocrx_word' id='word_1_606' title='bbox 3197 2696 3245 2750; x_wconf 88' lang='lat' dir='ltr'>in</span> <span class='ocrx_word' id='word_1_607' title='bbox 3278 2704 3456 2753; x_wconf 88' lang='lat' dir='ltr'>mente</span> <span class='ocrx_word' id='word_1_608' title='bbox 3484 2696 3645 2769; x_wconf 88' lang='lat' dir='ltr'>legis·-</span> 
     </span>
     <span class='ocr_line' id='line_1_80' title="bbox 2033 2784 3645 2859; baseline 0 -16"><span class='ocrx_word' id='word_1_609' title='bbox 2033 2788 2258 2859; x_wconf 69' lang='lat' dir='ltr'>‚latoris,</span> <span class='ocrx_word' id='word_1_610' title='bbox 2297 2787 2436 2844; x_wconf 88' lang='lat' dir='ltr'>alius</span> <span class='ocrx_word' id='word_1_611' title='bbox 2462 2792 2550 2842; x_wconf 89' lang='lat' dir='ltr'>est</span> <span class='ocrx_word' id='word_1_612' title='bbox 2575 2784 2839 2857; x_wconf 83' lang='lat' dir='ltr'>exterior,</span> <span class='ocrx_word' id='word_1_613' title='bbox 2871 2792 3033 2858; x_wconf 89' lang='lat' dir='ltr'>prout</span> <span class='ocrx_word' id='word_1_614' title='bbox 3061 2785 3145 2843; x_wconf 80' lang='lat' dir='ltr'>lex</span> <span class='ocrx_word' id='word_1_615' title='bbox 3174 2786 3359 2842; x_wconf 79' lang='lat' dir='ltr'>existit</span> <span class='ocrx_word' id='word_1_616' title='bbox 3384 2794 3541 2843; x_wconf 84' lang='lat' dir='ltr'>extra</span> <span class='ocrx_word' id='word_1_617' title='bbox 3566 2785 3645 2843; x_wconf 88' lang='lat' dir='ltr'>le-</span> 
     </span>
     <span class='ocr_line' id='line_1_81' title="bbox 2043 2874 3643 2949; baseline 0 -18"><span class='ocrx_word' id='word_1_618' title='bbox 2043 2877 2388 2949; x_wconf 84' lang='lat' dir='ltr'>gislatorem,</span> <span class='ocrx_word' id='word_1_619' title='bbox 2420 2874 2503 2932; x_wconf 87' lang='lat' dir='ltr'>vel</span> <span class='ocrx_word' id='word_1_620' title='bbox 2531 2877 2583 2930; x_wconf 91' lang='lat' dir='ltr'>in</span> <span class='ocrx_word' id='word_1_621' title='bbox 2615 2876 2745 2947; x_wconf 88' lang='lat' dir='ltr'>ipsis</span> <span class='ocrx_word' id='word_1_622' title='bbox 2774 2874 3036 2943; x_wconf 89' lang='lat' dir='ltr'>subditis,</span> <span class='ocrx_word' id='word_1_623' title='bbox 3068 2875 3153 2931; x_wconf 85' lang='lat' dir='ltr'>vel</span> <span class='ocrx_word' id='word_1_624' title='bbox 3180 2874 3233 2930; x_wconf 90' lang='lat' dir='ltr'>in</span> <span class='ocrx_word' id='word_1_625' title='bbox 3274 2875 3458 2949; x_wconf 87' lang='lat' dir='ltr'>aliquo</span> <span class='ocrx_word' id='word_1_626' title='bbox 3486 2878 3643 2949; x_wconf 89' lang='lat' dir='ltr'>signo</span> 
     </span>
     <span class='ocr_line' id='line_1_82' title="bbox 2045 2962 3641 3039; baseline 0.001 -18"><span class='ocrx_word' id='word_1_627' title='bbox 2045 2966 2421 3023; x_wconf 82' lang='lat' dir='ltr'>manifestante</span> <span class='ocrx_word' id='word_1_628' title='bbox 2473 2963 2808 3020; x_wconf 87' lang='lat' dir='ltr'>voluntatem</span> <span class='ocrx_word' id='word_1_629' title='bbox 2866 2962 3213 3035; x_wconf 89' lang='lat' dir='ltr'>legislatoris.</span> <span class='ocrx_word' id='word_1_630' title='bbox 3265 2965 3641 3039; x_wconf 83' lang='lat' dir='ltr'>Promutgatio</span> 
     </span>
     <span class='ocr_line' id='line_1_83' title="bbox 2044 3051 3642 3128; baseline -0.001 -17"><span class='ocrx_word' id='word_1_631' title='bbox 2044 3070 2201 3128; x_wconf 90' lang='lat' dir='ltr'>ergo,</span> <span class='ocrx_word' id='word_1_632' title='bbox 2233 3062 2295 3111; x_wconf 91' lang='lat' dir='ltr'>ut</span> <span class='ocrx_word' id='word_1_633' title='bbox 2320 3071 2386 3111; x_wconf 82' lang='lat' dir='ltr'>ex</span> <span class='ocrx_word' id='word_1_634' title='bbox 2416 3054 2468 3110; x_wconf 84' lang='lat' dir='ltr'>vi</span> <span class='ocrx_word' id='word_1_635' title='bbox 2498 3054 2672 3125; x_wconf 90' lang='lat' dir='ltr'>ipsius</span> <span class='ocrx_word' id='word_1_636' title='bbox 2701 3054 2853 3108; x_wconf 81' lang='lat' dir='ltr'>vocis</span> <span class='ocrx_word' id='word_1_637' title='bbox 2882 3058 3121 3119; x_wconf 85' lang='lat' dir='ltr'>constat,</span> <span class='ocrx_word' id='word_1_638' title='bbox 3155 3051 3361 3110; x_wconf 89' lang='lat' dir='ltr'>dicitur</span> <span class='ocrx_word' id='word_1_639' title='bbox 3384 3058 3642 3125; x_wconf 86' lang='lat' dir='ltr'>respectu</span> 
     </span>
     <span class='ocr_line' id='line_1_84' title="bbox 2045 3139 3641 3216; baseline -0.001 -18"><span class='ocrx_word' id='word_1_640' title='bbox 2045 3143 2179 3216; x_wconf 88' lang='lat' dir='ltr'>legis</span> <span class='ocrx_word' id='word_1_641' title='bbox 2209 3150 2496 3212; x_wconf 81' lang='lat' dir='ltr'>externae3</span> <span class='ocrx_word' id='word_1_642' title='bbox 2522 3156 2646 3196; x_wconf 88' lang='lat' dir='ltr'>nam</span> <span class='ocrx_word' id='word_1_643' title='bbox 2671 3140 3041 3212; x_wconf 85' lang='lat' dir='ltr'>promulgatio</span> <span class='ocrx_word' id='word_1_644' title='bbox 3067 3139 3203 3205; x_wconf 81' lang='lat' dir='ltr'>dicit</span> <span class='ocrx_word' id='word_1_645' title='bbox 3225 3140 3641 3211; x_wconf 87' lang='lat' dir='ltr'>publicationem</span> 
     </span>
     <span class='ocr_line' id='line_1_85' title="bbox 2045 3227 3640 3303; baseline -0.001 -16"><span class='ocrx_word' id='word_1_646' title='bbox 2045 3231 2203 3303; x_wconf 76' lang='lat' dir='ltr'>legiS,</span> <span class='ocrx_word' id='word_1_647' title='bbox 2238 3245 2333 3302; x_wconf 89' lang='lat' dir='ltr'>per</span> <span class='ocrx_word' id='word_1_648' title='bbox 2362 3245 2527 3302; x_wconf 89' lang='lat' dir='ltr'>quam</span> <span class='ocrx_word' id='word_1_649' title='bbox 2554 3230 2778 3300; x_wconf 87' lang='lat' dir='ltr'>possita</span> <span class='ocrx_word' id='word_1_650' title='bbox 2801 3227 3031 3285; x_wconf 86' lang='lat' dir='ltr'>subditis</span> <span class='ocrx_word' id='word_1_651' title='bbox 3055 3231 3343 3300; x_wconf 87' lang='lat' dir='ltr'>cognosci,</span> <span class='ocrx_word' id='word_1_652' title='bbox 3367 3245 3509 3302; x_wconf 92' lang='lat' dir='ltr'>quae</span> <span class='ocrx_word' id='word_1_653' title='bbox 3534 3246 3640 3287; x_wconf 94' lang='lat' dir='ltr'>non</span> 
     </span>
     <span class='ocr_line' id='line_1_86' title="bbox 2045 3315 3635 3390; baseline -0.001 -16"><span class='ocrx_word' id='word_1_654' title='bbox 2045 3325 2225 3390; x_wconf 87' lang='lat' dir='ltr'>potest</span> <span class='ocrx_word' id='word_1_655' title='bbox 2252 3318 2449 3373; x_wconf 88' lang='lat' dir='ltr'>cadere</span> <span class='ocrx_word' id='word_1_656' title='bbox 2479 3318 2530 3372; x_wconf 93' lang='lat' dir='ltr'>in</span> <span class='ocrx_word' id='word_1_657' title='bbox 2561 3317 2755 3389; x_wconf 89' lang='lat' dir='ltr'>legem,</span> <span class='ocrx_word' id='word_1_658' title='bbox 2788 3316 2889 3371; x_wconf 89' lang='lat' dir='ltr'>nisi</span> <span class='ocrx_word' id='word_1_659' title='bbox 2910 3321 2973 3372; x_wconf 92' lang='lat' dir='ltr'>ut</span> <span class='ocrx_word' id='word_1_660' title='bbox 2991 3316 3231 3372; x_wconf 83' lang='lat' dir='ltr'>exterius</span> <span class='ocrx_word' id='word_1_661' title='bbox 3254 3315 3635 3388; x_wconf 89' lang='lat' dir='ltr'>prodeuntem.</span> 
     </span>
     <span class='ocr_line' id='line_1_87' title="bbox 2045 3403 3640 3475; baseline -0.003 -11"><span class='ocrx_word' id='word_1_662' title='bbox 2045 3411 2150 3465; x_wconf 81' lang='lat' dir='ltr'>Lex</span> <span class='ocrx_word' id='word_1_663' title='bbox 2191 3412 2377 3463; x_wconf 88' lang='lat' dir='ltr'>autem</span> <span class='ocrx_word' id='word_1_664' title='bbox 2408 3412 2626 3462; x_wconf 89' lang='lat' dir='ltr'>aeterna</span> <span class='ocrx_word' id='word_1_665' title='bbox 2654 3410 2866 3461; x_wconf 89' lang='lat' dir='ltr'>tantum</span> <span class='ocrx_word' id='word_1_666' title='bbox 2896 3403 3027 3461; x_wconf 90' lang='lat' dir='ltr'>dicit</span> <span class='ocrx_word' id='word_1_667' title='bbox 3054 3403 3227 3475; x_wconf 86' lang='lat' dir='ltr'>legem</span> <span class='ocrx_word' id='word_1_668' title='bbox 3256 3404 3305 3459; x_wconf 92' lang='lat' dir='ltr'>in</span> <span class='ocrx_word' id='word_1_669' title='bbox 3336 3411 3517 3460; x_wconf 89' lang='lat' dir='ltr'>mente</span> <span class='ocrx_word' id='word_1_670' title='bbox 3546 3404 3640 3461; x_wconf 87' lang='lat' dir='ltr'>Dei</span> 
     </span>
     <span class='ocr_line' id='line_1_88' title="bbox 2043 3491 3645 3567; baseline -0.003 -15"><span class='ocrx_word' id='word_1_671' title='bbox 2043 3502 2406 3567; x_wconf 88' lang='lat' dir='ltr'>conceptam,</span> <span class='ocrx_word' id='word_1_672' title='bbox 2437 3500 2493 3551; x_wconf 87' lang='lat' dir='ltr'>et</span> <span class='ocrx_word' id='word_1_673' title='bbox 2518 3492 2641 3549; x_wconf 92' lang='lat' dir='ltr'>ideo</span> <span class='ocrx_word' id='word_1_674' title='bbox 2672 3508 2777 3548; x_wconf 94' lang='lat' dir='ltr'>non</span> <span class='ocrx_word' id='word_1_675' title='bbox 2807 3498 2989 3564; x_wconf 87' lang='lat' dir='ltr'>potest</span> <span class='ocrx_word' id='word_1_676' title='bbox 3013 3491 3203 3548; x_wconf 87' lang='lat' dir='ltr'>eadem</span> <span class='ocrx_word' id='word_1_677' title='bbox 3234 3492 3367 3548; x_wconf 86' lang='lat' dir='ltr'>ratio</span> <span class='ocrx_word' id='word_1_678' title='bbox 3398 3492 3645 3564; x_wconf 90' lang='lat' dir='ltr'>promul-</span> 
     </span>
     <span class='ocr_line' id='line_1_89' title="bbox 2043 3580 3645 3657; baseline -0.003 -16"><span class='ocrx_word' id='word_1_679' title='bbox 2043 3584 2273 3657; x_wconf 87' lang='lat' dir='ltr'>gationis</span> <span class='ocrx_word' id='word_1_680' title='bbox 2304 3582 2373 3639; x_wconf 85' lang='lat' dir='ltr'>ad</span> <span class='ocrx_word' id='word_1_681' title='bbox 2402 3597 2525 3639; x_wconf 89' lang='lat' dir='ltr'>eam</span> <span class='ocrx_word' id='word_1_682' title='bbox 2552 3580 2809 3652; x_wconf 85' lang='lat' dir='ltr'>applicari</span> <span class='ocrx_word' id='word_1_683' title='bbox 2826 3599 2840 3649; x_wconf 71' lang='grc' dir='ltr'><strong>ς</strong></span> <span class='ocrx_word' id='word_1_684' title='bbox 2872 3580 3147 3653; x_wconf 89' lang='lat' dir='ltr'>quomodo</span> <span class='ocrx_word' id='word_1_685' title='bbox 3172 3585 3353 3637; x_wconf 88' lang='lat' dir='ltr'>autem</span> <span class='ocrx_word' id='word_1_686' title='bbox 3374 3582 3426 3636; x_wconf 89' lang='lat' dir='ltr'>in</span> <span class='ocrx_word' id='word_1_687' title='bbox 3455 3580 3542 3636; x_wconf 89' lang='lat' dir='ltr'>illa</span> <span class='ocrx_word' id='word_1_688' title='bbox 3564 3580 3645 3636; x_wconf 88' lang='lat' dir='ltr'>lo·</span> 
     </span>
     <span class='ocr_line' id='line_1_90' title="bbox 2047 3667 3291 3740; baseline -0.004 -12"><span class='ocrx_word' id='word_1_689' title='bbox 2047 3686 2179 3729; x_wconf 89' lang='lat' dir='ltr'>cum</span> <span class='ocrx_word' id='word_1_690' title='bbox 2208 3670 2431 3740; x_wconf 87' lang='lat' dir='ltr'>habeat,</span> <span class='ocrx_word' id='word_1_691' title='bbox 2464 3671 2518 3726; x_wconf 91' lang='lat' dir='ltr'>in</span> <span class='ocrx_word' id='word_1_692' title='bbox 2548 3669 2674 3725; x_wconf 89' lang='lat' dir='ltr'>loco</span> <span class='ocrx_word' id='word_1_693' title='bbox 2704 3668 2938 3739; x_wconf 85' lang='lat' dir='ltr'>allegato</span> <span class='ocrx_word' id='word_1_694' title='bbox 2966 3667 3291 3725; x_wconf 80' lang='lat' dir='ltr'>videbimus.</span> 
     </span>
    </p>

    <p class='ocr_par' dir='ltr' id='par_1_17' title="bbox 2043 3755 3647 5245">
     <span class='ocr_line' id='line_1_91' title="bbox 2122 3755 3643 3832; baseline -0.003 -14"><span class='ocrx_word' id='word_1_695' title='bbox 2122 3767 2177 3819; x_wconf 82' lang='grc'>2.</span> <span class='ocrx_word' id='word_1_696' title='bbox 2210 3759 2304 3816; x_wconf 82' lang='grc' dir='ltr'><strong>ΙΙΙει</strong></span> <span class='ocrx_word' id='word_1_697' title='bbox 2340 3774 2472 3832; x_wconf 89' lang='lat' dir='ltr'>ergo</span> <span class='ocrx_word' id='word_1_698' title='bbox 2510 3760 2745 3828; x_wconf 87' lang='lat' dir='ltr'>omissa,</span> <span class='ocrx_word' id='word_1_699' title='bbox 2785 3757 2852 3814; x_wconf 88' lang='lat' dir='ltr'>de</span> <span class='ocrx_word' id='word_1_700' title='bbox 2888 3755 3007 3813; x_wconf 87' lang='lat' dir='ltr'>aliis</span> <span class='ocrx_word' id='word_1_701' title='bbox 3034 3756 3267 3829; x_wconf 90' lang='lat' dir='ltr'>legibus,</span> <span class='ocrx_word' id='word_1_702' title='bbox 3302 3772 3401 3813; x_wconf 90' lang='lat' dir='ltr'>seu</span> <span class='ocrx_word' id='word_1_703' title='bbox 3432 3756 3498 3813; x_wconf 93' lang='lat' dir='ltr'>de</span> <span class='ocrx_word' id='word_1_704' title='bbox 3526 3756 3643 3829; x_wconf 89' lang='lat' dir='ltr'>lege</span> 
     </span>
     <span class='ocr_line' id='line_1_92' title="bbox 2043 3845 3643 3921; baseline -0.004 -14"><span class='ocrx_word' id='word_1_705' title='bbox 2043 3856 2271 3907; x_wconf 81' lang='lat' dir='ltr'>externa</span> <span class='ocrx_word' id='word_1_706' title='bbox 2293 3851 2496 3921; x_wconf 88' lang='lat' dir='ltr'>optima</span> <span class='ocrx_word' id='word_1_707' title='bbox 2516 3853 2602 3904; x_wconf 91' lang='lat' dir='ltr'>est</span> <span class='ocrx_word' id='word_1_708' title='bbox 2625 3847 2762 3903; x_wconf 89' lang='lat' dir='ltr'>ratio</span> <span class='ocrx_word' id='word_1_709' title='bbox 2784 3845 2839 3902; x_wconf 92' lang='lat' dir='ltr'>d.</span> <span class='ocrx_word' id='word_1_710' title='bbox 2863 3846 3123 3915; x_wconf 87' lang='lat' dir='ltr'>Thomae,</span> <span class='ocrx_word' id='word_1_711' title='bbox 3146 3846 3273 3917; x_wconf 89' lang='lat' dir='ltr'>quia</span> <span class='ocrx_word' id='word_1_712' title='bbox 3298 3852 3360 3901; x_wconf 92' lang='lat' dir='ltr'>ut</span> <span class='ocrx_word' id='word_1_713' title='bbox 3380 3845 3465 3903; x_wconf 87' lang='lat' dir='ltr'>lex</span> <span class='ocrx_word' id='word_1_714' title='bbox 3488 3846 3643 3917; x_wconf 90' lang='lat' dir='ltr'>plene</span> 
     </span>
     <span class='ocr_line' id='line_1_93' title="bbox 2046 3933 3644 4007; baseline -0.004 -12"><span class='ocrx_word' id='word_1_715' title='bbox 2046 3940 2357 3995; x_wconf 89' lang='lat' dir='ltr'>constituta</span> <span class='ocrx_word' id='word_1_716' title='bbox 2388 3937 2478 4007; x_wconf 84' lang='lat' dir='ltr'>sit,</span> <span class='ocrx_word' id='word_1_717' title='bbox 2510 3942 2745 4007; x_wconf 86' lang='lat' dir='ltr'>oportet,</span> <span class='ocrx_word' id='word_1_718' title='bbox 2773 3941 2834 3990; x_wconf 91' lang='lat' dir='ltr'>ut</span> <span class='ocrx_word' id='word_1_719' title='bbox 2864 3934 3060 3991; x_wconf 87' lang='lat' dir='ltr'>babeat</span> <span class='ocrx_word' id='word_1_720' title='bbox 3080 3933 3379 3990; x_wconf 86' lang='lat' dir='ltr'>efficaciam</span> <span class='ocrx_word' id='word_1_721' title='bbox 3401 3933 3644 4006; x_wconf 87' lang='lat' dir='ltr'>obligan-</span> 
     </span>
     <span class='ocr_line' id='line_1_94' title="bbox 2045 4020 3643 4099; baseline -0.003 -16"><span class='ocrx_word' id='word_1_722' title='bbox 2045 4026 2131 4099; x_wconf 72' lang='lat' dir='ltr'>di,</span> <span class='ocrx_word' id='word_1_723' title='bbox 2177 4025 2273 4084; x_wconf 89' lang='lat' dir='ltr'>sed</span> <span class='ocrx_word' id='word_1_724' title='bbox 2316 4025 2455 4081; x_wconf 84' lang='lat' dir='ltr'>hanc</span> <span class='ocrx_word' id='word_1_725' title='bbox 2495 4040 2605 4079; x_wconf 90' lang='lat' dir='ltr'>non</span> <span class='ocrx_word' id='word_1_726' title='bbox 2634 4022 2829 4093; x_wconf 87' lang='lat' dir='ltr'>habet,</span> <span class='ocrx_word' id='word_1_727' title='bbox 2858 4020 3035 4079; x_wconf 89' lang='lat' dir='ltr'>donec</span> <span class='ocrx_word' id='word_1_728' title='bbox 3064 4022 3476 4095; x_wconf 81' lang='lat' dir='ltr'>promulgetur3</span> <span class='ocrx_word' id='word_1_729' title='bbox 3506 4038 3643 4095; x_wconf 87' lang='lat' dir='ltr'>ergo</span> 
     </span>
     <span class='ocr_line' id='line_1_95' title="bbox 2045 4110 3645 4187; baseline -0.003 -16"><span class='ocrx_word' id='word_1_730' title='bbox 2045 4114 2219 4171; x_wconf 90' lang='lat' dir='ltr'>donec</span> <span class='ocrx_word' id='word_1_731' title='bbox 2262 4113 2678 4187; x_wconf 86' lang='lat' dir='ltr'>promulgetur,</span> <span class='ocrx_word' id='word_1_732' title='bbox 2720 4126 2827 4168; x_wconf 90' lang='lat' dir='ltr'>non</span> <span class='ocrx_word' id='word_1_733' title='bbox 2869 4117 2955 4167; x_wconf 89' lang='lat' dir='ltr'>est</span> <span class='ocrx_word' id='word_1_734' title='bbox 2994 4124 3123 4166; x_wconf 81' lang='lat' dir='ltr'>vera</span> <span class='ocrx_word' id='word_1_735' title='bbox 3164 4110 3281 4175; x_wconf 79' lang='lat' dir='ltr'>lex,</span> <span class='ocrx_word' id='word_1_736' title='bbox 3320 4126 3386 4165; x_wconf 88' lang='lat' dir='ltr'>ac</span> <span class='ocrx_word' id='word_1_737' title='bbox 3416 4110 3645 4167; x_wconf 89' lang='lat' dir='ltr'>subinde</span> 
     </span>
     <span class='ocr_line' id='line_1_96' title="bbox 2046 4198 3646 4276; baseline -0.003 -16"><span class='ocrx_word' id='word_1_738' title='bbox 2046 4202 2415 4276; x_wconf 90' lang='lat' dir='ltr'>promulgatio</span> <span class='ocrx_word' id='word_1_739' title='bbox 2443 4207 2529 4257; x_wconf 87' lang='lat' dir='ltr'>est</span> <span class='ocrx_word' id='word_1_740' title='bbox 2556 4200 2623 4257; x_wconf 88' lang='lat' dir='ltr'>de</span> <span class='ocrx_word' id='word_1_741' title='bbox 2650 4200 2857 4255; x_wconf 90' lang='lat' dir='ltr'>ratione</span> <span class='ocrx_word' id='word_1_742' title='bbox 2877 4198 3031 4271; x_wconf 90' lang='lat' dir='ltr'>legis.</span> <span class='ocrx_word' id='word_1_743' title='bbox 3058 4200 3222 4255; x_wconf 77' lang='lat' dir='ltr'>Maior</span> <span class='ocrx_word' id='word_1_744' title='bbox 3249 4204 3490 4271; x_wconf 86' lang='lat' dir='ltr'>constat,</span> <span class='ocrx_word' id='word_1_745' title='bbox 3515 4199 3646 4271; x_wconf 89' lang='lat' dir='ltr'>quia</span> 
     </span>
     <span class='ocr_line' id='line_1_97' title="bbox 2047 4286 3641 4359; baseline -0.004 -10"><span class='ocrx_word' id='word_1_746' title='bbox 2047 4292 2130 4349; x_wconf 81' lang='lat' dir='ltr'>lex</span> <span class='ocrx_word' id='word_1_747' title='bbox 2172 4297 2257 4348; x_wconf 89' lang='lat' dir='ltr'>est</span> <span class='ocrx_word' id='word_1_748' title='bbox 2298 4303 2555 4346; x_wconf 89' lang='lat' dir='ltr'>mensura</span> <span class='ocrx_word' id='word_1_749' title='bbox 2593 4294 2653 4345; x_wconf 89' lang='lat' dir='ltr'>et</span> <span class='ocrx_word' id='word_1_750' title='bbox 2688 4286 2877 4359; x_wconf 87' lang='lat' dir='ltr'>regula</span> <span class='ocrx_word' id='word_1_751' title='bbox 2918 4288 3227 4342; x_wconf 87' lang='lat' dir='ltr'>communis</span> <span class='ocrx_word' id='word_1_752' title='bbox 3264 4286 3641 4357; x_wconf 90' lang='lat' dir='ltr'>operationum</span> 
     </span>
     <span class='ocr_line' id='line_1_98' title="bbox 2046 4362 3643 4450; baseline -0.005 -13"><span class='ocrx_word' id='word_1_753' title='bbox 2046 4380 2253 4436; x_wconf 87' lang='lat' dir='ltr'>babens</span> <span class='ocrx_word' id='word_1_754' title='bbox 2290 4380 2399 4433; x_wconf 81' lang='lat' dir='ltr'>vim</span> <span class='ocrx_word' id='word_1_755' title='bbox 2440 4376 2693 4450; x_wconf 86' lang='lat' dir='ltr'>cogendi,</span> <span class='ocrx_word' id='word_1_756' title='bbox 2726 4381 2791 4432; x_wconf 93' lang='lat' dir='ltr'>ut</span> <span class='ocrx_word' id='word_1_757' title='bbox 2817 4362 2984 4429; x_wconf 83' lang='lat' dir='ltr'>Arist.</span> <span class='ocrx_word' id='word_1_758' title='bbox 3017 4372 3171 4443; x_wconf 77' lang='lat' dir='ltr'>dixit,</span> <span class='ocrx_word' id='word_1_759' title='bbox 3200 4380 3258 4431; x_wconf 90' lang='lat' dir='ltr'>et</span> <span class='ocrx_word' id='word_1_760' title='bbox 3284 4374 3418 4429; x_wconf 92' lang='lat' dir='ltr'>infra</span> <span class='ocrx_word' id='word_1_761' title='bbox 3448 4374 3643 4445; x_wconf 90' lang='lat' dir='ltr'>proba-</span> 
     </span>
     <span class='ocr_line' id='line_1_99' title="bbox 2043 4462 3647 4542; baseline -0.005 -17"><span class='ocrx_word' id='word_1_762' title='bbox 2043 4470 2231 4540; x_wconf 90' lang='lat' dir='ltr'>bitur,</span> <span class='ocrx_word' id='word_1_763' title='bbox 2267 4468 2394 4542; x_wconf 88' lang='lat' dir='ltr'>quia</span> <span class='ocrx_word' id='word_1_764' title='bbox 2428 4468 2483 4522; x_wconf 87' lang='lat' dir='ltr'>in</span> <span class='ocrx_word' id='word_1_765' title='bbox 2516 4466 2622 4522; x_wconf 90' lang='lat' dir='ltr'>boc</span> <span class='ocrx_word' id='word_1_766' title='bbox 2650 4463 2829 4521; x_wconf 80' lang='lat' dir='ltr'>differt</span> <span class='ocrx_word' id='word_1_767' title='bbox 2857 4478 2887 4519; x_wconf 89' lang='lat' dir='ltr'>a</span> <span class='ocrx_word' id='word_1_768' title='bbox 2914 4463 3140 4520; x_wconf 88' lang='lat' dir='ltr'>consilio</span> <span class='ocrx_word' id='word_1_769' title='bbox 3182 4468 3237 4519; x_wconf 90' lang='lat' dir='ltr'>et</span> <span class='ocrx_word' id='word_1_770' title='bbox 3274 4462 3515 4535; x_wconf 88' lang='lat' dir='ltr'>qualibet</span> <span class='ocrx_word' id='word_1_771' title='bbox 3542 4462 3647 4519; x_wconf 86' lang='lat' dir='ltr'>alia</span> 
     </span>
     <span class='ocr_line' id='line_1_100' title="bbox 2047 4551 3647 4624; baseline -0.004 -10"><span class='ocrx_word' id='word_1_772' title='bbox 2047 4559 2362 4615; x_wconf 89' lang='lat' dir='ltr'>monitione.</span> <span class='ocrx_word' id='word_1_773' title='bbox 2396 4556 2563 4613; x_wconf 73' lang='lat' dir='ltr'>Minor</span> <span class='ocrx_word' id='word_1_774' title='bbox 2588 4556 2751 4610; x_wconf 85' lang='lat' dir='ltr'>etiam</span> <span class='ocrx_word' id='word_1_775' title='bbox 2781 4552 3044 4624; x_wconf 85' lang='lat' dir='ltr'>probatur</span> <span class='ocrx_word' id='word_1_776' title='bbox 3063 4592 3077 4620; x_wconf 93' lang='lat'>,</span> <span class='ocrx_word' id='word_1_777' title='bbox 3106 4554 3237 4624; x_wconf 87' lang='lat' dir='ltr'>quia</span> <span class='ocrx_word' id='word_1_778' title='bbox 3268 4558 3331 4607; x_wconf 90' lang='lat' dir='ltr'>ut</span> <span class='ocrx_word' id='word_1_779' title='bbox 3359 4551 3549 4623; x_wconf 90' lang='lat' dir='ltr'>regula</span> <span class='ocrx_word' id='word_1_780' title='bbox 3577 4551 3647 4608; x_wconf 87' lang='lat' dir='ltr'>de</span> 
     </span>
     <span class='ocr_line' id='line_1_101' title="bbox 2047 4627 3647 4717; baseline -0.005 -14"><span class='ocrx_word' id='word_1_781' title='bbox 2047 4662 2104 4702; x_wconf 90' lang='lat' dir='ltr'>se</span> <span class='ocrx_word' id='word_1_782' title='bbox 2132 4645 2352 4717; x_wconf 81' lang='lat' dir='ltr'>obliget,</span> <span class='ocrx_word' id='word_1_783' title='bbox 2384 4648 2625 4715; x_wconf 91' lang='lat' dir='ltr'>oportet,</span> <span class='ocrx_word' id='word_1_784' title='bbox 2657 4647 2721 4697; x_wconf 90' lang='lat' dir='ltr'>ut</span> <span class='ocrx_word' id='word_1_785' title='bbox 2747 4627 3017 4713; x_wconf 62' lang='lat' dir='ltr'>quant&#39;um</span> <span class='ocrx_word' id='word_1_786' title='bbox 3044 4646 3129 4695; x_wconf 91' lang='lat' dir='ltr'>est</span> <span class='ocrx_word' id='word_1_787' title='bbox 3158 4653 3223 4695; x_wconf 84' lang='lat' dir='ltr'>ex</span> <span class='ocrx_word' id='word_1_788' title='bbox 3251 4646 3404 4711; x_wconf 83' lang='lat' dir='ltr'>parte</span> <span class='ocrx_word' id='word_1_789' title='bbox 3424 4655 3548 4709; x_wconf 87' lang='lat' dir='ltr'>sua,</span> <span class='ocrx_word' id='word_1_790' title='bbox 3572 4642 3647 4695; x_wconf 90' lang='lat' dir='ltr'>sit</span> 
     </span>
     <span class='ocr_line' id='line_1_102' title="bbox 2047 4726 3643 4803; baseline -0.007 -10"><span class='ocrx_word' id='word_1_791' title='bbox 2047 4734 2387 4793; x_wconf 84' lang='lat' dir='ltr'>sufficienter</span> <span class='ocrx_word' id='word_1_792' title='bbox 2414 4731 2713 4803; x_wconf 87' lang='lat' dir='ltr'>proposita.</span> <span class='ocrx_word' id='word_1_793' title='bbox 2744 4730 2847 4785; x_wconf 88' lang='lat' dir='ltr'>Est</span> <span class='ocrx_word' id='word_1_794' title='bbox 2872 4734 3057 4785; x_wconf 88' lang='lat' dir='ltr'>autem</span> <span class='ocrx_word' id='word_1_795' title='bbox 3089 4726 3172 4784; x_wconf 85' lang='lat' dir='ltr'>lex</span> <span class='ocrx_word' id='word_1_796' title='bbox 3197 4728 3391 4801; x_wconf 87' lang='lat' dir='ltr'>regula</span> <span class='ocrx_word' id='word_1_797' title='bbox 3410 4743 3517 4783; x_wconf 90' lang='lat' dir='ltr'>non</span> <span class='ocrx_word' id='word_1_798' title='bbox 3542 4742 3643 4798; x_wconf 91' lang='lat' dir='ltr'>pro</span> 
     </span>
     <span class='ocr_line' id='line_1_103' title="bbox 2046 4814 3641 4892; baseline -0.008 -9"><span class='ocrx_word' id='word_1_799' title='bbox 2046 4841 2156 4883; x_wconf 88' lang='lat' dir='ltr'>una</span> <span class='ocrx_word' id='word_1_800' title='bbox 2198 4821 2281 4879; x_wconf 81' lang='lat' dir='ltr'>vel</span> <span class='ocrx_word' id='word_1_801' title='bbox 2322 4821 2493 4878; x_wconf 89' lang='lat' dir='ltr'>altera</span> <span class='ocrx_word' id='word_1_802' title='bbox 2531 4833 2794 4892; x_wconf 86' lang='lat' dir='ltr'>persona,</span> <span class='ocrx_word' id='word_1_803' title='bbox 2838 4816 2933 4873; x_wconf 89' lang='lat' dir='ltr'>sed</span> <span class='ocrx_word' id='word_1_804' title='bbox 2976 4830 3075 4887; x_wconf 89' lang='lat' dir='ltr'>pro</span> <span class='ocrx_word' id='word_1_805' title='bbox 3106 4821 3219 4871; x_wconf 89' lang='lat' dir='ltr'>tota</span> <span class='ocrx_word' id='word_1_806' title='bbox 3249 4814 3641 4873; x_wconf 85' lang='lat' dir='ltr'>communitate</span> 
     </span>
     <span class='ocr_line' id='line_1_104' title="bbox 2045 4904 3643 4985; baseline -0.006 -15"><span class='ocrx_word' id='word_1_807' title='bbox 2045 4914 2179 4985; x_wconf 71' lang='lat' dir='ltr'>lata,</span> <span class='ocrx_word' id='word_1_808' title='bbox 2201 4926 2333 4983; x_wconf 89' lang='lat' dir='ltr'>ergo</span> <span class='ocrx_word' id='word_1_809' title='bbox 2354 4909 2517 4967; x_wconf 89' lang='lat' dir='ltr'>debet</span> <span class='ocrx_word' id='word_1_810' title='bbox 2536 4923 2658 4965; x_wconf 90' lang='lat' dir='ltr'>esse</span> <span class='ocrx_word' id='word_1_811' title='bbox 2681 4906 2955 4977; x_wconf 88' lang='lat' dir='ltr'>proposita</span> <span class='ocrx_word' id='word_1_812' title='bbox 2977 4904 3199 4976; x_wconf 85' lang='lat' dir='ltr'>publico</span> <span class='ocrx_word' id='word_1_813' title='bbox 3226 4904 3387 4961; x_wconf 90' lang='lat' dir='ltr'>modo</span> <span class='ocrx_word' id='word_1_814' title='bbox 3410 4908 3469 4961; x_wconf 88' lang='lat' dir='ltr'>et</span> <span class='ocrx_word' id='word_1_815' title='bbox 3488 4920 3643 4961; x_wconf 89' lang='lat' dir='ltr'>com-</span> 
     </span>
     <span class='ocr_line' id='line_1_105' title="bbox 2047 4992 3641 5066; baseline -0.007 -8"><span class='ocrx_word' id='word_1_816' title='bbox 2047 5001 2299 5057; x_wconf 88' lang='lat' dir='ltr'>munitati</span> <span class='ocrx_word' id='word_1_817' title='bbox 2322 4994 2760 5066; x_wconf 73' lang='lat' dir='ltr'>accommodato,</span> <span class='ocrx_word' id='word_1_818' title='bbox 2781 4994 2902 5050; x_wconf 89' lang='lat' dir='ltr'>talis</span> <span class='ocrx_word' id='word_1_819' title='bbox 2924 5008 3059 5065; x_wconf 90' lang='lat' dir='ltr'>ergo</span> <span class='ocrx_word' id='word_1_820' title='bbox 3082 4992 3377 5063; x_wconf 85' lang='lat' dir='ltr'>publicatio</span> <span class='ocrx_word' id='word_1_821' title='bbox 3399 5007 3499 5048; x_wconf 90' lang='lat' dir='ltr'>seu</span> <span class='ocrx_word' id='word_1_822' title='bbox 3514 5008 3641 5063; x_wconf 87' lang='lat' dir='ltr'>pro-</span> 
     </span>
     <span class='ocr_line' id='line_1_106' title="bbox 2045 5081 3639 5163; baseline -0.008 -16"><span class='ocrx_word' id='word_1_823' title='bbox 2045 5090 2241 5163; x_wconf 90' lang='lat' dir='ltr'>positio</span> <span class='ocrx_word' id='word_1_824' title='bbox 2268 5085 2633 5161; x_wconf 86' lang='lat' dir='ltr'>promulgatio</span> <span class='ocrx_word' id='word_1_825' title='bbox 2661 5082 2983 5155; x_wconf 85' lang='lat' dir='ltr'>appellatur.</span> <span class='ocrx_word' id='word_1_826' title='bbox 3014 5082 3189 5149; x_wconf 84' lang='lat' dir='ltr'>Quam</span> <span class='ocrx_word' id='word_1_827' title='bbox 3218 5084 3483 5137; x_wconf 90' lang='lat' dir='ltr'>rationem</span> <span class='ocrx_word' id='word_1_828' title='bbox 3513 5081 3639 5136; x_wconf 90' lang='lat' dir='ltr'>insi-</span> 
     </span>
     <span class='ocr_line' id='line_1_107' title="bbox 2046 5170 3636 5245; baseline -0.006 -9"><span class='ocrx_word' id='word_1_829' title='bbox 2046 5180 2238 5236; x_wconf 86' lang='lat' dir='ltr'>nuavit</span> <span class='ocrx_word' id='word_1_830' title='bbox 2262 5176 2593 5234; x_wconf 80' lang='lat' dir='ltr'>lastinianus</span> <span class='ocrx_word' id='word_1_831' title='bbox 2618 5174 2680 5229; x_wconf 90' lang='lat' dir='ltr'>C.</span> <span class='ocrx_word' id='word_1_832' title='bbox 2713 5172 2781 5230; x_wconf 90' lang='lat' dir='ltr'>de</span> <span class='ocrx_word' id='word_1_833' title='bbox 2810 5171 2977 5245; x_wconf 88' lang='lat' dir='ltr'>legib.</span> <span class='ocrx_word' id='word_1_834' title='bbox 3006 5174 3059 5227; x_wconf 90' lang='lat' dir='ltr'>in</span> <span class='ocrx_word' id='word_1_835' title='bbox 3089 5170 3194 5244; x_wconf 90' lang='lat' dir='ltr'>leg.</span> <span class='ocrx_word' id='word_1_836' title='bbox 3222 5175 3399 5243; x_wconf 73' lang='lat' dir='ltr'>Leqes</span> <span class='ocrx_word' id='word_1_837' title='bbox 3426 5185 3636 5227; x_wconf 82' lang='lat' dir='ltr'>sacra-</span> 
     </span>
    </p>
   </div>
  </div>
 </body>
</html>
