4325 6267
1665 390 1883 444 CAPUT
1906 392 2055 445 XVI.

231 528 371 587 tione
413 524 481 582 de
540 524 834 597 episcopis.
866 524 1017 581 Hanc
1066 522 1475 579 conclusionem
1522 518 1822 578 declaravit

229 631 476 691 expresse
528 615 727 673 Castro
773 613 865 671 lib.
899 615 940 671 l.
993 612 1063 677 de
1090 612 1213 687 leqe
1237 610 1471 689 poenal.
1518 627 1641 684 cap.
1680 614 1733 683 1,
1764 613 1819 667 et

230 710 575 765 Turrecrem.
610 704 756 763 dicto
784 702 809 773 ἒ
835 703 1006 777 leqes,
1032 704 1057 772 ἓ
1084 709 1142 777 23
1174 706 1272 777 qui
1297 702 1428 759 licet
1454 703 1507 759 in
1537 700 1819 758 communi

229 799 503 872 loquatur,
533 803 712 853 tamen
741 795 974 853 maxime
1002 794 1245 869 loquitur
1273 792 1337 850 de
1369 791 1580 865 legibus
1601 789 1820 849 canoni-

226 890 326 962 cis3
351 895 406 946 et
435 887 575 944 idem
604 892 689 943 est
708 886 775 943 de
798 884 1052 942 omnibus
1072 883 1395 941 auctoribus
1416 881 1661 955 allegatis
1683 880 1823 937 libro

230 976 605 1051 praecedenti,
636 991 759 1048 cap.
789 975 923 1032 xvi.
966 990 1065 1047 pro
1102 972 1343 1031 secunda
1380 972 1649 1044 opinione.
1682 969 1825 1038 Quo-

230 1072 376 1127 circa
403 1068 557 1141 prior
579 1082 706 1139 pars
736 1064 1106 1122 conclusionis
1130 1063 1260 1120 mihi
1280 1060 1494 1119 videtur
1517 1066 1625 1119 tam
1648 1066 1823 1133 certa,

230 1166 295 1217 nt
320 1156 622 1215 secundum
646 1155 805 1213 tidem
832 1156 1015 1228 negari
1042 1169 1150 1212 non
1180 1153 1453 1226 possit,ex
1474 1151 1636 1208 dictis
1659 1164 1826 1221 supra

228 1247 513 1305 tractando
532 1246 599 1303 de
615 1250 883 1319 potestate
906 1244 1203 1317 legislativa
1217 1240 1620 1315 Pontificis,ubi
1642 1246 1827 1297 osten-

228 1339 427 1408 dimus,
442 1338 604 1393 Petro
626 1350 748 1393 esse
768 1333 951 1391 datam
974 1348 1005 1390 a
1019 1332 1235 1390 Christo
1258 1332 1483 1389 Domino
1505 1343 1818 1402 supremam

230 1434 550 1501 potestatem
592 1428 643 1481 in
680 1425 1015 1497 Ecclesiam,
1055 1428 1112 1479 et
1136 1437 1249 1479 non
1277 1420 1466 1492 alteri,
1496 1436 1561 1477 ac
1589 1417 1821 1476 subinde

230 1517 425 1576 habere
448 1516 593 1574 illam
613 1514 927 1574 Pontificem
946 1527 1330 1579 successorem
1351 1512 1495 1571 Petri
1516 1511 1825 1567 immediate

228 1608 296 1665 ab
322 1606 511 1664 eodem
547 1604 791 1677 Christo,
810 1621 843 1661 a
871 1621 984 1679 quo
1012 1604 1153 1662 illam
1184 1606 1379 1661 Petrus
1405 1601 1613 1667 habuit,
1638 1606 1696 1659 et
1718 1617 1830 1658 non

231 1687 311 1753 ab'
336 1696 603 1755 Ecclesia.
643 1697 782 1753 Hinc
825 1711 957 1770 ergo
996 1692 1413 1766 concludimus,
1442 1693 1727 1751 Christum
1752 1694 1831 1749 ita

227 1786 442 1846 dedisse
480 1786 623 1844 hanc
650 1792 975 1861 potestatem
1000 1785 1214 1843 Vicario
1244 1800 1371 1855 suo,
1402 1791 1467 1841 ut
1492 1799 1589 1857 per
1616 1800 1677 1839 se
1703 1798 1831 1855 pos-

228 1884 313 1935 set
351 1876 527 1935 valide
580 1884 641 1935 et
676 1875 978 1933 efficaciter
1020 1876 1236 1948 operari
1275 1873 1391 1930 sine
1416 1870 1775 1946 dependentia
1798 1886 1832 1929 a

229 1984 501 2026 consensu
554 1965 771 2041 populi,
813 1981 947 2041 ergo
984 1981 1083 2038 per
1122 1963 1265 2023 illam
1303 1970 1483 2037 potest
1508 1965 1649 2021 serre
1678 1964 1829 2038 leges

231 2058 489 2115 habentes
546 2057 847 2115 efficaciam
883 2063 941 2113 et
978 2056 1218 2114 valorem
1246 2054 1313 2111 ad
1342 2054 1692 2129 obligandum
1719 2056 1828 2112 Ec-

228 2150 447 2206 clesiam
496 2148 567 2206 ad
608 2146 1051 2205 consentiendam
1069 2189 1083 2218 ,
1132 2153 1189 2203 et
1226 2143 1618 2219 acceptandam
1646 2144 1823 2219 legem

228 2240 313 2296 vel
346 2246 724 2313 praeceptum.
754 2238 908 2295 Patet
934 2236 1068 2294 haec
1096 2237 1510 2309 consequentia,
1536 2236 1667 2309 quia
1693 2236 1830 2293 alias

226 2336 467 2400 potestas
499 2344 605 2386 non
632 2334 781 2387 esset
800 2326 1051 2384 absoluta
1069 2333 1126 2383 et
1142 2325 1357 2383 efficax.
1377 2325 1530 2382 Prior
1549 2340 1682 2382 vero
1705 2339 1831 2397 pro-

230 2420 412 2477 batur.
430 2420 635 2491 Primo,
659 2421 787 2493 quia
816 2416 947 2474 alias
976 2415 1065 2473 illa
1092 2421 1337 2490 potestas
1364 2431 1559 2489 magna
1580 2432 1646 2473 ex
1669 2422 1823 2489 parte

228 2514 372 2566 esset
398 2509 529 2567 data
555 2507 757 2581 populo
784 2507 1256 2580 christiano,quia
1284 2514 1420 2563 tunc
1448 2506 1532 2563 lex
1564 2506 1828 2564 ecclesia-

227 2601 365 2655 stica
396 2614 507 2656 non
537 2597 763 2655 haberet
788 2598 917 2669 vim,
950 2603 1014 2653 ut
1038 2601 1122 2653 est
1148 2612 1179 2651 a
1203 2596 1459 2653 Pontiflce
1488 2595 1626 2668 solo,
1649 2594 1745 2652 sed
1767 2602 1832 2654 ut

228 2687 295 2744 ab
333 2688 424 2745 illo
467 2689 633 2745 simul
674 2703 807 2744 cum
830 2686 1111 2760 Ecclesia3
1151 2686 1195 2742 si
1222 2688 1365 2743 enim
1392 2684 1480 2743 lex
1505 2701 1613 2743 non
1646 2691 1827 2759 potest

226 2794 349 2837 esse
378 2778 492 2850 lex,
524 2778 625 2834 nisi
650 2777 1020 2834 consentiente
1045 2775 1249 2850 populo
1271 2817 1285 2846 ,
1317 2776 1565 2847 protecto
1594 2774 1831 2847 p'opulus

227 2876 312 2925 est
352 2867 745 2943 conlegislator
780 2867 941 2924 simul
976 2880 1109 2923 cum
1134 2865 1425 2941 Pontifice,
1454 2864 1604 2940 quod
1631 2865 1829 2925 absur-

226 2958 515 3016 dissimum
550 2959 707 3015 dictu
736 2963 841 3015 est.

303 3047 602 3119 Secundo,
654 3049 784 3121 quia
822 3046 1078 3105 Cbristus
1112 3046 1367 3106 absolute
1412 3043 1580 3103 dixitt
1635 3044 1835 3123 Quod-

226 3155 481 3213 cumque
508 3136 831 3211 liqaverts‚
866 3139 923 3194 et
947 3140 1138 3196 Pasce
1164 3152 1294 3195 oves
1320 3150 1507 3201 meas,
1538 3136 1605 3194 de
1632 3136 1837 3210 populo

225 3237 411 3287 autem
440 3227 572 3285 nibil
612 3227 767 3300 dixit,
798 3243 898 3285 nec
924 3228 1110 3301 posuit
1138 3226 1535 3301 conditionem,
1570 3230 1625 3284 si
1641 3244 1835 3302 popu-

228 3318 326 3375 lus
359 3320 779 3392 acceptaverit.
822 3319 921 3374 Est
964 3334 1097 3391 ergo
1138 3315 1421 3374 conclusio
1456 3326 1608 3375 certa
1634 3316 1703 3373 de
1731 3317 1835 3375 hac

228 3416 523 3484 potestate,
559 3416 727 3480 prout
756 3414 844 3464 est
872 3408 923 3464 in
952 3423 1169 3465 summo
1197 3408 1479 3479 Pontifice,
1509 3408 1637 3481 quia
1665 3408 1717 3463 in
1744 3408 1837 3465 illo

226 3505 315 3555 est
362 3496 674 3556 immediate
724 3513 755 3553 a
800 3496 1015 3554 Christo
1040 3540 1057 3571 ,
1108 3503 1276 3570 atque
1314 3495 1448 3554 adeo
1489 3512 1619 3554 cum
1646 3495 1835 3555 eodem

224 3588 393 3646 modo
432 3593 493 3645 et
539 3586 953 3659 independentia
971 3628 986 3657 ,
1035 3602 1147 3660 quo
1196 3603 1226 3644 a
1272 3586 1541 3659 principio
1579 3584 1704 3645 data
1730 3593 1832 3644 est.

228 3682 305 3736 De
353 3677 709 3735 inferioribus
752 3682 936 3733 autem
964 3691 1072 3734 non
1098 3684 1187 3735 est
1212 3692 1301 3733 res
1326 3677 1395 3733 ita
1424 3683 1597 3747 certa,
1630 3677 1756 3750 quia
1784 3677 1837 3733 in

226 3769 334 3826 illis
372 3772 625 3841 potestas
653 3772 740 3823 est
768 3766 837 3823 ab
864 3766 983 3838 ipso
1006 3768 1223 3840 Papa,a
1241 3782 1353 3840 quo
1374 3763 1487 3823 dari
1510 3772 1691 3838 potest
1707 3781 1837 3823 curn

225 3859 569 3931 limitatione,
601 3862 659 3914 et
700 3855 807 3912 sub
832 3854 1109 3927 praedicta
1135 3853 1461 3920 conditione3
1494 3854 1837 3913 nihilominus

225 3958 413 4007 tamen
441 3948 533 4006 illa
562 3962 677 4005 non
705 3952 791 4003 est
818 3944 1184 4018 admittenda,
1213 3959 1392 4019 neque
1418 3945 1834 4018 praesumenda,

226 4040 333 4096 nisi
360 4040 430 4096 de
458 4038 551 4095 illa
583 4036 721 4093 satis
748 4036 1057 4092 constiterit
1075 4076 1091 4107 ,
1133 4034 1283 4091 iuxta
1313 4034 1459 4091 dicta
1484 4036 1743 4105 superius
1770 4032 1837 4091 de

228 4135 511 4203 potestate
536 4127 925 4200 episcoporum
940 4123 1009 4181 ad
1028 4121 1277 4181 serendas
1298 4124 1533 4199 leges.ln
1551 4140 1663 4198 quo
1675 4127 1837 4183 etiam

226 4229 315 4277 est
347 4235 421 4276 no
434 4216 617 4287 tanda„
635 4215 933 4274 differentia
970 4216 1110 4272 inter
1136 4213 1452 4272 Pontificem
1480 4221 1537 4270 et
1560 4214 1839 4273 inferiores

226 4309 515 4383 praelatos
534 4346 551 4379 ,
602 4304 752 4379 quod
798 4305 947 4362 nulla
992 4302 1339 4361 consuetudo
1378 4303 1597 4361 obstare
1633 4311 1835 4378 potest,

226 4400 535 4473 quominus
563 4395 813 4453 Pontifex
854 4394 1049 4451 habeat
1083 4393 1285 4451 dictam
1312 4397 1670 4467 potestatem,
1708 4396 1840 4469 quia

228 4488 583 4547 consuetudo
631 4502 741 4544 non
787 4491 971 4558 potest
1009 4484 1321 4557 praevalere
1362 4494 1558 4543 contra
1592 4486 1677 4544 ius
1705 4486 1839 4543 divi-

228 4595 395 4651 num3
432 4582 693 4650 respectu
718 4581 901 4633 autem
932 4574 1247 4633 inferiorum
1268 4615 1283 4646 ,
1314 4575 1407 4632 ubi
1434 4582 1579 4634 esset
1606 4591 1840 4634 consue-

232 4668 373 4727 tudo
418 4665 727 4737 contraria,
780 4663 1015 4722 multum
1054 4664 1291 4731 valeret,
1334 4665 1463 4738 quia
1489 4665 1539 4722 in
1569 4664 1672 4739 bis,
1699 4682 1839 4739 quae

232 4758 484 4833 pendent
508 4772 541 4813 a
567 4758 692 4813 iure
723 4755 983 4825 humano,
998 4752 1235 4813 multum
1255 4761 1439 4828 potest
1464 4755 1833 4814 consuetudo.

234 4850 395 4909 Unde
436 4854 495 4905 et
532 4845 964 4903 iurisdictionem
1006 4860 1207 4919 augere
1247 4852 1458 4918 potest,
1489 4852 1549 4903 et
1574 4848 1838 4918 minuere,

234 4937 467 5015 quando
502 4952 599 5009 per
631 4936 899 4993 hominem
928 4934 1157 4993 concedi
1178 4941 1379 5008 potest,
1396 4940 1463 4992 ut
1479 4943 1632 4994 notat
1648 4936 1842 4995 Glossa

236 5032 344 5088 ult.
378 5031 431 5086 in
463 5042 587 5099 cap.
622 5028 778 5085 Cum
804 5024 963 5092 olim,
998 5024 1065 5082 de
1094 5025 1229 5081 cler.
1261 5027 1481 5099 coniug.

320 5125 380 5179 3.
412 5116 666 5175 Secundo
692 5112 981 5172 dicendum
1007 5120 1121 5189 est,
1166 5116 1447 5188 supposita
1474 5114 1679 5173 iustitia
1706 5115 1843 5190 legis

236 5210 568 5279 canonicae,
594 5222 693 5279 per
714 5220 773 5262 se
800 5203 1096 5279 loquendo,
1112 5206 1241 5262 oriri
1264 5220 1328 5262 ex
1353 5204 1441 5261 illa
1460 5204 1844 5279 obligationem

243 5298 315 5363 ad
344 5295 753 5379 acceptandum
780 5310 921 5367 eam,
954 5294 1027 5352 ita
1054 5300 1254 5355 utnon
1280 5302 1505 5354 careant
1530 5294 1717 5371 culpa,
1748 5294 1846 5371 qui

405 5408 601 5457 susan.
623 5406 681 5453 no
695 5402 888 5461 Lentim
902 5425 955 5439 -
966 5404 1076 5451 Pars
1092 5402 1129 5450 1.

3271 354 3391 436 361

1893 520 2162 592 incipiunt
2185 518 2331 577 illam
2357 534 2465 577 non
2498 518 2792 577 observare
2815 522 2941 591 post
2965 513 3328 573 sufficientem
3348 508 3476 587 pro'·

1891 609 2298 682 mulgationem.
2324 610 2438 667 Dixi
2465 611 2773 685 supposita
2796 610 3031 665 iustitia
3049 604 3209 681 leym,
3244 605 3370 679 quia
3393 604 3478 661 lex

1870 697 2170 757 oevidenter
2199 701 2430 772 iniusta,
2461 700 2670 756 etiamsi
2698 698 2958 755 canonica
2985 699 3085 770 sit,
3117 711 3223 753 non
3251 686 3478 767 obligat,

1880 790 2046 845 iuxta
2072 804 2241 861 supra
2267 788 2412 846 dicta
2441 788 2510 845 de
2535 788 2653 861 lege
2677 790 2731 844 in
2761 785 3062 858 communi,
3079 792 3134 843 et
3153 786 3389 842 sumitur
3411 799 3482 842 ex

1893 892 2017 950 cap.
2050 882 2201 935 Ante
2227 880 2564 945 menni-um,
2601 876 2728 934 dist.
2763 880 2857 951 31,
2887 886 2946 934 et
2981 876 3339 949 prosequitur
3373 873 3480 929 late

1890 966 2142 1025 Corduba
2172 968 2223 1024 in
2259 967 2564 1041 quaestion.
2597 967 2688 1024 lib.
2723 972 2779 1039 4,
2809 983 2867 1040 q.
2903 968 2957 1037 7,
2987 965 3192 1023 Victor.
3225 968 3279 1021 in
3311 968 3364 1020 3.
3393 978 3482 1019 re-

1892 1058 2020 1115 lect.
2052 1057 2123 1115 cle
2139 1046 2432 1135 potestate
2458 1056 2658 1115 eccles.
2695 1057 3004 1115 Bellarmin.
3032 1056 3123 1113 lib.
3149 1060 3204 1127 4,
3233 1051 3305 1110 de
3326 1069 3477 1111 rom.

1892 1147 2210 1221 Pontifice.
2243 1164 2364 1221 cap.
2404 1153 2493 1222 15,
2523 1148 2820 1205 Panormit.
2851 1149 2905 1203 in
2944 1162 3066 1219 cap.
3105 1147 3258 1203 Cum
3287 1148 3486 1201 tenea-

1893 1254 2047 1305 mus,
2083 1238 2250 1296 Felin.
2291 1242 2344 1295 in
2373 1253 2500 1312 cap.
2533 1240 2604 1295 Si
2631 1235 2886 1311 quando,
2919 1236 2990 1304 de
3020 1237 3246 1308 rescrip.
3278 1235 3329 1292 in
3356 1251 3480 1308 cap.

1894 1332 2261 1404 Accepimus,
2284 1328 2350 1387 de
2379 1327 2481 1386 fide
2505 1328 2838 1386 instrum.Et
2857 1329 2930 1385 ita
2948 1335 3032 1385 est
3057 1330 3284 1386 assertio
3311 1325 3482 1398 clara,

1898 1421 2216 1493 praesertim
2244 1420 2462 1494 quando
2483 1418 2568 1477 lex
2589 1427 2800 1477 estnon
2822 1419 3000 1476 solum
3018 1420 3186 1492 iusta,
3202 1408 3298 1476 s‘ed
3315 1418 3483 1474 etiam

1896 1510 2184 1580 moderata
2207 1517 2266 1568 et
2290 1511 2480 1583 facilis,
2506 1511 2630 1584 quia
2659 1516 2790 1568 tunc
2819 1516 3062 1583 potestas
3089 1525 3196 1566 non
3223 1508 3400 1577 deest,
3429 1504 3487 1565 et

1897 1600 2153 1659 voluntas
2177 1602 2456 1659 contraria
2481 1600 2633 1658 nulla
2661 1600 2960 1659 rationabili
2987 1600 3304 1660 coniectura
3327 1612 3484 1671 prae·

1896 1692 2041 1750 sumi
2079 1698 2282 1765 potest.
2315 1691 2470 1761 Quod
2509 1708 2542 1749 a
2580 1692 2790 1750 fortiori
2826 1698 2974 1764 patet
2997 1706 3062 1749 ex
3088 1689 3246 1747 dictis
3275 1690 3340 1747 de
3367 1689 3484 1763 lege

1897 1782 2060 1840 civili.
2093 1782 2416 1841 Addendum
2443 1798 2575 1840 vero
2601 1789 2686 1840 est
2711 1797 2778 1840 ex
2804 1782 2966 1840 dictis
2993 1780 3212 1854 ibidem,
3239 1783 3401 1839 etiam
3429 1782 3486 1837 iu

1897 1874 2107 1949 legibus
2136 1872 2534 1933 difficilioribus
2561 1880 2620 1931 et
2643 1872 2988 1946 durioribus,
3030 1871 3075 1929 si
3115 1873 3170 1929 in
3198 1873 3374 1945 rigore
3402 1872 3486 1927 iu-

1897 1973 2013 2023 stae
2042 1964 2331 2037 sint,idem
2358 1980 2480 2023 esse
2508 1964 2860 2038 servandum,
2878 1973 2944 2022 ut
2969 1962 3214 2021 declarat
3230 1960 3488 2021 Corduba

1896 2072 2067 2129 supra
2101 2072 2168 2114 ex
2203 2070 2327 2128 cap.
2363 2058 2437 2112 In
2472 2057 2842 2126 memoriam,
2888 2058 2975 2115 19.
3014 2052 3142 2110 dist.
3182 2052 3292 2110 ibi:
3326 2054 3490 2112 Licet

1894 2150 1998 2204 vice
2017 2142 2344 2219 serendum
2373 2144 2452 2203 ab
2474 2143 2588 2202 illa
2613 2149 2828 2203 sancta
2856 2142 3005 2201 Sede
3029 2146 3376 2219 imponatur
3398 2146 3489 2199 iw-

1895 2254 2056 2311 9um,
2078 2240 2280 2293 tamen
2289 2234 2590 2309 seramus,
2610 2241 2666 2295 et
2684 2238 2795 2311 pia
2823 2232 3124 2293 devotione
3145 2232 3483 2291 toleremus.

1895 2326 2052 2395 Quod
2078 2342 2278 2384 censeo
2309 2341 2500 2383 verum
2529 2342 2626 2398 per
2651 2342 2732 2399 se,
2760 2333 2818 2383 et
2842 2341 2906 2383 ex
2933 2326 2982 2381 vi
3011 2325 3292 2397 potestatis
3317 2340 3490 2381 cano-

1895 2419 2073 2487 nicae,
2103 2433 2247 2492 quae
2276 2418 2448 2475 maior
2474 2424 2580 2487 est,
2605 2432 2773 2491 quam
2798 2416 2999 2473 civilis:
3032 2421 3248 2489 oportet
3273 2421 3484 2487 autem,

1896 2514 1958 2565 ut
1994 2508 2155 2565 etiarn
2203 2507 2271 2564 de
2311 2507 2589 2564 voluntate
2629 2508 2762 2563 satis
2789 2512 3036 2579 constet,
3067 2513 3186 2563 tum
3213 2520 3280 2562 ex
3309 2504 3488 2561 verbis

1898 2598 2030 2672 legis
2070 2604 2127 2656 et
2167 2596 2328 2656 modo
2357 2596 2744 2671 praecipiendi,
2777 2603 2897 2654 tum
2921 2597 3081 2654 etiam
3108 2612 3175 2654 ex
3206 2595 3320 2654 aliis
3347 2594 3486 2652 indi-³

1898 2689 1999 2746 ciis
2035 2694 2093 2745 et
2129 2688 2555 2747 circumstantiis
2595 2686 2750 2761 legis.
2781 2685 2934 2745 Addo
2961 2689 3162 2758 etiam,
3203 2694 3482 2762 oportere,

1896 2786 1963 2836 ut
1998 2777 2284 2836 verisimile
2311 2778 2409 2851 sit,
2449 2777 2809 2851 legislatorem
2835 2793 2946 2836 non
2974 2778 3250 2851 ignorasse
3280 2780 3490 2851 specia-

1898 2868 2003 2925 lem
2041 2869 2119 2924 rei
2162 2874 2486 2941 praeceptae
2523 2866 2903 2925 difficultatem
2942 2883 3043 2941 pro
3082 2868 3174 2924 tali
3214 2867 3372 2942 loco,
3401 2866 3487 2925 vel

1902 2967 2168 3031 tempore,
2192 2965 2291 3016 aut
2316 2958 2415 3015 alia
2443 2958 2896 3016 occasione.Nam
2924 2958 2968 3013 si
2995 2957 3343 3031 probabiliter
3370 2973 3492 3016 cre-

1898 3047 2093 3121 datur,
2125 3048 2260 3105 haec
2290 3048 2604 3122 ignorasse,
2634 3046 2786 3105 credi
2815 3048 2976 3105 etiam
3006 3054 3187 3120 potest
3205 3090 3220 3121 ,
3251 3048 3490 3107 noluisse

1901 3153 2029 3196 cum
2058 3144 2208 3195 tanto
2236 3138 2415 3213 rigore
2441 3136 2701 3213 obligare.

1976 3227 2078 3286 Sed
2127 3234 2262 3285 tunc
2309 3227 2509 3301 inquiri
2555 3233 2765 3300 potest,
2805 3242 2874 3284 an
2899 3229 2954 3284 in
2983 3227 3136 3285 simili
3161 3243 3297 3285 casu
3329 3226 3495 3286 liceat

1902 3316 2133 3375 subditis
2176 3334 2206 3375 a
2245 3318 2364 3393 lege
2404 3316 2471 3374 ad
2499 3316 2864 3391 legislatorem
2891 3318 3223 3391 supplicare,
3245 3326 3303 3375 et
3331 3334 3489 3392 prae-

1908 3410 2096 3466 sertim
2139 3409 2208 3466 ad
2249 3408 2584 3466 Pontificem.
2613 3407 2843 3475 Quidam
2884 3408 3103 3466 omnino
3133 3416 3355 3482 negant,
3386 3409 3495 3467 imo

1904 3497 2121 3570 dicunt,
2167 3497 2412 3556 frivolam
2449 3505 2507 3555 et
2530 3497 2776 3568 inutilem
2802 3512 2923 3554 esse
2951 3496 3113 3555 talem
3143 3497 3494 3573 supplicatio·

1904 3604 2051 3661 nem,
2095 3597 2151 3646 et
2189 3602 2256 3645 ex
2297 3588 2594 3661 ignorantia
2633 3587 2950 3661 profectam.
2981 3588 3274 3661 Probatur,
3303 3591 3434 3662 quia
3460 3605 3495 3646 a

1906 3677 2023 3753 lege
2064 3693 2174 3736 non
2214 3684 2581 3750 provocatur,
2625 3693 2724 3735 seu
2765 3676 3093 3752 appellatur,
3126 3686 3188 3735 ut
3215 3677 3495 3751 colligitur

1904 3782 1971 3825 ex
1996 3768 2032 3824 Ι.
2058 3767 2163 3825 ult.
2189 3768 2244 3824 ff.
2269 3766 2336 3824 de
2366 3766 2618 3843 appellat.
2643 3768 2816 3840 recip.
2838 3772 2896 3823 et
2920 3766 2960 3823 l.
2984 3768 3317 3839 antepenult.
3345 3767 3398 3825 ff.
3423 3765 3493 3824 dc

1904 3856 2122 3913 verbor.
2156 3856 2382 3931 signific.
2415 3856 2508 3913 ubi
2535 3855 2591 3912 id
2617 3863 2770 3915 notat
2796 3854 3008 3913 Rebuff.
3040 3855 3318 3914 adducens
3354 3856 3492 3913 alios

1905 3945 2163 4004 doctores
2191 3952 2250 4003 et
2275 3947 2414 4003 iura.
2446 3944 2593 4001 ldem
2621 3947 2677 4002 in
2703 3944 3034 4003 concordat.
3061 3945 3143 4003 tit.
3177 3943 3242 4002 de
3269 3947 3491 4003 constit.

1905 4037 2061 4093 Ratio
2100 4036 2268 4093 etiam
2312 4037 2622 4109 assignatur
2661 4050 2728 4093 ex
2755 4035 3050 4093 differentia
3092 4036 3234 4093 inter
3279 4044 3496 4093 senten-

1907 4125 2058 4197 tiam,
2081 4127 2433 4199 rescriptum,
2459 4141 2522 4182 ac
2554 4125 2747 4198 legem3
2779 4140 2904 4183 nam
2931 4127 3199 4183 sententia
3227 4134 3333 4198 est,
3357 4141 3492 4185 cum

1906 4217 2083 4274 fertur
2122 4218 2175 4274 in
2216 4218 2432 4291 negotio
2473 4215 2818 4288 particulari,
2857 4216 3137 4297 etflpendet
3163 4232 3226 4273 ex
3257 4218 3499 4289 partium

1907 4307 2352 4381 probationibus,
2394 4312 2448 4362 et
2487 4305 2606 4363 ideo
2646 4307 2700 4363 in
2738 4320 2802 4363 ea
2842 4305 3139 4367 admittitur
3179 4306 3491 4382 appellatio,

1909 4404 1973 4454 ut
2011 4410 2174 4470 pars,
2215 4411 2358 4470 quae
2385 4411 2682 4470 gravamen
2709 4397 2898 4466 sensit,
2928 4398 3105 4468 possit
3133 4398 3382 4454 meliores
3413 4394 3496 4453 vel

1908 4484 2168 4544 clariores
2192 4485 2538 4560 probationes
2565 4485 2778 4544 afferre.
2803 4488 3155 4560 Rescriptum
3182 4488 3344 4561 etiam
3363 4503 3497 4545 con-

1908 4574 2123 4633 ceditur
2152 4590 2318 4648 super
2347 4574 2556 4631 sactum
2579 4575 2856 4649 singulare
2876 4619 2890 4647 ,
2920 4576 2973 4632 in
3004 4592 3114 4649 quo
3143 4577 3506 4649 potestPrin-

1908 4681 2041 4738 ceps
2068 4663 2244 4738 decipi
2273 4680 2304 4721 a
2331 4664 2783 4739 collitigante,vel
2807 4672 3141 4739 procurante
3162 4684 3327 4725 suum
3349 4684 3502 4727 com-

1908 4753 2167 4829 modum,
2207 4761 2265 4812 et
2301 4756 2424 4813 ideo
2453 4756 2505 4811 in
2532 4756 2802 4828 rescripto
2844 4757 3033 4815 merito
3072 4758 3378 4816 admittitur
3403 4775 3503 4832 ap-

1910 4844 2128 4918 pellatio
2171 4846 2222 4901 in
2263 4860 2388 4918 cap.
2428 4844 2828 4918 Siqnqficavit,
2874 4846 2943 4904 de
2983 4848 3235 4920 rescript,
3266 4852 3335 4904 At
3372 4864 3503 4906 vero

1911 4932 1997 4991 lex
2026 4932 2200 4991 fertur
2224 4934 2274 4991 in
2301 4936 2652 5008 generuli‚‘et
2683 4951 2776 5009 per
2807 4937 3168 4994 universalem
3198 4940 3506 5012 scientiam,

1914 5031 2113 5081 contra
2149 5038 2314 5096 quam
2355 5024 2564 5097 privata
2603 5025 2825 5082 scientia
2869 5026 3212 5085 subditorum
3265 5045 3372 5085 non
3424 5038 3511 5088 est

1916 5114 2275 5187 admittenda,
2304 5121 2359 5171 et
2386 5113 2505 5172 ideo
2533 5130 2711 5188 neque
2736 5114 3149 5188 appellatio,vel
3179 5119 3505 5193 supplicatio

1916 5203 2240 5262 admittenda
2266 5212 2371 5261 est.
2411 5204 2664 5276 Accedit,
2692 5206 2841 5278 quod
2872 5206 2922 5262 in
2955 5207 3161 5279 legibus
3191 5209 3442 5267 civilibus
3471 5228 3504 5269 a

1918 5309 2045 5372 rege
2074 5292 2198 5354 latis
2233 5294 2352 5353 talis
2389 5296 2677 5371 appellatio
2705 5296 2789 5355 vel
2821 5296 3148 5374 supplicatio
3177 5314 3285 5359 non
3311 5301 3504 5367 admit-

2193 5418 2198 5425 ·
2987 5402 3042 5449 46
