<?xml version="1.0" encoding="UTF-8"?>
<!DOCTYPE html PUBLIC "-//W3C//DTD XHTML 1.0 Transitional//EN"
    "http://www.w3.org/TR/xhtml1/DTD/xhtml1-transitional.dtd">
<html xmlns="http://www.w3.org/1999/xhtml" xml:lang="en" lang="en">
 <head>
  <title>
</title>
<meta http-equiv="Content-Type" content="text/html;charset=utf-8" />
  <meta name='ocr-system' content='tesseract 3.04.00' />
  <meta name='ocr-capabilities' content='ocr_page ocr_carea ocr_par ocr_line ocrx_word'/>
</head>
<body>
  <div class='ocr_page' id='page_1' title='image "./tractatusdelegi01sugoog/tractatusdelegi01sugoog_0165.png"; bbox 0 0 4325 6267; ppageno 0'>
   <div class='ocr_carea' id='block_1_1' title="bbox 1730 375 2119 428">
    <p class='ocr_par' dir='ltr' id='par_1_1' title="bbox 1730 375 2119 428">
     <span class='ocr_line' id='line_1_1' title="bbox 1730 375 2119 428; baseline 0 -3"><span class='ocrx_word' id='word_1_1' title='bbox 1730 375 1942 426; x_wconf 75' lang='lat' dir='ltr'><strong>CAPUT</strong></span> <span class='ocrx_word' id='word_1_2' title='bbox 1971 380 2119 428; x_wconf 82' lang='lat' dir='ltr'><strong>xlx.</strong></span> 
     </span>
    </p>
   </div>
   <div class='ocr_carea' id='block_1_2' title="bbox 283 502 1890 575">
    <p class='ocr_par' dir='ltr' id='par_1_2' title="bbox 283 502 1890 575">
     <span class='ocr_line' id='line_1_2' title="bbox 283 502 1890 575; baseline 0.001 -19"><span class='ocrx_word' id='word_1_3' title='bbox 283 517 446 573; x_wconf 88' lang='lat' dir='ltr'><strong>quam</strong></span> <span class='ocrx_word' id='word_1_4' title='bbox 479 517 735 574; x_wconf 85' lang='lat' dir='ltr'><strong>poenam,</strong></span> <span class='ocrx_word' id='word_1_5' title='bbox 766 517 936 575; x_wconf 87' lang='lat' dir='ltr'><strong>quam</strong></span> <span class='ocrx_word' id='word_1_6' title='bbox 965 502 1076 574; x_wconf 85' lang='lat' dir='ltr'><strong>lex,</strong></span> <span class='ocrx_word' id='word_1_7' title='bbox 1105 516 1248 574; x_wconf 88' lang='lat' dir='ltr'><strong>quae</strong></span> <span class='ocrx_word' id='word_1_8' title='bbox 1277 517 1504 574; x_wconf 87' lang='lat' dir='ltr'><strong>poenam</strong></span> <span class='ocrx_word' id='word_1_9' title='bbox 1537 502 1760 558; x_wconf 80' lang='lat' dir='ltr'><strong>taxavit.</strong></span> <span class='ocrx_word' id='word_1_10' title='bbox 1789 503 1890 558; x_wconf 87' lang='lat' dir='ltr'><strong>De-</strong></span> 
     </span>
    </p>
   </div>
   <div class='ocr_carea' id='block_1_3' title="bbox 265 590 1887 1894">
    <p class='ocr_par' dir='ltr' id='par_1_3' title="bbox 265 590 1887 1894">
     <span class='ocr_line' id='line_1_3' title="bbox 281 590 1887 664; baseline -0.001 -18"><span class='ocrx_word' id='word_1_11' title='bbox 281 593 440 663; x_wconf 88' lang='lat' dir='ltr'><strong>nique</strong></span> <span class='ocrx_word' id='word_1_12' title='bbox 469 593 524 646; x_wconf 91' lang='lat' dir='ltr'><strong>in</strong></span> <span class='ocrx_word' id='word_1_13' title='bbox 560 591 756 648; x_wconf 87' lang='lat' dir='ltr'><strong>ultimo</strong></span> <span class='ocrx_word' id='word_1_14' title='bbox 783 591 1032 664; x_wconf 87' lang='lat' dir='ltr'><strong>exemplo</strong></span> <span class='ocrx_word' id='word_1_15' title='bbox 1061 591 1212 648; x_wconf 89' lang='lat' dir='ltr'><strong>clara</strong></span> <span class='ocrx_word' id='word_1_16' title='bbox 1237 599 1324 648; x_wconf 88' lang='lat' dir='ltr'><strong>est</strong></span> <span class='ocrx_word' id='word_1_17' title='bbox 1353 590 1665 663; x_wconf 88' lang='lat' dir='ltr'><strong>probibitio,</strong></span> <span class='ocrx_word' id='word_1_18' title='bbox 1697 597 1752 648; x_wconf 89' lang='lat' dir='ltr'><strong>et</strong></span> <span class='ocrx_word' id='word_1_19' title='bbox 1780 606 1887 646; x_wconf 90' lang='lat' dir='ltr'><strong>non</strong></span> 
     </span>
     <span class='ocr_line' id='line_1_4' title="bbox 285 680 1886 754; baseline -0.001 -17"><span class='ocrx_word' id='word_1_20' title='bbox 285 689 492 738; x_wconf 82' lang='lat' dir='ltr'><strong>tantum</strong></span> <span class='ocrx_word' id='word_1_21' title='bbox 539 683 828 753; x_wconf 79' lang='lat' dir='ltr'>permissio</span> <span class='ocrx_word' id='word_1_22' title='bbox 847 724 864 747; x_wconf 80' lang='lat'><strong>,</strong></span> <span class='ocrx_word' id='word_1_23' title='bbox 897 697 974 738; x_wconf 83' lang='lat' dir='ltr'><strong>ne</strong></span> <span class='ocrx_word' id='word_1_24' title='bbox 1003 682 1134 739; x_wconf 82' lang='lat' dir='ltr'><strong>fiant</strong></span> <span class='ocrx_word' id='word_1_25' title='bbox 1161 681 1438 738; x_wconf 87' lang='lat' dir='ltr'><strong>connubia</strong></span> <span class='ocrx_word' id='word_1_26' title='bbox 1465 696 1596 736; x_wconf 89' lang='lat' dir='ltr'><strong>cum</strong></span> <span class='ocrx_word' id='word_1_27' title='bbox 1625 680 1886 754; x_wconf 80' lang='lat' dir='ltr'><strong>alienige-</strong></span> 
     </span>
     <span class='ocr_line' id='line_1_5' title="bbox 279 769 1884 843; baseline -0.001 -17"><span class='ocrx_word' id='word_1_28' title='bbox 279 772 376 826; x_wconf 86' lang='lat' dir='ltr'><strong>nis.</strong></span> <span class='ocrx_word' id='word_1_29' title='bbox 412 772 642 827; x_wconf 87' lang='lat' dir='ltr'><strong>Praeter</strong></span> <span class='ocrx_word' id='word_1_30' title='bbox 670 786 836 843; x_wconf 88' lang='lat' dir='ltr'><strong>quam</strong></span> <span class='ocrx_word' id='word_1_31' title='bbox 866 769 1016 842; x_wconf 91' lang='lat' dir='ltr'><strong>quod</strong></span> <span class='ocrx_word' id='word_1_32' title='bbox 1047 777 1246 826; x_wconf 89' lang='lat' dir='ltr'><strong>neutro</strong></span> <span class='ocrx_word' id='word_1_33' title='bbox 1275 769 1439 827; x_wconf 92' lang='lat' dir='ltr'><strong>modo</strong></span> <span class='ocrx_word' id='word_1_34' title='bbox 1467 775 1689 826; x_wconf 90' lang='lat' dir='ltr'><strong>constat</strong></span> <span class='ocrx_word' id='word_1_35' title='bbox 1716 769 1884 825; x_wconf 74' lang='lat' dir='ltr'><strong>fuisse</strong></span> 
     </span>
     <span class='ocr_line' id='line_1_6' title="bbox 287 858 1881 930; baseline -0.001 -16"><span class='ocrx_word' id='word_1_36' title='bbox 287 861 386 916; x_wconf 86' lang='lat' dir='ltr'><strong>hoc</strong></span> <span class='ocrx_word' id='word_1_37' title='bbox 418 861 536 930; x_wconf 88' lang='lat' dir='ltr'><strong>ius,</strong></span> <span class='ocrx_word' id='word_1_38' title='bbox 565 861 650 916; x_wconf 90' lang='lat' dir='ltr'><strong>vel</strong></span> <span class='ocrx_word' id='word_1_39' title='bbox 681 859 827 915; x_wconf 88' lang='lat' dir='ltr'><strong>bunc</strong></span> <span class='ocrx_word' id='word_1_40' title='bbox 861 875 1021 914; x_wconf 87' lang='lat' dir='ltr'><strong>usum</strong></span> <span class='ocrx_word' id='word_1_41' title='bbox 1054 873 1402 916; x_wconf 86' lang='lat' dir='ltr'><strong>communem</strong></span> <span class='ocrx_word' id='word_1_42' title='bbox 1431 858 1682 914; x_wconf 88' lang='lat' dir='ltr'><strong>omnibus</strong></span> <span class='ocrx_word' id='word_1_43' title='bbox 1711 858 1881 930; x_wconf 82' lang='lat' dir='ltr'><strong>genti-</strong></span> 
     </span>
     <span class='ocr_line' id='line_1_7' title="bbox 283 946 1880 1020; baseline -0.001 -16"><span class='ocrx_word' id='word_1_44' title='bbox 283 950 404 1019; x_wconf 87' lang='lat' dir='ltr'><strong>bus,</strong></span> <span class='ocrx_word' id='word_1_45' title='bbox 437 947 538 1004; x_wconf 86' lang='lat' dir='ltr'><strong>sed</strong></span> <span class='ocrx_word' id='word_1_46' title='bbox 567 947 784 1004; x_wconf 85' lang='lat' dir='ltr'><strong>videtur</strong></span> <span class='ocrx_word' id='word_1_47' title='bbox 811 949 1046 1004; x_wconf 80' lang='lat' dir='ltr'><strong>maxime</strong></span> <span class='ocrx_word' id='word_1_48' title='bbox 1073 948 1294 1020; x_wconf 82' lang='lat' dir='ltr'><strong>propria</strong></span> <span class='ocrx_word' id='word_1_49' title='bbox 1325 947 1678 1004; x_wconf 89' lang='lat' dir='ltr'><strong>consuetudo</strong></span> <span class='ocrx_word' id='word_1_50' title='bbox 1707 946 1880 1004; x_wconf 82' lang='lat' dir='ltr'><strong>fidelis</strong></span> 
     </span>
     <span class='ocr_line' id='line_1_8' title="bbox 281 1037 1884 1110; baseline -0.001 -16"><span class='ocrx_word' id='word_1_51' title='bbox 281 1038 466 1110; x_wconf 88' lang='lat' dir='ltr'><strong>populi</strong></span> <span class='ocrx_word' id='word_1_52' title='bbox 497 1043 610 1094; x_wconf 87' lang='lat' dir='ltr'><strong>tam</strong></span> <span class='ocrx_word' id='word_1_53' title='bbox 639 1039 690 1093; x_wconf 85' lang='lat' dir='ltr'><strong>in</strong></span> <span class='ocrx_word' id='word_1_54' title='bbox 721 1037 838 1110; x_wconf 82' lang='lat' dir='ltr'><strong>lege</strong></span> <span class='ocrx_word' id='word_1_55' title='bbox 869 1037 1057 1108; x_wconf 82' lang='lat' dir='ltr'><strong>veteri,</strong></span> <span class='ocrx_word' id='word_1_56' title='bbox 1087 1053 1255 1110; x_wconf 86' lang='lat' dir='ltr'><strong>quam</strong></span> <span class='ocrx_word' id='word_1_57' title='bbox 1281 1037 1506 1094; x_wconf 89' lang='lat' dir='ltr'><strong>nuncin</strong></span> <span class='ocrx_word' id='word_1_58' title='bbox 1530 1052 1700 1092; x_wconf 85' lang='lat' dir='ltr'><strong>nova:</strong></span> <span class='ocrx_word' id='word_1_59' title='bbox 1728 1043 1786 1094; x_wconf 89' lang='lat' dir='ltr'><strong>et</strong></span> <span class='ocrx_word' id='word_1_60' title='bbox 1811 1040 1884 1093; x_wconf 89' lang='lat' dir='ltr'><strong>ita</strong></span> 
     </span>
     <span class='ocr_line' id='line_1_9' title="bbox 281 1125 1883 1199; baseline 0.001 -18"><span class='ocrx_word' id='word_1_61' title='bbox 281 1127 412 1184; x_wconf 85' lang='lat' dir='ltr'><strong>illud</strong></span> <span class='ocrx_word' id='word_1_62' title='bbox 442 1129 632 1199; x_wconf 88' lang='lat' dir='ltr'><strong>potius</strong></span> <span class='ocrx_word' id='word_1_63' title='bbox 660 1133 746 1184; x_wconf 89' lang='lat' dir='ltr'><strong>est</strong></span> <span class='ocrx_word' id='word_1_64' title='bbox 774 1129 860 1182; x_wconf 91' lang='lat' dir='ltr'><strong>ius</strong></span> <span class='ocrx_word' id='word_1_65' title='bbox 887 1125 1130 1182; x_wconf 84' lang='lat' dir='ltr'><strong>divinum</strong></span> <span class='ocrx_word' id='word_1_66' title='bbox 1152 1127 1234 1183; x_wconf 82' lang='lat' dir='ltr'><strong>vel</strong></span> <span class='ocrx_word' id='word_1_67' title='bbox 1265 1127 1615 1199; x_wconf 88' lang='lat' dir='ltr'><strong>canonicum,</strong></span> <span class='ocrx_word' id='word_1_68' title='bbox 1639 1129 1762 1183; x_wconf 90' lang='lat' dir='ltr'><strong>etsi</strong></span> <span class='ocrx_word' id='word_1_69' title='bbox 1788 1126 1883 1182; x_wconf 84' lang='lat' dir='ltr'><strong>ali·</strong></span> 
     </span>
     <span class='ocr_line' id='line_1_10' title="bbox 272 1214 1881 1288; baseline 0 -16"><span class='ocrx_word' id='word_1_70' title='bbox 272 1230 409 1288; x_wconf 86' lang='lat' dir='ltr'><strong>quae</strong></span> <span class='ocrx_word' id='word_1_71' title='bbox 451 1222 648 1288; x_wconf 79' lang='lat' dir='ltr'><strong>gentes</strong></span> <span class='ocrx_word' id='word_1_72' title='bbox 676 1215 728 1271; x_wconf 90' lang='lat' dir='ltr'><strong>id</strong></span> <span class='ocrx_word' id='word_1_73' title='bbox 759 1224 1070 1283; x_wconf 84' lang='lat' dir='ltr'><strong>servarunt,</strong></span> <span class='ocrx_word' id='word_1_74' title='bbox 1105 1216 1277 1288; x_wconf 78' lang='lat' dir='ltr'><strong>magis</strong></span> <span class='ocrx_word' id='word_1_75' title='bbox 1307 1214 1523 1272; x_wconf 78' lang='lat' dir='ltr'><strong>videtur</strong></span> <span class='ocrx_word' id='word_1_76' title='bbox 1552 1215 1881 1287; x_wconf 79' lang='lat' dir='ltr'><strong>pertinuisse</strong></span> 
     </span>
     <span class='ocr_line' id='line_1_11' title="bbox 274 1303 1882 1376; baseline 0 -16"><span class='ocrx_word' id='word_1_77' title='bbox 274 1304 338 1361; x_wconf 86' lang='lat' dir='ltr'><strong>ad</strong></span> <span class='ocrx_word' id='word_1_78' title='bbox 380 1305 468 1362; x_wconf 87' lang='lat' dir='ltr'><strong>ius</strong></span> <span class='ocrx_word' id='word_1_79' title='bbox 510 1304 672 1360; x_wconf 81' lang='lat' dir='ltr'><strong>civile</strong></span> <span class='ocrx_word' id='word_1_80' title='bbox 714 1303 960 1375; x_wconf 86' lang='lat' dir='ltr'><strong>illarum,</strong></span> <span class='ocrx_word' id='word_1_81' title='bbox 991 1319 1159 1376; x_wconf 89' lang='lat' dir='ltr'><strong>quam</strong></span> <span class='ocrx_word' id='word_1_82' title='bbox 1186 1305 1452 1376; x_wconf 85' lang='lat' dir='ltr'><strong>gentium.</strong></span> <span class='ocrx_word' id='word_1_83' title='bbox 1489 1304 1882 1362; x_wconf 77' lang='lat' dir='ltr'><strong>concludimus</strong></span> 
     </span>
     <span class='ocr_line' id='line_1_12' title="bbox 268 1393 1881 1468; baseline 0 -18"><span class='ocrx_word' id='word_1_84' title='bbox 268 1410 420 1467; x_wconf 82' lang='lat' dir='ltr'><strong>ergo,</strong></span> <span class='ocrx_word' id='word_1_85' title='bbox 445 1409 562 1450; x_wconf 91' lang='lat' dir='ltr'><strong>non</strong></span> <span class='ocrx_word' id='word_1_86' title='bbox 590 1399 740 1450; x_wconf 87' lang='lat' dir='ltr'><strong>recte</strong></span> <span class='ocrx_word' id='word_1_87' title='bbox 765 1393 1024 1466; x_wconf 78' lang='lat' dir='ltr'><strong>distingui</strong></span> <span class='ocrx_word' id='word_1_88' title='bbox 1045 1396 1134 1448; x_wconf 90' lang='lat' dir='ltr'><strong>ius</strong></span> <span class='ocrx_word' id='word_1_89' title='bbox 1157 1394 1399 1466; x_wconf 82' lang='lat' dir='ltr'><strong>gentium</strong></span> <span class='ocrx_word' id='word_1_90' title='bbox 1421 1410 1452 1450; x_wconf 90' lang='lat' dir='ltr'><strong>a</strong></span> <span class='ocrx_word' id='word_1_91' title='bbox 1476 1394 1727 1466; x_wconf 86' lang='lat' dir='ltr'><strong>naturali,</strong></span> <span class='ocrx_word' id='word_1_92' title='bbox 1753 1396 1881 1468; x_wconf 89' lang='lat' dir='ltr'><strong>quia</strong></span> 
     </span>
     <span class='ocr_line' id='line_1_13' title="bbox 271 1482 1880 1556; baseline 0.002 -20"><span class='ocrx_word' id='word_1_93' title='bbox 271 1498 440 1538; x_wconf 89' lang='lat' dir='ltr'><strong>unum</strong></span> <span class='ocrx_word' id='word_1_94' title='bbox 491 1485 888 1540; x_wconf 85' lang='lat' dir='ltr'><strong>concessivum</strong></span> <span class='ocrx_word' id='word_1_95' title='bbox 931 1487 1144 1538; x_wconf 86' lang='lat' dir='ltr'><strong>tantum</strong></span> <span class='ocrx_word' id='word_1_96' title='bbox 1190 1483 1289 1550; x_wconf 86' lang='lat' dir='ltr'><strong>sit,</strong></span> <span class='ocrx_word' id='word_1_97' title='bbox 1320 1489 1376 1556; x_wconf 80' lang='lat' dir='ltr'><strong>et</strong></span> <span class='ocrx_word' id='word_1_98' title='bbox 1400 1482 1548 1539; x_wconf 89' lang='lat' dir='ltr'><strong>aliud</strong></span> <span class='ocrx_word' id='word_1_99' title='bbox 1577 1485 1880 1555; x_wconf 84' lang='lat' dir='ltr'><strong>praecepti-</strong></span> 
     </span>
     <span class='ocr_line' id='line_1_14' title="bbox 270 1570 1878 1644; baseline 0.004 -20"><span class='ocrx_word' id='word_1_100' title='bbox 270 1587 428 1643; x_wconf 87' lang='lat' dir='ltr'><strong>vum;</strong></span> <span class='ocrx_word' id='word_1_101' title='bbox 463 1586 592 1627; x_wconf 85' lang='lat' dir='ltr'><strong>nam</strong></span> <span class='ocrx_word' id='word_1_102' title='bbox 627 1570 708 1626; x_wconf 89' lang='lat' dir='ltr'><strong>vel</strong></span> <span class='ocrx_word' id='word_1_103' title='bbox 740 1577 1042 1643; x_wconf 88' lang='lat' dir='ltr'><strong>utrumque</strong></span> <span class='ocrx_word' id='word_1_104' title='bbox 1070 1571 1377 1626; x_wconf 80' lang='lat' dir='ltr'><strong>membrum</strong></span> <span class='ocrx_word' id='word_1_105' title='bbox 1407 1573 1462 1627; x_wconf 90' lang='lat' dir='ltr'><strong>in</strong></span> <span class='ocrx_word' id='word_1_106' title='bbox 1493 1579 1730 1644; x_wconf 86' lang='lat' dir='ltr'><strong>utroque</strong></span> <span class='ocrx_word' id='word_1_107' title='bbox 1759 1573 1878 1630; x_wconf 90' lang='lat' dir='ltr'><strong>iure</strong></span> 
     </span>
     <span class='ocr_line' id='line_1_15' title="bbox 269 1659 1877 1732; baseline 0.002 -18"><span class='ocrx_word' id='word_1_108' title='bbox 269 1661 551 1732; x_wconf 87' lang='lat' dir='ltr'><strong>repetitur,</strong></span> <span class='ocrx_word' id='word_1_109' title='bbox 589 1660 674 1715; x_wconf 80' lang='lat' dir='ltr'><strong>vel</strong></span> <span class='ocrx_word' id='word_1_110' title='bbox 706 1660 750 1714; x_wconf 87' lang='lat' dir='ltr'><strong>si</strong></span> <span class='ocrx_word' id='word_1_111' title='bbox 774 1664 1130 1731; x_wconf 88' lang='lat' dir='ltr'><strong>praeceptum</strong></span> <span class='ocrx_word' id='word_1_112' title='bbox 1153 1659 1398 1716; x_wconf 88' lang='lat' dir='ltr'><strong>naturale</strong></span> <span class='ocrx_word' id='word_1_113' title='bbox 1425 1667 1534 1731; x_wconf 89' lang='lat' dir='ltr'><strong>est,</strong></span> <span class='ocrx_word' id='word_1_114' title='bbox 1557 1661 1720 1717; x_wconf 90' lang='lat' dir='ltr'><strong>etiam</strong></span> <span class='ocrx_word' id='word_1_115' title='bbox 1745 1678 1877 1718; x_wconf 92' lang='lat' dir='ltr'><strong>con-</strong></span> 
     </span>
     <span class='ocr_line' id='line_1_16' title="bbox 265 1747 1876 1820; baseline 0.002 -15"><span class='ocrx_word' id='word_1_116' title='bbox 265 1750 436 1806; x_wconf 78' lang='lat' dir='ltr'><strong>cessio</strong></span> <span class='ocrx_word' id='word_1_117' title='bbox 479 1748 552 1804; x_wconf 91' lang='lat' dir='ltr'><strong>illi</strong></span> <span class='ocrx_word' id='word_1_118' title='bbox 597 1764 726 1804; x_wconf 90' lang='lat' dir='ltr'><strong>cum</strong></span> <span class='ocrx_word' id='word_1_119' title='bbox 756 1747 1108 1820; x_wconf 80' lang='lat' dir='ltr'><strong>proportione</strong></span> <span class='ocrx_word' id='word_1_120' title='bbox 1149 1747 1484 1820; x_wconf 83' lang='lat' dir='ltr'><strong>respondens</strong></span> <span class='ocrx_word' id='word_1_121' title='bbox 1513 1765 1578 1806; x_wconf 78' lang='lat' dir='ltr'><strong>ex</strong></span> <span class='ocrx_word' id='word_1_122' title='bbox 1611 1751 1726 1820; x_wconf 87' lang='lat' dir='ltr'><strong>ipso</strong></span> <span class='ocrx_word' id='word_1_123' title='bbox 1756 1752 1876 1808; x_wconf 89' lang='lat' dir='ltr'><strong>iure</strong></span> 
     </span>
     <span class='ocr_line' id='line_1_17' title="bbox 271 1835 804 1894; baseline -0.002 -2"><span class='ocrx_word' id='word_1_124' title='bbox 271 1836 500 1894; x_wconf 86' lang='lat' dir='ltr'><strong>naturali</strong></span> <span class='ocrx_word' id='word_1_125' title='bbox 533 1835 804 1892; x_wconf 86' lang='lat' dir='ltr'><strong>nascitur.</strong></span> 
     </span>
    </p>
   </div>
   <div class='ocr_carea' id='block_1_4' title="bbox 823 2013 1315 2082">
    <p class='ocr_par' dir='ltr' id='par_1_4' title="bbox 823 2013 1315 2082">
     <span class='ocr_line' id='line_1_18' title="bbox 823 2013 1315 2082; baseline 0 -2"><span class='ocrx_word' id='word_1_126' title='bbox 823 2013 1104 2082; x_wconf 86' lang='lat' dir='ltr'><strong>CAPUT</strong></span> <span class='ocrx_word' id='word_1_127' title='bbox 1135 2013 1315 2081; x_wconf 81' lang='lat' dir='ltr'><strong>xlx.</strong></span> 
     </span>
    </p>
   </div>
   <div class='ocr_carea' id='block_1_5' title="bbox 255 2177 1820 2370">
    <p class='ocr_par' dir='ltr' id='par_1_5' title="bbox 255 2177 1820 2370">
     <span class='ocr_line' id='line_1_19' title="bbox 255 2177 1820 2281; baseline 0.002 -16"><span class='ocrx_word' id='word_1_128' title='bbox 255 2177 260 2181; x_wconf 23' lang='grc' dir='ltr'>Ι</span> <span class='ocrx_word' id='word_1_129' title='bbox 319 2211 532 2265; x_wconf 81' lang='lat' dir='ltr'><strong>Utrum</strong></span> <span class='ocrx_word' id='word_1_130' title='bbox 575 2210 669 2262; x_wconf 77' lang='lat' dir='ltr'><strong>ius</strong></span> <span class='ocrx_word' id='word_1_131' title='bbox 707 2209 970 2280; x_wconf 69' lang='lat' dir='ltr'><strong>yerstium</strong></span> <span class='ocrx_word' id='word_1_132' title='bbox 1009 2177 1419 2281; x_wconf 68' lang='lat' dir='ltr'><strong>distinquatur</strong></span> <span class='ocrx_word' id='word_1_133' title='bbox 1459 2227 1502 2267; x_wconf 82' lang='lat' dir='ltr'><strong><em>a</em></strong></span> <span class='ocrx_word' id='word_1_134' title='bbox 1541 2211 1820 2268; x_wconf 77' lang='lat' dir='ltr'><strong>naturali</strong></span> 
     </span>
     <span class='ocr_line' id='line_1_20' title="bbox 365 2294 1758 2370; baseline 0.003 -20"><span class='ocrx_word' id='word_1_135' title='bbox 365 2301 664 2369; x_wconf 76' lang='lat' dir='ltr'><strong>tanquam</strong></span> <span class='ocrx_word' id='word_1_136' title='bbox 687 2294 1042 2370; x_wconf 74' lang='lat' dir='ltr'><strong>simpliciter</strong></span> <span class='ocrx_word' id='word_1_137' title='bbox 1056 2300 1383 2370; x_wconf 78' lang='lat' dir='ltr'><strong>positivum</strong></span> <span class='ocrx_word' id='word_1_138' title='bbox 1402 2300 1758 2356; x_wconf 76' lang='lat' dir='ltr'><strong>humanum.</strong></span> 
     </span>
    </p>
   </div>
   <div class='ocr_carea' id='block_1_6' title="bbox 829 2475 1314 2538">
    <p class='ocr_par' dir='ltr' id='par_1_6' title="bbox 829 2475 1314 2538">
     <span class='ocr_line' id='line_1_21' title="bbox 829 2475 1314 2538; baseline 0.004 -2"><span class='ocrx_word' id='word_1_139' title='bbox 829 2475 1314 2538; x_wconf 79' lang='lat' dir='ltr'><strong>summarium</strong></span> 
     </span>
    </p>
   </div>
   <div class='ocr_carea' id='block_1_7' title="bbox 271 2649 1872 2988">
    <p class='ocr_par' dir='ltr' id='par_1_7' title="bbox 271 2649 1872 2988">
     <span class='ocr_line' id='line_1_22' title="bbox 271 2649 1872 2718; baseline 0.002 -21"><span class='ocrx_word' id='word_1_140' title='bbox 271 2651 314 2698; x_wconf 79' lang='lat' dir='ltr'><strong>i.</strong></span> <span class='ocrx_word' id='word_1_141' title='bbox 341 2650 420 2698; x_wconf 88' lang='lat' dir='ltr'><strong>lus</strong></span> <span class='ocrx_word' id='word_1_142' title='bbox 445 2649 686 2718; x_wconf 74' lang='lat' dir='ltr'><strong>gentium</strong></span> <span class='ocrx_word' id='word_1_143' title='bbox 712 2649 974 2711; x_wconf 89' lang='lat' dir='ltr'><strong>proprium</strong></span> <span class='ocrx_word' id='word_1_144' title='bbox 998 2649 1098 2698; x_wconf 87' lang='lat' dir='ltr'><strong>sub</strong></span> <span class='ocrx_word' id='word_1_145' title='bbox 1122 2651 1346 2699; x_wconf 83' lang='lat' dir='ltr'><strong>naturali</strong></span> <span class='ocrx_word' id='word_1_146' title='bbox 1371 2663 1468 2700; x_wconf 87' lang='lat' dir='ltr'><strong>non</strong></span> <span class='ocrx_word' id='word_1_147' title='bbox 1489 2650 1872 2716; x_wconf 84' lang='lat' dir='ltr'><strong>comprehendi·</strong></span> 
     </span>
     <span class='ocr_line' id='line_1_23' title="bbox 332 2717 1872 2784; baseline 0.002 -16"><span class='ocrx_word' id='word_1_148' title='bbox 332 2717 579 2768; x_wconf 85' lang='lat' dir='ltr'><strong>tur.—ln</strong></span> <span class='ocrx_word' id='word_1_149' title='bbox 606 2730 711 2782; x_wconf 88' lang='lat' dir='ltr'><strong>quo</strong></span> <span class='ocrx_word' id='word_1_150' title='bbox 735 2719 1040 2767; x_wconf 73' lang='lat' dir='ltr'><strong>conveniant</strong></span> <span class='ocrx_word' id='word_1_151' title='bbox 1061 2717 1187 2768; x_wconf 85' lang='lat' dir='ltr'><strong>haec</strong></span> <span class='ocrx_word' id='word_1_152' title='bbox 1213 2719 1346 2768; x_wconf 82' lang='lat' dir='ltr'><strong>iura.</strong></span> <span class='ocrx_word' id='word_1_153' title='bbox 1362 2719 1490 2769; x_wconf 81' lang='lat'><strong>-2.</strong></span> <span class='ocrx_word' id='word_1_154' title='bbox 1519 2720 1572 2770; x_wconf 91' lang='lat' dir='ltr'><strong>ln</strong></span> <span class='ocrx_word' id='word_1_155' title='bbox 1599 2734 1702 2783; x_wconf 88' lang='lat' dir='ltr'><strong>quo</strong></span> <span class='ocrx_word' id='word_1_156' title='bbox 1725 2733 1872 2784; x_wconf 84' lang='lat' dir='ltr'><strong>prac-</strong></span> 
     </span>
     <span class='ocr_line' id='line_1_24' title="bbox 331 2786 1870 2852; baseline 0.003 -16"><span class='ocrx_word' id='word_1_157' title='bbox 331 2789 478 2851; x_wconf 84' lang='lat' dir='ltr'><strong>cipue</strong></span> <span class='ocrx_word' id='word_1_158' title='bbox 502 2786 769 2837; x_wconf 77' lang='lat' dir='ltr'><strong>differant.</strong></span> <span class='ocrx_word' id='word_1_159' title='bbox 797 2813 866 2822; x_wconf 93' lang='lat'><strong>-—-</strong></span> <span class='ocrx_word' id='word_1_160' title='bbox 890 2787 942 2836; x_wconf 88' lang='lat'><strong>3.</strong></span> <span class='ocrx_word' id='word_1_161' title='bbox 981 2786 1063 2836; x_wconf 89' lang='lat' dir='ltr'><strong>Ius</strong></span> <span class='ocrx_word' id='word_1_162' title='bbox 1096 2789 1328 2849; x_wconf 78' lang='lat' dir='ltr'><strong>gentium</strong></span> <span class='ocrx_word' id='word_1_163' title='bbox 1362 2789 1664 2852; x_wconf 85' lang='lat' dir='ltr'><strong>simpliciter</strong></span> <span class='ocrx_word' id='word_1_164' title='bbox 1695 2789 1870 2840; x_wconf 87' lang='lat' dir='ltr'><strong>dieen-</strong></span> 
     </span>
     <span class='ocr_line' id='line_1_25' title="bbox 330 2856 1868 2920; baseline 0.003 -16"><span class='ocrx_word' id='word_1_165' title='bbox 330 2857 444 2906; x_wconf 89' lang='lat' dir='ltr'><strong>dum</strong></span> <span class='ocrx_word' id='word_1_166' title='bbox 467 2863 550 2906; x_wconf 82' lang='lat' dir='ltr'><strong>est</strong></span> <span class='ocrx_word' id='word_1_167' title='bbox 578 2857 857 2920; x_wconf 76' lang='lat' dir='ltr'><strong>positivum</strong></span> <span class='ocrx_word' id='word_1_168' title='bbox 881 2856 1323 2906; x_wconf 65' lang='lat' dir='ltr'><strong>humanum—4.</strong></span> <span class='ocrx_word' id='word_1_169' title='bbox 1355 2857 1406 2906; x_wconf 88' lang='lat' dir='ltr'><strong>ln</strong></span> <span class='ocrx_word' id='word_1_170' title='bbox 1432 2871 1536 2920; x_wconf 85' lang='lat' dir='ltr'><strong>quo</strong></span> <span class='ocrx_word' id='word_1_171' title='bbox 1557 2858 1760 2909; x_wconf 77' lang='lat' dir='ltr'><strong>differat</strong></span> <span class='ocrx_word' id='word_1_172' title='bbox 1787 2861 1868 2910; x_wconf 87' lang='lat' dir='ltr'><strong>ius</strong></span> 
     </span>
     <span class='ocr_line' id='line_1_26' title="bbox 327 2925 1322 2988; baseline 0.001 -12"><span class='ocrx_word' id='word_1_173' title='bbox 327 2927 556 2988; x_wconf 79' lang='lat' dir='ltr'><strong>gentium</strong></span> <span class='ocrx_word' id='word_1_174' title='bbox 581 2933 638 2975; x_wconf 87' lang='lat' dir='ltr'><strong>et</strong></span> <span class='ocrx_word' id='word_1_175' title='bbox 663 2926 836 2976; x_wconf 80' lang='lat' dir='ltr'><strong>civile.</strong></span> <span class='ocrx_word' id='word_1_176' title='bbox 865 2953 932 2962; x_wconf 91' lang='lat'><strong>—</strong></span> <span class='ocrx_word' id='word_1_177' title='bbox 957 2925 1008 2974; x_wconf 75' lang='lat'><strong>5.</strong></span> <span class='ocrx_word' id='word_1_178' title='bbox 1036 2925 1322 2977; x_wconf 81' lang='lat' dir='ltr'><strong>Resolutio.</strong></span> 
     </span>
    </p>
   </div>
   <div class='ocr_carea' id='block_1_8' title="bbox 263 3091 1868 5304">
    <p class='ocr_par' dir='ltr' id='par_1_8' title="bbox 263 3091 1868 5304">
     <span class='ocr_line' id='line_1_27' title="bbox 345 3091 1868 3167; baseline 0.001 -18"><span class='ocrx_word' id='word_1_179' title='bbox 345 3098 390 3150; x_wconf 94' lang='grc' dir='ltr'><strong>Ι.</strong></span> <span class='ocrx_word' id='word_1_180' title='bbox 419 3093 498 3148; x_wconf 85' lang='lat' dir='ltr'><strong>Ex</strong></span> <span class='ocrx_word' id='word_1_181' title='bbox 533 3092 810 3149; x_wconf 88' lang='lat' dir='ltr'><strong>hactenus</strong></span> <span class='ocrx_word' id='word_1_182' title='bbox 850 3093 1008 3150; x_wconf 89' lang='lat' dir='ltr'><strong>dictis</strong></span> <span class='ocrx_word' id='word_1_183' title='bbox 1037 3091 1252 3149; x_wconf 59' lang='lat' dir='ltr'><strong>addetur</strong></span> <span class='ocrx_word' id='word_1_184' title='bbox 1281 3093 1574 3165; x_wconf 91' lang='lat' dir='ltr'><strong>concludi,</strong></span> <span class='ocrx_word' id='word_1_185' title='bbox 1619 3095 1706 3151; x_wconf 86' lang='lat' dir='ltr'><strong>ius</strong></span> <span class='ocrx_word' id='word_1_186' title='bbox 1733 3111 1868 3167; x_wconf 82' lang='lat' dir='ltr'><strong>gen-</strong></span> 
     </span>
     <span class='ocr_line' id='line_1_28' title="bbox 268 3180 1863 3255; baseline 0.003 -20"><span class='ocrx_word' id='word_1_187' title='bbox 268 3183 391 3237; x_wconf 86' lang='lat' dir='ltr'><strong>tium</strong></span> <span class='ocrx_word' id='word_1_188' title='bbox 421 3181 643 3253; x_wconf 87' lang='lat' dir='ltr'><strong>proprie</strong></span> <span class='ocrx_word' id='word_1_189' title='bbox 673 3180 886 3237; x_wconf 86' lang='lat' dir='ltr'><strong>dictum</strong></span> <span class='ocrx_word' id='word_1_190' title='bbox 917 3197 1024 3237; x_wconf 89' lang='lat' dir='ltr'><strong>non</strong></span> <span class='ocrx_word' id='word_1_191' title='bbox 1055 3181 1445 3253; x_wconf 84' lang='lat' dir='ltr'><strong>comprehendi</strong></span> <span class='ocrx_word' id='word_1_192' title='bbox 1475 3184 1580 3238; x_wconf 89' lang='lat' dir='ltr'><strong>sub</strong></span> <span class='ocrx_word' id='word_1_193' title='bbox 1611 3183 1863 3255; x_wconf 87' lang='lat' dir='ltr'><strong>naturali,</strong></span> 
     </span>
     <span class='ocr_line' id='line_1_29' title="bbox 269 3269 1862 3344; baseline 0.001 -19"><span class='ocrx_word' id='word_1_194' title='bbox 269 3271 352 3326; x_wconf 87' lang='lat' dir='ltr'><strong>sed</strong></span> <span class='ocrx_word' id='word_1_195' title='bbox 380 3270 744 3327; x_wconf 80' lang='lat' dir='ltr'><strong>essentialiter</strong></span> <span class='ocrx_word' id='word_1_196' title='bbox 773 3270 842 3326; x_wconf 85' lang='lat' dir='ltr'><strong>ab</strong></span> <span class='ocrx_word' id='word_1_197' title='bbox 869 3270 958 3326; x_wconf 90' lang='lat' dir='ltr'><strong>illo</strong></span> <span class='ocrx_word' id='word_1_198' title='bbox 987 3269 1228 3341; x_wconf 78' lang='lat' dir='ltr'><strong>differre,</strong></span> <span class='ocrx_word' id='word_1_199' title='bbox 1259 3273 1392 3344; x_wconf 90' lang='lat' dir='ltr'><strong>quia</strong></span> <span class='ocrx_word' id='word_1_200' title='bbox 1433 3271 1558 3328; x_wconf 87' lang='lat' dir='ltr'><strong>licet</strong></span> <span class='ocrx_word' id='word_1_201' title='bbox 1597 3287 1726 3329; x_wconf 89' lang='lat' dir='ltr'><strong>cum</strong></span> <span class='ocrx_word' id='word_1_202' title='bbox 1769 3271 1862 3328; x_wconf 89' lang='lat' dir='ltr'><strong>illo</strong></span> 
     </span>
     <span class='ocr_line' id='line_1_30' title="bbox 269 3358 1864 3432; baseline 0.002 -18"><span class='ocrx_word' id='word_1_203' title='bbox 269 3363 546 3416; x_wconf 78' lang='lat' dir='ltr'><strong>conveniat</strong></span> <span class='ocrx_word' id='word_1_204' title='bbox 576 3362 632 3416; x_wconf 90' lang='lat' dir='ltr'><strong>in</strong></span> <span class='ocrx_word' id='word_1_205' title='bbox 661 3358 871 3427; x_wconf 87' lang='lat' dir='ltr'><strong>multis,</strong></span> <span class='ocrx_word' id='word_1_206' title='bbox 905 3366 1084 3415; x_wconf 85' lang='lat' dir='ltr'><strong>tamen</strong></span> <span class='ocrx_word' id='word_1_207' title='bbox 1132 3360 1184 3416; x_wconf 88' lang='lat' dir='ltr'><strong>in</strong></span> <span class='ocrx_word' id='word_1_208' title='bbox 1216 3363 1438 3432; x_wconf 89' lang='lat' dir='ltr'><strong>propria</strong></span> <span class='ocrx_word' id='word_1_209' title='bbox 1479 3361 1672 3418; x_wconf 88' lang='lat' dir='ltr'><strong>morali</strong></span> <span class='ocrx_word' id='word_1_210' title='bbox 1713 3361 1864 3417; x_wconf 77' lang='lat' dir='ltr'><strong>diffe-</strong></span> 
     </span>
     <span class='ocr_line' id='line_1_31' title="bbox 269 3448 1864 3522; baseline 0.003 -20"><span class='ocrx_word' id='word_1_211' title='bbox 269 3449 426 3506; x_wconf 85' lang='lat' dir='ltr'><strong>rentia</strong></span> <span class='ocrx_word' id='word_1_212' title='bbox 450 3449 1246 3520; x_wconf 80' lang='lat' dir='ltr'><strong>distinguuntur.Conveniunt</strong></span> <span class='ocrx_word' id='word_1_213' title='bbox 1267 3448 1488 3522; x_wconf 88' lang='lat' dir='ltr'><strong>quidem</strong></span> <span class='ocrx_word' id='word_1_214' title='bbox 1513 3450 1710 3521; x_wconf 79' lang='lat' dir='ltr'><strong>primo,</strong></span> <span class='ocrx_word' id='word_1_215' title='bbox 1735 3450 1864 3522; x_wconf 89' lang='lat' dir='ltr'><strong>quia</strong></span> 
     </span>
     <span class='ocr_line' id='line_1_32' title="bbox 271 3536 1862 3610; baseline 0.002 -20"><span class='ocrx_word' id='word_1_216' title='bbox 271 3545 554 3610; x_wconf 89' lang='lat' dir='ltr'><strong>utrumque</strong></span> <span class='ocrx_word' id='word_1_217' title='bbox 579 3543 670 3593; x_wconf 88' lang='lat' dir='ltr'><strong>est</strong></span> <span class='ocrx_word' id='word_1_218' title='bbox 690 3536 873 3610; x_wconf 86' lang='lat' dir='ltr'><strong>aliquo</strong></span> <span class='ocrx_word' id='word_1_219' title='bbox 899 3536 1062 3593; x_wconf 87' lang='lat' dir='ltr'><strong>modo</strong></span> <span class='ocrx_word' id='word_1_220' title='bbox 1085 3553 1380 3594; x_wconf 90' lang='lat' dir='ltr'><strong>commune</strong></span> <span class='ocrx_word' id='word_1_221' title='bbox 1409 3539 1664 3594; x_wconf 86' lang='lat' dir='ltr'><strong>omnibus</strong></span> <span class='ocrx_word' id='word_1_222' title='bbox 1689 3537 1862 3593; x_wconf 90' lang='lat' dir='ltr'><strong>homi·</strong></span> 
     </span>
     <span class='ocr_line' id='line_1_33' title="bbox 269 3626 1861 3700; baseline 0.003 -20"><span class='ocrx_word' id='word_1_223' title='bbox 269 3626 516 3698; x_wconf 84' lang='lat' dir='ltr'><strong>nibus,ex</strong></span> <span class='ocrx_word' id='word_1_224' title='bbox 543 3643 662 3700; x_wconf 90' lang='lat' dir='ltr'><strong>quo</strong></span> <span class='ocrx_word' id='word_1_225' title='bbox 684 3628 860 3699; x_wconf 87' lang='lat' dir='ltr'><strong>capite</strong></span> <span class='ocrx_word' id='word_1_226' title='bbox 885 3632 1184 3700; x_wconf 87' lang='lat' dir='ltr'><strong>utrumque</strong></span> <span class='ocrx_word' id='word_1_227' title='bbox 1215 3635 1400 3699; x_wconf 89' lang='lat' dir='ltr'><strong>potest</strong></span> <span class='ocrx_word' id='word_1_228' title='bbox 1425 3629 1664 3699; x_wconf 84' lang='lat' dir='ltr'><strong>gentium</strong></span> <span class='ocrx_word' id='word_1_229' title='bbox 1681 3628 1861 3699; x_wconf 85' lang='lat' dir='ltr'><strong>appel·</strong></span> 
     </span>
     <span class='ocr_line' id='line_1_34' title="bbox 267 3716 1859 3790; baseline 0.002 -20"><span class='ocrx_word' id='word_1_230' title='bbox 267 3716 386 3786; x_wconf 84' lang='lat' dir='ltr'><strong>lari,</strong></span> <span class='ocrx_word' id='word_1_231' title='bbox 417 3719 462 3772; x_wconf 91' lang='lat' dir='ltr'><strong>si</strong></span> <span class='ocrx_word' id='word_1_232' title='bbox 493 3718 544 3772; x_wconf 90' lang='lat' dir='ltr'><strong>in</strong></span> <span class='ocrx_word' id='word_1_233' title='bbox 575 3716 698 3773; x_wconf 90' lang='lat' dir='ltr'><strong>sola</strong></span> <span class='ocrx_word' id='word_1_234' title='bbox 721 3732 856 3773; x_wconf 84' lang='lat' dir='ltr'><strong>voce</strong></span> <span class='ocrx_word' id='word_1_235' title='bbox 879 3717 1105 3773; x_wconf 87' lang='lat' dir='ltr'><strong>sistatur</strong></span> <span class='ocrx_word' id='word_1_236' title='bbox 1123 3758 1137 3787; x_wconf 92' lang='lat'><strong>,</strong></span> <span class='ocrx_word' id='word_1_237' title='bbox 1163 3733 1304 3790; x_wconf 89' lang='lat' dir='ltr'><strong>quae</strong></span> <span class='ocrx_word' id='word_1_238' title='bbox 1335 3718 1638 3789; x_wconf 76' lang='lat' dir='ltr'><strong>proprietas</strong></span> <span class='ocrx_word' id='word_1_239' title='bbox 1667 3719 1718 3773; x_wconf 91' lang='lat' dir='ltr'><strong>in</strong></span> <span class='ocrx_word' id='word_1_240' title='bbox 1744 3719 1859 3774; x_wconf 92' lang='lat' dir='ltr'><strong>iure</strong></span> 
     </span>
     <span class='ocr_line' id='line_1_35' title="bbox 267 3806 1851 3881; baseline 0.002 -21"><span class='ocrx_word' id='word_1_241' title='bbox 267 3807 492 3863; x_wconf 84' lang='lat' dir='ltr'><strong>naturali</strong></span> <span class='ocrx_word' id='word_1_242' title='bbox 515 3806 673 3864; x_wconf 88' lang='lat' dir='ltr'><strong>clara</strong></span> <span class='ocrx_word' id='word_1_243' title='bbox 693 3813 800 3874; x_wconf 85' lang='lat' dir='ltr'><strong>est,</strong></span> <span class='ocrx_word' id='word_1_244' title='bbox 815 3815 872 3863; x_wconf 88' lang='lat' dir='ltr'><strong>et</strong></span> <span class='ocrx_word' id='word_1_245' title='bbox 888 3807 1096 3863; x_wconf 85' lang='lat' dir='ltr'><strong>ratione</strong></span> <span class='ocrx_word' id='word_1_246' title='bbox 1117 3806 1260 3864; x_wconf 89' lang='lat' dir='ltr'><strong>illius</strong></span> <span class='ocrx_word' id='word_1_247' title='bbox 1281 3808 1333 3861; x_wconf 92' lang='lat' dir='ltr'><strong>in</strong></span> <span class='ocrx_word' id='word_1_248' title='bbox 1352 3806 1388 3861; x_wconf 92' lang='lat' dir='ltr'><strong>l.</strong></span> <span class='ocrx_word' id='word_1_249' title='bbox 1406 3822 1606 3862; x_wconf 81' lang='lat' dir='ltr'><strong>omnes</strong></span> <span class='ocrx_word' id='word_1_250' title='bbox 1623 3807 1851 3881; x_wconf 75' lang='lat' dir='ltr'><strong>populi,</strong></span> 
     </span>
     <span class='ocr_line' id='line_1_36' title="bbox 267 3894 1859 3969; baseline 0.001 -19"><span class='ocrx_word' id='word_1_251' title='bbox 267 3895 314 3950; x_wconf 77' lang='lat' dir='ltr'><strong>ff.</strong></span> <span class='ocrx_word' id='word_1_252' title='bbox 340 3894 404 3951; x_wconf 88' lang='lat' dir='ltr'><strong>de</strong></span> <span class='ocrx_word' id='word_1_253' title='bbox 432 3897 612 3951; x_wconf 86' lang='lat' dir='ltr'><strong>instit.</strong></span> <span class='ocrx_word' id='word_1_254' title='bbox 645 3903 701 3952; x_wconf 87' lang='lat' dir='ltr'><strong>et</strong></span> <span class='ocrx_word' id='word_1_255' title='bbox 729 3895 838 3950; x_wconf 89' lang='lat' dir='ltr'><strong>iur.</strong></span> <span class='ocrx_word' id='word_1_256' title='bbox 873 3894 1142 3952; x_wconf 77' lang='lat' dir='ltr'><strong>videbitur</strong></span> <span class='ocrx_word' id='word_1_257' title='bbox 1178 3898 1264 3951; x_wconf 89' lang='lat' dir='ltr'><strong>ius</strong></span> <span class='ocrx_word' id='word_1_258' title='bbox 1293 3895 1472 3967; x_wconf 87' lang='lat' dir='ltr'><strong>ipsum</strong></span> <span class='ocrx_word' id='word_1_259' title='bbox 1503 3903 1736 3952; x_wconf 87' lang='lat' dir='ltr'><strong>naturae</strong></span> <span class='ocrx_word' id='word_1_260' title='bbox 1765 3912 1859 3969; x_wconf 91' lang='lat' dir='ltr'><strong>ap·</strong></span> 
     </span>
     <span class='ocr_line' id='line_1_37' title="bbox 269 3984 1859 4058; baseline 0.001 -18"><span class='ocrx_word' id='word_1_261' title='bbox 269 3984 444 4054; x_wconf 81' lang='lat' dir='ltr'><strong>pellari</strong></span> <span class='ocrx_word' id='word_1_262' title='bbox 485 3987 576 4042; x_wconf 88' lang='lat' dir='ltr'><strong>ius</strong></span> <span class='ocrx_word' id='word_1_263' title='bbox 621 3987 865 4056; x_wconf 85' lang='lat' dir='ltr'><strong>gentium</strong></span> <span class='ocrx_word' id='word_1_264' title='bbox 897 3984 1070 4058; x_wconf 87' lang='lat' dir='ltr'><strong>(quod</strong></span> <span class='ocrx_word' id='word_1_265' title='bbox 1113 3985 1163 4040; x_wconf 90' lang='lat' dir='ltr'><strong>in</strong></span> <span class='ocrx_word' id='word_1_266' title='bbox 1207 3984 1390 4041; x_wconf 87' lang='lat' dir='ltr'><strong>multis</strong></span> <span class='ocrx_word' id='word_1_267' title='bbox 1432 3985 1642 4058; x_wconf 82' lang='lat' dir='ltr'><strong>legibus</strong></span> <span class='ocrx_word' id='word_1_268' title='bbox 1671 3986 1859 4042; x_wconf 83' lang='lat' dir='ltr'><strong>obser-</strong></span> 
     </span>
     <span class='ocr_line' id='line_1_38' title="bbox 265 4073 1858 4147; baseline 0.002 -20"><span class='ocrx_word' id='word_1_269' title='bbox 265 4073 488 4132; x_wconf 77' lang='lat' dir='ltr'><strong>vandum</strong></span> <span class='ocrx_word' id='word_1_270' title='bbox 527 4073 676 4147; x_wconf 89' lang='lat' dir='ltr'><strong>est)·,</strong></span> <span class='ocrx_word' id='word_1_271' title='bbox 713 4075 970 4146; x_wconf 85' lang='lat' dir='ltr'><strong>proprius</strong></span> <span class='ocrx_word' id='word_1_272' title='bbox 999 4089 1128 4131; x_wconf 86' lang='lat' dir='ltr'><strong>vero</strong></span> <span class='ocrx_word' id='word_1_273' title='bbox 1159 4075 1448 4146; x_wconf 89' lang='lat' dir='ltr'><strong>appellatio</strong></span> <span class='ocrx_word' id='word_1_274' title='bbox 1487 4074 1574 4131; x_wconf 88' lang='lat' dir='ltr'><strong>illa</strong></span> <span class='ocrx_word' id='word_1_275' title='bbox 1604 4075 1858 4131; x_wconf 90' lang='lat' dir='ltr'><strong>tribuitur</strong></span> 
     </span>
     <span class='ocr_line' id='line_1_39' title="bbox 265 4159 1856 4238; baseline 0.001 -22"><span class='ocrx_word' id='word_1_276' title='bbox 265 4159 382 4234; x_wconf 86' lang='lat' dir='ltr'><strong>iuri,</strong></span> <span class='ocrx_word' id='word_1_277' title='bbox 413 4163 562 4238; x_wconf 89' lang='lat' dir='ltr'><strong>quod</strong></span> <span class='ocrx_word' id='word_1_278' title='bbox 595 4180 702 4219; x_wconf 88' lang='lat' dir='ltr'><strong>usu</strong></span> <span class='ocrx_word' id='word_1_279' title='bbox 729 4165 978 4236; x_wconf 84' lang='lat' dir='ltr'><strong>gentium</strong></span> <span class='ocrx_word' id='word_1_280' title='bbox 1015 4162 1394 4220; x_wconf 90' lang='lat' dir='ltr'><strong>introductum</strong></span> <span class='ocrx_word' id='word_1_281' title='bbox 1424 4171 1509 4220; x_wconf 86' lang='lat' dir='ltr'><strong>est</strong></span> <span class='ocrx_word' id='word_1_282' title='bbox 1550 4163 1600 4218; x_wconf 89' lang='lat' dir='ltr'><strong>in</strong></span> <span class='ocrx_word' id='word_1_283' title='bbox 1629 4161 1654 4230; x_wconf 71' lang='grc' dir='ltr'>ἒ</span> <span class='ocrx_word' id='word_1_284' title='bbox 1685 4168 1738 4221; x_wconf 76' lang='lat'><strong>4.</strong></span> <span class='ocrx_word' id='word_1_285' title='bbox 1771 4165 1856 4218; x_wconf 90' lang='lat' dir='ltr'><strong>In·</strong></span> 
     </span>
     <span class='ocr_line' id='line_1_40' title="bbox 265 4253 1858 4325; baseline 0.001 -18"><span class='ocrx_word' id='word_1_286' title='bbox 265 4255 370 4310; x_wconf 85' lang='lat' dir='ltr'><strong>stit.</strong></span> <span class='ocrx_word' id='word_1_287' title='bbox 401 4253 468 4310; x_wconf 88' lang='lat' dir='ltr'><strong>de</strong></span> <span class='ocrx_word' id='word_1_288' title='bbox 496 4258 610 4311; x_wconf 91' lang='lat' dir='ltr'><strong>iur.</strong></span> <span class='ocrx_word' id='word_1_289' title='bbox 659 4261 843 4310; x_wconf 86' lang='lat' dir='ltr'><strong>natur.</strong></span> <span class='ocrx_word' id='word_1_290' title='bbox 889 4259 1000 4309; x_wconf 90' lang='lat' dir='ltr'><strong>etc.</strong></span> <span class='ocrx_word' id='word_1_291' title='bbox 1035 4253 1292 4309; x_wconf 89' lang='lat' dir='ltr'><strong>Secundo</strong></span> <span class='ocrx_word' id='word_1_292' title='bbox 1332 4254 1685 4321; x_wconf 85' lang='lat' dir='ltr'><strong>conveniunt,</strong></span> <span class='ocrx_word' id='word_1_293' title='bbox 1730 4253 1858 4325; x_wconf 90' lang='lat' dir='ltr'><strong>quia</strong></span> 
     </span>
     <span class='ocr_line' id='line_1_41' title="bbox 263 4341 1858 4414; baseline 0.002 -19"><span class='ocrx_word' id='word_1_294' title='bbox 263 4343 402 4399; x_wconf 82' lang='lat' dir='ltr'><strong>sicut</strong></span> <span class='ocrx_word' id='word_1_295' title='bbox 429 4343 661 4400; x_wconf 86' lang='lat' dir='ltr'><strong>materia</strong></span> <span class='ocrx_word' id='word_1_296' title='bbox 689 4343 824 4398; x_wconf 88' lang='lat' dir='ltr'><strong>iuris</strong></span> <span class='ocrx_word' id='word_1_297' title='bbox 850 4343 1094 4414; x_wconf 81' lang='lat' dir='ltr'><strong>gentium</strong></span> <span class='ocrx_word' id='word_1_298' title='bbox 1126 4341 1303 4398; x_wconf 88' lang='lat' dir='ltr'><strong>solum</strong></span> <span class='ocrx_word' id='word_1_299' title='bbox 1334 4341 1473 4397; x_wconf 91' lang='lat' dir='ltr'><strong>inter</strong></span> <span class='ocrx_word' id='word_1_300' title='bbox 1512 4341 1752 4398; x_wconf 88' lang='lat' dir='ltr'><strong>homines</strong></span> <span class='ocrx_word' id='word_1_301' title='bbox 1782 4342 1858 4398; x_wconf 88' lang='lat' dir='ltr'><strong>lo-</strong></span> 
     </span>
     <span class='ocr_line' id='line_1_42' title="bbox 267 4431 1856 4502; baseline 0 -16"><span class='ocrx_word' id='word_1_302' title='bbox 267 4447 386 4487; x_wconf 86' lang='lat' dir='ltr'><strong>cum</strong></span> <span class='ocrx_word' id='word_1_303' title='bbox 415 4432 604 4500; x_wconf 82' lang='lat' dir='ltr'><strong>babet,</strong></span> <span class='ocrx_word' id='word_1_304' title='bbox 633 4431 706 4487; x_wconf 82' lang='lat' dir='ltr'><strong>ita</strong></span> <span class='ocrx_word' id='word_1_305' title='bbox 731 4433 894 4487; x_wconf 84' lang='lat' dir='ltr'><strong>etiam</strong></span> <span class='ocrx_word' id='word_1_306' title='bbox 925 4432 1150 4487; x_wconf 87' lang='lat' dir='ltr'><strong>materia</strong></span> <span class='ocrx_word' id='word_1_307' title='bbox 1180 4431 1314 4486; x_wconf 87' lang='lat' dir='ltr'><strong>iuris</strong></span> <span class='ocrx_word' id='word_1_308' title='bbox 1336 4431 1600 4486; x_wconf 86' lang='lat' dir='ltr'><strong>naturalis</strong></span> <span class='ocrx_word' id='word_1_309' title='bbox 1622 4438 1710 4487; x_wconf 87' lang='lat' dir='ltr'><strong>est</strong></span> <span class='ocrx_word' id='word_1_310' title='bbox 1733 4447 1856 4502; x_wconf 92' lang='lat' dir='ltr'><strong>pro-</strong></span> 
     </span>
     <span class='ocr_line' id='line_1_43' title="bbox 263 4520 1859 4592; baseline 0.001 -17"><span class='ocrx_word' id='word_1_311' title='bbox 263 4523 372 4590; x_wconf 86' lang='lat' dir='ltr'><strong>pria</strong></span> <span class='ocrx_word' id='word_1_312' title='bbox 403 4521 686 4578; x_wconf 87' lang='lat' dir='ltr'><strong>hominum</strong></span> <span class='ocrx_word' id='word_1_313' title='bbox 726 4520 809 4575; x_wconf 86' lang='lat' dir='ltr'><strong>vel</strong></span> <span class='ocrx_word' id='word_1_314' title='bbox 852 4522 1094 4588; x_wconf 88' lang='lat' dir='ltr'><strong>omnino,</strong></span> <span class='ocrx_word' id='word_1_315' title='bbox 1126 4521 1210 4576; x_wconf 85' lang='lat' dir='ltr'><strong>vel</strong></span> <span class='ocrx_word' id='word_1_316' title='bbox 1251 4534 1450 4592; x_wconf 81' lang='lat' dir='ltr'><strong>magna</strong></span> <span class='ocrx_word' id='word_1_317' title='bbox 1491 4536 1556 4576; x_wconf 86' lang='lat' dir='ltr'><strong>ex</strong></span> <span class='ocrx_word' id='word_1_318' title='bbox 1589 4525 1763 4592; x_wconf 88' lang='lat' dir='ltr'><strong>parte,</strong></span> <span class='ocrx_word' id='word_1_319' title='bbox 1795 4527 1859 4576; x_wconf 90' lang='lat' dir='ltr'><strong>ut</strong></span> 
     </span>
     <span class='ocr_line' id='line_1_44' title="bbox 265 4609 1846 4681; baseline 0.003 -19"><span class='ocrx_word' id='word_1_320' title='bbox 265 4623 322 4664; x_wconf 82' lang='lat' dir='ltr'><strong>ex</strong></span> <span class='ocrx_word' id='word_1_321' title='bbox 349 4609 504 4665; x_wconf 85' lang='lat' dir='ltr'><strong>dictis</strong></span> <span class='ocrx_word' id='word_1_322' title='bbox 535 4610 588 4664; x_wconf 89' lang='lat' dir='ltr'><strong>in</strong></span> <span class='ocrx_word' id='word_1_323' title='bbox 617 4624 740 4681; x_wconf 86' lang='lat' dir='ltr'><strong>cap.</strong></span> <span class='ocrx_word' id='word_1_324' title='bbox 773 4609 934 4665; x_wconf 80' lang='lat' dir='ltr'><strong>XVII.</strong></span> <span class='ocrx_word' id='word_1_325' title='bbox 966 4609 1308 4664; x_wconf 83' lang='lat' dir='ltr'><strong>sufficienter</strong></span> <span class='ocrx_word' id='word_1_326' title='bbox 1344 4615 1602 4665; x_wconf 79' lang='lat' dir='ltr'><strong>constare</strong></span> <span class='ocrx_word' id='word_1_327' title='bbox 1645 4616 1846 4681; x_wconf 86' lang='lat' dir='ltr'><strong>potest.</strong></span> 
     </span>
     <span class='ocr_line' id='line_1_45' title="bbox 265 4695 1856 4769; baseline 0.003 -19"><span class='ocrx_word' id='word_1_328' title='bbox 265 4695 326 4751; x_wconf 87' lang='lat' dir='ltr'><strong>Et</strong></span> <span class='ocrx_word' id='word_1_329' title='bbox 353 4696 470 4752; x_wconf 88' lang='lat' dir='ltr'><strong>ideo</strong></span> <span class='ocrx_word' id='word_1_330' title='bbox 499 4696 672 4754; x_wconf 85' lang='lat' dir='ltr'><strong>multa</strong></span> <span class='ocrx_word' id='word_1_331' title='bbox 699 4697 972 4768; x_wconf 82' lang='lat' dir='ltr'><strong>exempla,</strong></span> <span class='ocrx_word' id='word_1_332' title='bbox 1005 4712 1144 4769; x_wconf 84' lang='lat' dir='ltr'><strong>quae</strong></span> <span class='ocrx_word' id='word_1_333' title='bbox 1166 4713 1196 4752; x_wconf 89' lang='lat' dir='ltr'><strong>a</strong></span> <span class='ocrx_word' id='word_1_334' title='bbox 1221 4697 1426 4753; x_wconf 86' lang='lat' dir='ltr'><strong>iuristis</strong></span> <span class='ocrx_word' id='word_1_335' title='bbox 1449 4702 1730 4768; x_wconf 90' lang='lat' dir='ltr'><strong>ponuntur</strong></span> <span class='ocrx_word' id='word_1_336' title='bbox 1751 4698 1856 4754; x_wconf 92' lang='lat' dir='ltr'><strong>sub</strong></span> 
     </span>
     <span class='ocr_line' id='line_1_46' title="bbox 267 4784 1855 4859; baseline 0.003 -20"><span class='ocrx_word' id='word_1_337' title='bbox 267 4784 372 4841; x_wconf 88' lang='lat' dir='ltr'><strong>iure</strong></span> <span class='ocrx_word' id='word_1_338' title='bbox 399 4787 648 4859; x_wconf 81' lang='lat' dir='ltr'><strong>gentium</strong></span> <span class='ocrx_word' id='word_1_339' title='bbox 679 4787 857 4842; x_wconf 83' lang='lat' dir='ltr'><strong>solum</strong></span> <span class='ocrx_word' id='word_1_340' title='bbox 890 4787 1100 4843; x_wconf 90' lang='lat' dir='ltr'><strong>ratione</strong></span> <span class='ocrx_word' id='word_1_341' title='bbox 1138 4786 1302 4843; x_wconf 85' lang='lat' dir='ltr'><strong>huius</strong></span> <span class='ocrx_word' id='word_1_342' title='bbox 1341 4786 1669 4843; x_wconf 86' lang='lat' dir='ltr'><strong>conditionis</strong></span> <span class='ocrx_word' id='word_1_343' title='bbox 1689 4829 1705 4859; x_wconf 93' lang='lat'><strong>,</strong></span> <span class='ocrx_word' id='word_1_344' title='bbox 1739 4787 1855 4844; x_wconf 91' lang='lat' dir='ltr'><strong>solo</strong></span> 
     </span>
     <span class='ocr_line' id='line_1_47' title="bbox 267 4874 1856 4948; baseline 0.003 -22"><span class='ocrx_word' id='word_1_345' title='bbox 267 4876 470 4930; x_wconf 88' lang='lat' dir='ltr'><strong>nomine</strong></span> <span class='ocrx_word' id='word_1_346' title='bbox 525 4885 660 4931; x_wconf 88' lang='lat' dir='ltr'><strong>sunt</strong></span> <span class='ocrx_word' id='word_1_347' title='bbox 712 4874 844 4930; x_wconf 89' lang='lat' dir='ltr'><strong>iuris</strong></span> <span class='ocrx_word' id='word_1_348' title='bbox 882 4876 1128 4946; x_wconf 85' lang='lat' dir='ltr'><strong>gentium</strong></span> <span class='ocrx_word' id='word_1_349' title='bbox 1166 4876 1385 4947; x_wconf 84' lang='lat' dir='ltr'><strong>proprie</strong></span> <span class='ocrx_word' id='word_1_350' title='bbox 1425 4874 1550 4931; x_wconf 91' lang='lat' dir='ltr'><strong>dicti</strong></span> <span class='ocrx_word' id='word_1_351' title='bbox 1581 4893 1596 4948; x_wconf 82' lang='lat'>3</span> <span class='ocrx_word' id='word_1_352' title='bbox 1631 4890 1757 4931; x_wconf 88' lang='lat' dir='ltr'><strong>nam</strong></span> <span class='ocrx_word' id='word_1_353' title='bbox 1796 4890 1856 4931; x_wconf 90' lang='lat' dir='ltr'><strong>re</strong></span> 
     </span>
     <span class='ocr_line' id='line_1_48' title="bbox 267 4962 1855 5036; baseline 0.003 -20"><span class='ocrx_word' id='word_1_354' title='bbox 267 4976 382 5019; x_wconf 84' lang='lat' dir='ltr'><strong>vera</strong></span> <span class='ocrx_word' id='word_1_355' title='bbox 409 4969 537 5019; x_wconf 82' lang='lat' dir='ltr'><strong>sunt</strong></span> <span class='ocrx_word' id='word_1_356' title='bbox 565 4964 705 5020; x_wconf 89' lang='lat' dir='ltr'><strong>iuris</strong></span> <span class='ocrx_word' id='word_1_357' title='bbox 733 4962 1020 5034; x_wconf 87' lang='lat' dir='ltr'><strong>naturalis,</strong></span> <span class='ocrx_word' id='word_1_358' title='bbox 1057 4970 1119 5020; x_wconf 89' lang='lat' dir='ltr'><strong>ut</strong></span> <span class='ocrx_word' id='word_1_359' title='bbox 1145 4963 1331 5036; x_wconf 82' lang='lat' dir='ltr'><strong>religio</strong></span> <span class='ocrx_word' id='word_1_360' title='bbox 1359 4962 1425 5019; x_wconf 89' lang='lat' dir='ltr'><strong>ad</strong></span> <span class='ocrx_word' id='word_1_361' title='bbox 1452 4966 1648 5035; x_wconf 83' lang='lat' dir='ltr'><strong>Deum,</strong></span> <span class='ocrx_word' id='word_1_362' title='bbox 1679 4964 1855 5021; x_wconf 85' lang='lat' dir='ltr'><strong>honor</strong></span> 
     </span>
     <span class='ocr_line' id='line_1_49' title="bbox 268 5051 1850 5126; baseline 0.001 -22"><span class='ocrx_word' id='word_1_363' title='bbox 268 5051 328 5106; x_wconf 83' lang='lat' dir='ltr'><strong>ad</strong></span> <span class='ocrx_word' id='word_1_364' title='bbox 354 5060 632 5123; x_wconf 83' lang='lat' dir='ltr'><strong>parentes,</strong></span> <span class='ocrx_word' id='word_1_365' title='bbox 655 5054 825 5124; x_wconf 87' lang='lat' dir='ltr'><strong>pietas</strong></span> <span class='ocrx_word' id='word_1_366' title='bbox 848 5054 902 5108; x_wconf 91' lang='lat' dir='ltr'><strong>in</strong></span> <span class='ocrx_word' id='word_1_367' title='bbox 929 5052 1182 5125; x_wconf 86' lang='lat' dir='ltr'><strong>patriam,</strong></span> <span class='ocrx_word' id='word_1_368' title='bbox 1207 5069 1348 5125; x_wconf 90' lang='lat' dir='ltr'><strong>quae</strong></span> <span class='ocrx_word' id='word_1_369' title='bbox 1375 5053 1644 5111; x_wconf 85' lang='lat' dir='ltr'><strong>habentur</strong></span> <span class='ocrx_word' id='word_1_370' title='bbox 1670 5058 1718 5110; x_wconf 89' lang='lat' dir='ltr'><strong>in</strong></span> <span class='ocrx_word' id='word_1_371' title='bbox 1745 5055 1850 5126; x_wconf 80' lang='lat' dir='ltr'><strong>leg.</strong></span> 
     </span>
     <span class='ocr_line' id='line_1_50' title="bbox 271 5141 1854 5206; baseline 0.001 -8"><span class='ocrx_word' id='word_1_372' title='bbox 271 5143 322 5206; x_wconf 78' lang='lat'><strong>2,</strong></span> <span class='ocrx_word' id='word_1_373' title='bbox 344 5146 396 5196; x_wconf 90' lang='lat' dir='ltr'><strong>et</strong></span> <span class='ocrx_word' id='word_1_374' title='bbox 417 5145 471 5198; x_wconf 77' lang='grc'><strong>3.</strong></span> <span class='ocrx_word' id='word_1_375' title='bbox 496 5141 564 5197; x_wconf 87' lang='lat' dir='ltr'><strong>de</strong></span> <span class='ocrx_word' id='word_1_376' title='bbox 590 5142 763 5197; x_wconf 79' lang='lat' dir='ltr'><strong>instit.</strong></span> <span class='ocrx_word' id='word_1_377' title='bbox 797 5148 853 5198; x_wconf 90' lang='lat' dir='ltr'><strong>et</strong></span> <span class='ocrx_word' id='word_1_378' title='bbox 883 5143 988 5197; x_wconf 90' lang='lat' dir='ltr'><strong>iur.</strong></span> <span class='ocrx_word' id='word_1_379' title='bbox 1023 5142 1220 5198; x_wconf 91' lang='lat' dir='ltr'><strong>merito</strong></span> <span class='ocrx_word' id='word_1_380' title='bbox 1241 5149 1426 5198; x_wconf 84' lang='lat' dir='ltr'><strong>autem</strong></span> <span class='ocrx_word' id='word_1_381' title='bbox 1448 5141 1536 5198; x_wconf 90' lang='lat' dir='ltr'><strong>illa</strong></span> <span class='ocrx_word' id='word_1_382' title='bbox 1558 5143 1736 5200; x_wconf 87' lang='lat' dir='ltr'><strong>omisit</strong></span> <span class='ocrx_word' id='word_1_383' title='bbox 1757 5143 1854 5200; x_wconf 84' lang='lat' dir='ltr'><strong>im-</strong></span> 
     </span>
     <span class='ocr_line' id='line_1_51' title="bbox 273 5228 1851 5304; baseline 0.003 -21"><span class='ocrx_word' id='word_1_384' title='bbox 273 5236 478 5298; x_wconf 84' lang='lat' dir='ltr'><strong>perator</strong></span> <span class='ocrx_word' id='word_1_385' title='bbox 507 5231 689 5286; x_wconf 79' lang='lat' dir='ltr'><strong>Instit.</strong></span> <span class='ocrx_word' id='word_1_386' title='bbox 721 5228 789 5286; x_wconf 92' lang='lat' dir='ltr'><strong>de</strong></span> <span class='ocrx_word' id='word_1_387' title='bbox 818 5230 923 5286; x_wconf 89' lang='lat' dir='ltr'><strong>iur.</strong></span> <span class='ocrx_word' id='word_1_388' title='bbox 959 5237 1143 5287; x_wconf 89' lang='lat' dir='ltr'><strong>natur.</strong></span> <span class='ocrx_word' id='word_1_389' title='bbox 1171 5230 1376 5290; x_wconf 75' lang='lat' dir='ltr'><strong>Similia</strong></span> <span class='ocrx_word' id='word_1_390' title='bbox 1404 5237 1536 5288; x_wconf 83' lang='lat' dir='ltr'><strong>sunt</strong></span> <span class='ocrx_word' id='word_1_391' title='bbox 1561 5231 1684 5302; x_wconf 88' lang='lat' dir='ltr'><strong>alia,</strong></span> <span class='ocrx_word' id='word_1_392' title='bbox 1710 5247 1851 5304; x_wconf 85' lang='lat' dir='ltr'><strong>quae</strong></span> 
     </span>
    </p>
   </div>
   <div class='ocr_carea' id='block_1_9' title="bbox 413 5317 1126 5392">
    <p class='ocr_par' dir='ltr' id='par_1_9' title="bbox 413 5317 1126 5392">
     <span class='ocr_line' id='line_1_52' title="bbox 413 5317 1126 5392; baseline 0.004 -13"><span class='ocrx_word' id='word_1_393' title='bbox 413 5336 610 5388; x_wconf 65' lang='lat' dir='ltr'><strong>sumu,</strong></span> <span class='ocrx_word' id='word_1_394' title='bbox 631 5338 690 5382; x_wconf 76' lang='lat' dir='ltr'><strong>ne</strong></span> <span class='ocrx_word' id='word_1_395' title='bbox 707 5339 888 5392; x_wconf 65' lang='lat' dir='ltr'><strong>aequm</strong></span> <span class='ocrx_word' id='word_1_396' title='bbox 903 5317 955 5369; x_wconf 71' lang='grc' dir='ltr'><strong>-ἱ</strong></span> <span class='ocrx_word' id='word_1_397' title='bbox 968 5338 1074 5382; x_wconf 74' lang='lat' dir='ltr'><strong>pm</strong></span> <span class='ocrx_word' id='word_1_398' title='bbox 1093 5339 1126 5382; x_wconf 87' lang='lat'><strong>1.</strong></span> 
     </span>
    </p>
   </div>
   <div class='ocr_carea' id='block_1_10' title="bbox 3352 371 3475 432">
    <p class='ocr_par' dir='ltr' id='par_1_10' title="bbox 3352 371 3475 432">
     <span class='ocr_line' id='line_1_53' title="bbox 3352 371 3475 432; baseline 0 0"><span class='ocrx_word' id='word_1_399' title='bbox 3352 371 3475 432; x_wconf 85' lang='lat'><strong>153</strong></span> 
     </span>
    </p>
   </div>
   <div class='ocr_carea' id='block_1_11' title="bbox 1924 503 3558 5376">
    <p class='ocr_par' dir='ltr' id='par_1_11' title="bbox 1955 503 3558 1110">
     <span class='ocr_line' id='line_1_54' title="bbox 1961 503 3557 582; baseline 0.008 -26"><span class='ocrx_word' id='word_1_400' title='bbox 1961 504 2113 572; x_wconf 91' lang='lat' dir='ltr'><strong>ponit</strong></span> <span class='ocrx_word' id='word_1_401' title='bbox 2136 503 2404 580; x_wconf 82' lang='lat' dir='ltr'><strong>Isidorus,</strong></span> <span class='ocrx_word' id='word_1_402' title='bbox 2438 512 2481 565; x_wconf 87' lang='lat' dir='ltr'><strong>si</strong></span> <span class='ocrx_word' id='word_1_403' title='bbox 2510 509 2559 564; x_wconf 88' lang='lat' dir='ltr'><strong>iu</strong></span> <span class='ocrx_word' id='word_1_404' title='bbox 2591 511 2767 582; x_wconf 81' lang='lat' dir='ltr'><strong>rigore</strong></span> <span class='ocrx_word' id='word_1_405' title='bbox 2796 517 3109 580; x_wconf 82' lang='lat' dir='ltr'><strong>sumantur,</strong></span> <span class='ocrx_word' id='word_1_406' title='bbox 3141 516 3199 567; x_wconf 90' lang='lat' dir='ltr'><strong>ut</strong></span> <span class='ocrx_word' id='word_1_407' title='bbox 3220 525 3441 568; x_wconf 83' lang='lat' dir='ltr'><strong>servare</strong></span> <span class='ocrx_word' id='word_1_408' title='bbox 3464 527 3557 582; x_wconf 82' lang='lat' dir='ltr'><strong>pa-</strong></span> 
     </span>
     <span class='ocr_line' id='line_1_55' title="bbox 1960 592 3554 672; baseline 0.007 -27"><span class='ocrx_word' id='word_1_409' title='bbox 1960 592 2043 646; x_wconf 88' lang='lat' dir='ltr'><strong>cis</strong></span> <span class='ocrx_word' id='word_1_410' title='bbox 2071 592 2309 665; x_wconf 75' lang='lat' dir='ltr'><strong>foedera,</strong></span> <span class='ocrx_word' id='word_1_411' title='bbox 2336 602 2390 652; x_wconf 90' lang='lat' dir='ltr'><strong>et</strong></span> <span class='ocrx_word' id='word_1_412' title='bbox 2420 597 2686 671; x_wconf 86' lang='lat' dir='ltr'><strong>inducias,</strong></span> <span class='ocrx_word' id='word_1_413' title='bbox 2712 604 2769 656; x_wconf 86' lang='lat' dir='ltr'><strong>et</strong></span> <span class='ocrx_word' id='word_1_414' title='bbox 2797 599 3195 656; x_wconf 66' lang='lat' dir='ltr'><strong>immuniffatem</strong></span> <span class='ocrx_word' id='word_1_415' title='bbox 3225 599 3554 672; x_wconf 85' lang='lat' dir='ltr'><strong>legatorum,</strong></span> 
     </span>
     <span class='ocr_line' id='line_1_56' title="bbox 1957 681 3555 752; baseline 0.007 -17"><span class='ocrx_word' id='word_1_416' title='bbox 1957 688 2015 736; x_wconf 87' lang='lat' dir='ltr'><strong>et</strong></span> <span class='ocrx_word' id='word_1_417' title='bbox 2045 681 2257 739; x_wconf 86' lang='lat' dir='ltr'><strong>similia.</strong></span> <span class='ocrx_word' id='word_1_418' title='bbox 2289 685 2407 752; x_wconf 87' lang='lat' dir='ltr'><strong>Quo</strong></span> <span class='ocrx_word' id='word_1_419' title='bbox 2436 692 2619 743; x_wconf 88' lang='lat' dir='ltr'><strong>autem</strong></span> <span class='ocrx_word' id='word_1_420' title='bbox 2648 700 2814 743; x_wconf 85' lang='lat' dir='ltr'><strong>sensu</strong></span> <span class='ocrx_word' id='word_1_421' title='bbox 2844 688 2934 744; x_wconf 89' lang='lat' dir='ltr'><strong>illa</strong></span> <span class='ocrx_word' id='word_1_422' title='bbox 2955 688 3230 745; x_wconf 86' lang='lat' dir='ltr'><strong>intellecta</strong></span> <span class='ocrx_word' id='word_1_423' title='bbox 3253 689 3455 746; x_wconf 80' lang='lat' dir='ltr'><strong>suerint</strong></span> <span class='ocrx_word' id='word_1_424' title='bbox 3486 689 3555 746; x_wconf 88' lang='lat' dir='ltr'><strong>ab</strong></span> 
     </span>
     <span class='ocr_line' id='line_1_57' title="bbox 1956 768 3557 852; baseline 0.006 -28"><span class='ocrx_word' id='word_1_425' title='bbox 1956 768 2189 840; x_wconf 87' lang='lat' dir='ltr'><strong>Isidoro,</strong></span> <span class='ocrx_word' id='word_1_426' title='bbox 2206 772 2341 830; x_wconf 78' lang='lat' dir='ltr'><strong>infra</strong></span> <span class='ocrx_word' id='word_1_427' title='bbox 2362 768 2633 832; x_wconf 82' lang='lat' dir='ltr'><strong>dicemus.</strong></span> <span class='ocrx_word' id='word_1_428' title='bbox 2650 777 2827 834; x_wconf 89' lang='lat' dir='ltr'><strong>Tertio</strong></span> <span class='ocrx_word' id='word_1_429' title='bbox 2849 778 3187 834; x_wconf 79' lang='lat' dir='ltr'><strong>conveniunt</strong></span> <span class='ocrx_word' id='word_1_430' title='bbox 3208 781 3292 835; x_wconf 87' lang='lat' dir='ltr'><strong>ius</strong></span> <span class='ocrx_word' id='word_1_431' title='bbox 3309 780 3557 852; x_wconf 81' lang='lat' dir='ltr'><strong>gentium</strong></span> 
     </span>
     <span class='ocr_line' id='line_1_58' title="bbox 1956 859 3557 940; baseline 0.006 -27"><span class='ocrx_word' id='word_1_432' title='bbox 1956 864 2013 914; x_wconf 87' lang='lat' dir='ltr'><strong>et</strong></span> <span class='ocrx_word' id='word_1_433' title='bbox 2041 861 2315 935; x_wconf 77' lang='lat' dir='ltr'><strong>naturale,</strong></span> <span class='ocrx_word' id='word_1_434' title='bbox 2346 862 2498 936; x_wconf 91' lang='lat' dir='ltr'><strong>quod</strong></span> <span class='ocrx_word' id='word_1_435' title='bbox 2528 864 2576 919; x_wconf 92' lang='lat' dir='ltr'><strong>in</strong></span> <span class='ocrx_word' id='word_1_436' title='bbox 2607 871 2846 937; x_wconf 89' lang='lat' dir='ltr'><strong>utroque</strong></span> <span class='ocrx_word' id='word_1_437' title='bbox 2875 872 3006 922; x_wconf 88' lang='lat' dir='ltr'><strong>sunt</strong></span> <span class='ocrx_word' id='word_1_438' title='bbox 3032 874 3344 939; x_wconf 86' lang='lat' dir='ltr'><strong>praecepta,</strong></span> <span class='ocrx_word' id='word_1_439' title='bbox 3375 859 3557 940; x_wconf 75' lang='lat' dir='ltr'><strong>proni-</strong></span> 
     </span>
     <span class='ocr_line' id='line_1_59' title="bbox 1955 945 3558 1028; baseline 0.006 -26"><span class='ocrx_word' id='word_1_440' title='bbox 1955 945 2225 1015; x_wconf 86' lang='lat' dir='ltr'><strong>bitiones,</strong></span> <span class='ocrx_word' id='word_1_441' title='bbox 2256 957 2423 1023; x_wconf 90' lang='lat' dir='ltr'><strong>atque</strong></span> <span class='ocrx_word' id='word_1_442' title='bbox 2466 952 2627 1008; x_wconf 88' lang='lat' dir='ltr'><strong>etiam</strong></span> <span class='ocrx_word' id='word_1_443' title='bbox 2670 955 3089 1022; x_wconf 87' lang='lat' dir='ltr'><strong>concessiones,</strong></span> <span class='ocrx_word' id='word_1_444' title='bbox 3122 971 3220 1011; x_wconf 91' lang='lat' dir='ltr'><strong>seu</strong></span> <span class='ocrx_word' id='word_1_445' title='bbox 3250 956 3558 1028; x_wconf 87' lang='lat' dir='ltr'><strong>permissio·</strong></span> 
     </span>
     <span class='ocr_line' id='line_1_60' title="bbox 1955 1039 3225 1110; baseline 0.006 -18"><span class='ocrx_word' id='word_1_446' title='bbox 1955 1051 2052 1092; x_wconf 90' lang='lat' dir='ltr'><strong>nes</strong></span> <span class='ocrx_word' id='word_1_447' title='bbox 2073 1078 2087 1107; x_wconf 92' lang='lat'><strong>,</strong></span> <span class='ocrx_word' id='word_1_448' title='bbox 2121 1045 2183 1095; x_wconf 89' lang='lat' dir='ltr'><strong>ut</strong></span> <span class='ocrx_word' id='word_1_449' title='bbox 2210 1054 2333 1110; x_wconf 90' lang='lat' dir='ltr'><strong>cap.</strong></span> <span class='ocrx_word' id='word_1_450' title='bbox 2368 1039 2553 1098; x_wconf 78' lang='lat' dir='ltr'><strong>xvm.</strong></span> <span class='ocrx_word' id='word_1_451' title='bbox 2590 1041 2719 1098; x_wconf 87' lang='lat' dir='ltr'><strong>satis</strong></span> <span class='ocrx_word' id='word_1_452' title='bbox 2750 1042 3093 1100; x_wconf 87' lang='lat' dir='ltr'><strong>declaratum</strong></span> <span class='ocrx_word' id='word_1_453' title='bbox 3120 1054 3225 1101; x_wconf 85' lang='lat' dir='ltr'><strong>est.</strong></span> 
     </span>
    </p>

    <p class='ocr_par' dir='ltr' id='par_1_12' title="bbox 1929 1127 3554 4322">
     <span class='ocr_line' id='line_1_61' title="bbox 2033 1127 3549 1205; baseline 0.006 -22"><span class='ocrx_word' id='word_1_454' title='bbox 2033 1131 2088 1183; x_wconf 79' lang='lat'><strong>2.</strong></span> <span class='ocrx_word' id='word_1_455' title='bbox 2123 1127 2317 1184; x_wconf 78' lang='lat' dir='ltr'><strong>Differt</strong></span> <span class='ocrx_word' id='word_1_456' title='bbox 2346 1139 2529 1186; x_wconf 84' lang='lat' dir='ltr'><strong>autem</strong></span> <span class='ocrx_word' id='word_1_457' title='bbox 2559 1130 2732 1201; x_wconf 88' lang='lat' dir='ltr'><strong>primo</strong></span> <span class='ocrx_word' id='word_1_458' title='bbox 2770 1146 2833 1186; x_wconf 88' lang='lat' dir='ltr'><strong>ac</strong></span> <span class='ocrx_word' id='word_1_459' title='bbox 2865 1133 3155 1204; x_wconf 78' lang='lat' dir='ltr'><strong>praecipue</strong></span> <span class='ocrx_word' id='word_1_460' title='bbox 3192 1135 3279 1189; x_wconf 89' lang='lat' dir='ltr'><strong>ius</strong></span> <span class='ocrx_word' id='word_1_461' title='bbox 3305 1135 3549 1205; x_wconf 82' lang='lat' dir='ltr'><strong>gentium</strong></span> 
     </span>
     <span class='ocr_line' id='line_1_62' title="bbox 1956 1217 3551 1296; baseline 0.008 -27"><span class='ocrx_word' id='word_1_462' title='bbox 1956 1230 1987 1270; x_wconf 90' lang='lat' dir='ltr'><strong>a</strong></span> <span class='ocrx_word' id='word_1_463' title='bbox 2029 1217 2150 1271; x_wconf 91' lang='lat' dir='ltr'><strong>iure</strong></span> <span class='ocrx_word' id='word_1_464' title='bbox 2193 1219 2450 1274; x_wconf 89' lang='lat' dir='ltr'><strong>naturali.</strong></span> <span class='ocrx_word' id='word_1_465' title='bbox 2484 1220 2617 1285; x_wconf 82' lang='lat' dir='ltr'><strong>Quia</strong></span> <span class='ocrx_word' id='word_1_466' title='bbox 2658 1225 2933 1292; x_wconf 88' lang='lat' dir='ltr'><strong>quatenus</strong></span> <span class='ocrx_word' id='word_1_467' title='bbox 2974 1221 3217 1277; x_wconf 86' lang='lat' dir='ltr'><strong>continet</strong></span> <span class='ocrx_word' id='word_1_468' title='bbox 3255 1229 3551 1296; x_wconf 85' lang='lat' dir='ltr'><strong>praecepta</strong></span> 
     </span>
     <span class='ocr_line' id='line_1_63' title="bbox 1958 1302 3554 1383; baseline 0.007 -24"><span class='ocrx_word' id='word_1_469' title='bbox 1958 1302 2311 1376; x_wconf 84' lang='lat' dir='ltr'><strong>affirmativa,</strong></span> <span class='ocrx_word' id='word_1_470' title='bbox 2344 1323 2449 1364; x_wconf 89' lang='lat' dir='ltr'><strong>nou</strong></span> <span class='ocrx_word' id='word_1_471' title='bbox 2490 1308 2651 1365; x_wconf 82' lang='lat' dir='ltr'><strong>insert</strong></span> <span class='ocrx_word' id='word_1_472' title='bbox 2676 1311 3075 1366; x_wconf 86' lang='lat' dir='ltr'><strong>’necessitatem</strong></span> <span class='ocrx_word' id='word_1_473' title='bbox 3117 1313 3193 1366; x_wconf 90' lang='lat' dir='ltr'><strong>rei</strong></span> <span class='ocrx_word' id='word_1_474' title='bbox 3232 1318 3554 1383; x_wconf 85' lang='lat' dir='ltr'><strong>praeceptae</strong></span> 
     </span>
     <span class='ocr_line' id='line_1_64' title="bbox 1950 1394 3552 1472; baseline 0.007 -24"><span class='ocrx_word' id='word_1_475' title='bbox 1950 1408 2017 1448; x_wconf 82' lang='lat' dir='ltr'><strong>ex</strong></span> <span class='ocrx_word' id='word_1_476' title='bbox 2049 1394 2167 1450; x_wconf 91' lang='lat' dir='ltr'><strong>sola</strong></span> <span class='ocrx_word' id='word_1_477' title='bbox 2198 1397 2276 1451; x_wconf 90' lang='lat' dir='ltr'><strong>rei</strong></span> <span class='ocrx_word' id='word_1_478' title='bbox 2306 1401 2503 1453; x_wconf 85' lang='lat' dir='ltr'><strong>natura</strong></span> <span class='ocrx_word' id='word_1_479' title='bbox 2530 1413 2628 1469; x_wconf 89' lang='lat' dir='ltr'><strong>per</strong></span> <span class='ocrx_word' id='word_1_480' title='bbox 2655 1397 2958 1454; x_wconf 78' lang='lat' dir='ltr'><strong>evidentem</strong></span> <span class='ocrx_word' id='word_1_481' title='bbox 2988 1398 3279 1455; x_wconf 83' lang='lat' dir='ltr'><strong>illationem</strong></span> <span class='ocrx_word' id='word_1_482' title='bbox 3308 1415 3375 1458; x_wconf 85' lang='lat' dir='ltr'><strong>ex</strong></span> <span class='ocrx_word' id='word_1_483' title='bbox 3404 1403 3552 1472; x_wconf 89' lang='lat' dir='ltr'><strong>priu-</strong></span> 
     </span>
     <span class='ocr_line' id='line_1_65' title="bbox 1950 1483 3551 1563; baseline 0.007 -27"><span class='ocrx_word' id='word_1_484' title='bbox 1950 1483 2108 1554; x_wconf 87' lang='lat' dir='ltr'><strong>cipiis</strong></span> <span class='ocrx_word' id='word_1_485' title='bbox 2135 1484 2503 1556; x_wconf 85' lang='lat' dir='ltr'><strong>naturalibus,</strong></span> <span class='ocrx_word' id='word_1_486' title='bbox 2530 1487 2659 1559; x_wconf 89' lang='lat' dir='ltr'><strong>quia</strong></span> <span class='ocrx_word' id='word_1_487' title='bbox 2686 1486 2956 1560; x_wconf 89' lang='lat' dir='ltr'><strong>quidquid</strong></span> <span class='ocrx_word' id='word_1_488' title='bbox 2986 1487 3300 1544; x_wconf 86' lang='lat' dir='ltr'><strong>huiusmodi</strong></span> <span class='ocrx_word' id='word_1_489' title='bbox 3328 1497 3432 1563; x_wconf 85' lang='lat' dir='ltr'><strong>est,</strong></span> <span class='ocrx_word' id='word_1_490' title='bbox 3460 1507 3551 1548; x_wconf 86' lang='lat' dir='ltr'><strong>na-</strong></span> 
     </span>
     <span class='ocr_line' id='line_1_66' title="bbox 1953 1570 3549 1646; baseline 0.006 -21"><span class='ocrx_word' id='word_1_491' title='bbox 1953 1570 2128 1627; x_wconf 88' lang='lat' dir='ltr'><strong>turale</strong></span> <span class='ocrx_word' id='word_1_492' title='bbox 2151 1577 2260 1642; x_wconf 90' lang='lat' dir='ltr'><strong>est,</strong></span> <span class='ocrx_word' id='word_1_493' title='bbox 2279 1579 2344 1628; x_wconf 88' lang='lat' dir='ltr'><strong>ut</strong></span> <span class='ocrx_word' id='word_1_494' title='bbox 2367 1572 2726 1631; x_wconf 87' lang='lat' dir='ltr'><strong>ostendimus.</strong></span> <span class='ocrx_word' id='word_1_495' title='bbox 2743 1573 2895 1632; x_wconf 88' lang='lat' dir='ltr'><strong>Unde</strong></span> <span class='ocrx_word' id='word_1_496' title='bbox 2921 1591 3146 1632; x_wconf 89' lang='lat' dir='ltr'><strong>necesse</strong></span> <span class='ocrx_word' id='word_1_497' title='bbox 3166 1583 3274 1646; x_wconf 88' lang='lat' dir='ltr'><strong>est,</strong></span> <span class='ocrx_word' id='word_1_498' title='bbox 3292 1583 3353 1634; x_wconf 94' lang='lat' dir='ltr'><strong>ut</strong></span> <span class='ocrx_word' id='word_1_499' title='bbox 3373 1577 3549 1634; x_wconf 87' lang='lat' dir='ltr'><strong>aliun-</strong></span> 
     </span>
     <span class='ocr_line' id='line_1_67' title="bbox 1955 1658 3550 1740; baseline 0.006 -25"><span class='ocrx_word' id='word_1_500' title='bbox 1955 1658 2022 1715; x_wconf 89' lang='lat' dir='ltr'><strong>de</strong></span> <span class='ocrx_word' id='word_1_501' title='bbox 2051 1663 2265 1717; x_wconf 87' lang='lat' dir='ltr'><strong>oriatur</strong></span> <span class='ocrx_word' id='word_1_502' title='bbox 2296 1661 2414 1718; x_wconf 86' lang='lat' dir='ltr'><strong>talis</strong></span> <span class='ocrx_word' id='word_1_503' title='bbox 2442 1664 2846 1720; x_wconf 86' lang='lat' dir='ltr'><strong>necessitas.Et</strong></span> <span class='ocrx_word' id='word_1_504' title='bbox 2875 1665 3033 1722; x_wconf 89' lang='lat' dir='ltr'><strong>simili</strong></span> <span class='ocrx_word' id='word_1_505' title='bbox 3064 1665 3227 1722; x_wconf 90' lang='lat' dir='ltr'><strong>modo</strong></span> <span class='ocrx_word' id='word_1_506' title='bbox 3258 1671 3550 1740; x_wconf 73' lang='lat' dir='ltr'><strong>praecepta</strong></span> 
     </span>
     <span class='ocr_line' id='line_1_68' title="bbox 1951 1749 3550 1831; baseline 0.006 -27"><span class='ocrx_word' id='word_1_507' title='bbox 1951 1749 2205 1820; x_wconf 83' lang='lat' dir='ltr'><strong>negativa</strong></span> <span class='ocrx_word' id='word_1_508' title='bbox 2252 1751 2389 1807; x_wconf 88' lang='lat' dir='ltr'><strong>iuris</strong></span> <span class='ocrx_word' id='word_1_509' title='bbox 2427 1754 2674 1824; x_wconf 76' lang='lat' dir='ltr'><strong>gentium</strong></span> <span class='ocrx_word' id='word_1_510' title='bbox 2701 1769 2808 1826; x_wconf 71' lang='lat' dir='ltr'><strong>npn</strong></span> <span class='ocrx_word' id='word_1_511' title='bbox 2840 1753 3128 1824; x_wconf 88' lang='lat' dir='ltr'><strong>prohibent</strong></span> <span class='ocrx_word' id='word_1_512' title='bbox 3154 1755 3391 1830; x_wconf 88' lang='lat' dir='ltr'><strong>aliquid,</strong></span> <span class='ocrx_word' id='word_1_513' title='bbox 3420 1761 3550 1831; x_wconf 88' lang='lat' dir='ltr'><strong>quia</strong></span> 
     </span>
     <span class='ocr_line' id='line_1_69' title="bbox 1949 1826 3545 1911; baseline 0.008 -20"><span class='ocrx_word' id='word_1_514' title='bbox 1949 1853 2046 1909; x_wconf 88' lang='lat' dir='ltr'><strong>per</strong></span> <span class='ocrx_word' id='word_1_515' title='bbox 2063 1826 2132 1892; x_wconf 83' lang='lat' dir='ltr'><strong>&#39;se</strong></span> <span class='ocrx_word' id='word_1_516' title='bbox 2163 1839 2369 1896; x_wconf 89' lang='lat' dir='ltr'><strong>malum</strong></span> <span class='ocrx_word' id='word_1_517' title='bbox 2396 1842 2505 1911; x_wconf 69' lang='lat' dir='ltr'><strong>sit,</strong></span> <span class='ocrx_word' id='word_1_518' title='bbox 2538 1857 2659 1896; x_wconf 89' lang='lat' dir='ltr'><strong>nam</strong></span> <span class='ocrx_word' id='word_1_519' title='bbox 2690 1841 2795 1897; x_wconf 87' lang='lat' dir='ltr'><strong>hoc</strong></span> <span class='ocrx_word' id='word_1_520' title='bbox 2820 1843 2982 1899; x_wconf 89' lang='lat' dir='ltr'><strong>etiam</strong></span> <span class='ocrx_word' id='word_1_521' title='bbox 3003 1849 3089 1898; x_wconf 88' lang='lat' dir='ltr'><strong>est</strong></span> <span class='ocrx_word' id='word_1_522' title='bbox 3110 1859 3256 1900; x_wconf 89' lang='lat' dir='ltr'><strong>mere</strong></span> <span class='ocrx_word' id='word_1_523' title='bbox 3280 1848 3545 1902; x_wconf 85' lang='lat' dir='ltr'><strong>naturale:</strong></span> 
     </span>
     <span class='ocr_line' id='line_1_70' title="bbox 1947 1925 3547 2008; baseline 0.008 -27"><span class='ocrx_word' id='word_1_524' title='bbox 1947 1925 2090 1982; x_wconf 88' lang='lat' dir='ltr'><strong>unde</strong></span> <span class='ocrx_word' id='word_1_525' title='bbox 2126 1943 2193 1984; x_wconf 85' lang='lat' dir='ltr'><strong>ex</strong></span> <span class='ocrx_word' id='word_1_526' title='bbox 2223 1936 2379 2000; x_wconf 89' lang='lat' dir='ltr'><strong>parte</strong></span> <span class='ocrx_word' id='word_1_527' title='bbox 2410 1928 2679 1986; x_wconf 86' lang='lat' dir='ltr'><strong>humanae</strong></span> <span class='ocrx_word' id='word_1_528' title='bbox 2705 1933 2929 1989; x_wconf 84' lang='lat' dir='ltr'><strong>rationis</strong></span> <span class='ocrx_word' id='word_1_529' title='bbox 2951 1948 3060 1989; x_wconf 89' lang='lat' dir='ltr'><strong>non</strong></span> <span class='ocrx_word' id='word_1_530' title='bbox 3081 1937 3279 1990; x_wconf 85' lang='lat' dir='ltr'><strong>estius</strong></span> <span class='ocrx_word' id='word_1_531' title='bbox 3300 1937 3547 2008; x_wconf 82' lang='lat' dir='ltr'><strong>gentium</strong></span> 
     </span>
     <span class='ocr_line' id='line_1_71' title="bbox 1948 2013 3543 2100; baseline 0.008 -30"><span class='ocrx_word' id='word_1_532' title='bbox 1948 2021 2162 2072; x_wconf 86' lang='lat' dir='ltr'><strong>tantum</strong></span> <span class='ocrx_word' id='word_1_533' title='bbox 2199 2019 2545 2073; x_wconf 84' lang='lat' dir='ltr'><strong>ostensivum</strong></span> <span class='ocrx_word' id='word_1_534' title='bbox 2568 2019 2825 2091; x_wconf 84' lang='lat' dir='ltr'><strong>malitiae,</strong></span> <span class='ocrx_word' id='word_1_535' title='bbox 2850 2019 2946 2077; x_wconf 86' lang='lat' dir='ltr'><strong>sed</strong></span> <span class='ocrx_word' id='word_1_536' title='bbox 2968 2013 3412 2100; x_wconf 76' lang='lat' dir='ltr'><strong>constitutivum3</strong></span> <span class='ocrx_word' id='word_1_537' title='bbox 3442 2028 3543 2084; x_wconf 87' lang='lat' dir='ltr'><strong>ita-</strong></span> 
     </span>
     <span class='ocr_line' id='line_1_72' title="bbox 1949 2105 3546 2187; baseline 0.009 -28"><span class='ocrx_word' id='word_1_538' title='bbox 1949 2119 2057 2176; x_wconf 89' lang='lat' dir='ltr'><strong>que</strong></span> <span class='ocrx_word' id='word_1_539' title='bbox 2085 2122 2196 2162; x_wconf 89' lang='lat' dir='ltr'><strong>non</strong></span> <span class='ocrx_word' id='word_1_540' title='bbox 2225 2105 2476 2178; x_wconf 86' lang='lat' dir='ltr'><strong>prohibet</strong></span> <span class='ocrx_word' id='word_1_541' title='bbox 2508 2108 2683 2180; x_wconf 87' lang='lat' dir='ltr'><strong>mala,</strong></span> <span class='ocrx_word' id='word_1_542' title='bbox 2714 2112 2843 2182; x_wconf 89' lang='lat' dir='ltr'><strong>quia</strong></span> <span class='ocrx_word' id='word_1_543' title='bbox 2870 2111 3013 2168; x_wconf 89' lang='lat' dir='ltr'><strong>mala</strong></span> <span class='ocrx_word' id='word_1_544' title='bbox 3040 2119 3202 2183; x_wconf 85' lang='lat' dir='ltr'><strong>sunt,</strong></span> <span class='ocrx_word' id='word_1_545' title='bbox 3234 2115 3333 2171; x_wconf 88' lang='lat' dir='ltr'><strong>sed</strong></span> <span class='ocrx_word' id='word_1_546' title='bbox 3362 2117 3546 2187; x_wconf 88' lang='lat' dir='ltr'><strong>probi-</strong></span> 
     </span>
     <span class='ocr_line' id='line_1_73' title="bbox 1943 2193 3545 2276; baseline 0.008 -26"><span class='ocrx_word' id='word_1_547' title='bbox 1943 2193 2117 2250; x_wconf 90' lang='lat' dir='ltr'><strong>bendo</strong></span> <span class='ocrx_word' id='word_1_548' title='bbox 2146 2195 2279 2251; x_wconf 80' lang='lat' dir='ltr'><strong>facit</strong></span> <span class='ocrx_word' id='word_1_549' title='bbox 2304 2209 2424 2251; x_wconf 83' lang='lat' dir='ltr'><strong>esse</strong></span> <span class='ocrx_word' id='word_1_550' title='bbox 2453 2195 2616 2252; x_wconf 89' lang='lat' dir='ltr'><strong>mala.</strong></span> <span class='ocrx_word' id='word_1_551' title='bbox 2652 2197 2763 2252; x_wconf 85' lang='lat' dir='ltr'><strong>Hae</strong></span> <span class='ocrx_word' id='word_1_552' title='bbox 2790 2206 2975 2254; x_wconf 87' lang='lat' dir='ltr'><strong>autem</strong></span> <span class='ocrx_word' id='word_1_553' title='bbox 3013 2206 3145 2257; x_wconf 88' lang='lat' dir='ltr'><strong>sunt</strong></span> <span class='ocrx_word' id='word_1_554' title='bbox 3172 2203 3423 2275; x_wconf 88' lang='lat' dir='ltr'><strong>propriae</strong></span> <span class='ocrx_word' id='word_1_555' title='bbox 3446 2247 3461 2276; x_wconf 93' lang='lat'><strong>,</strong></span> <span class='ocrx_word' id='word_1_556' title='bbox 3490 2213 3545 2263; x_wconf 89' lang='lat' dir='ltr'><strong>et</strong></span> 
     </span>
     <span class='ocr_line' id='line_1_74' title="bbox 1944 2284 3543 2362; baseline 0.008 -22"><span class='ocrx_word' id='word_1_557' title='bbox 1944 2284 2100 2356; x_wconf 86' lang='lat' dir='ltr'><strong>quasi</strong></span> <span class='ocrx_word' id='word_1_558' title='bbox 2129 2284 2444 2342; x_wconf 86' lang='lat' dir='ltr'><strong>essentiales</strong></span> <span class='ocrx_word' id='word_1_559' title='bbox 2473 2285 2799 2344; x_wconf 81' lang='lat' dir='ltr'><strong>differentiae</strong></span> <span class='ocrx_word' id='word_1_560' title='bbox 2828 2286 2963 2361; x_wconf 81' lang='lat' dir='ltr'><strong>legis</strong></span> <span class='ocrx_word' id='word_1_561' title='bbox 2988 2308 3003 2360; x_wconf 72' lang='grc' dir='ltr'><strong>ς</strong></span> <span class='ocrx_word' id='word_1_562' title='bbox 3034 2305 3167 2362; x_wconf 81' lang='lat' dir='ltr'><strong>ergo</strong></span> <span class='ocrx_word' id='word_1_563' title='bbox 3189 2290 3260 2347; x_wconf 89' lang='lat' dir='ltr'><strong>ita</strong></span> <span class='ocrx_word' id='word_1_564' title='bbox 3282 2291 3543 2352; x_wconf 78' lang='lat' dir='ltr'><strong>differunt</strong></span> 
     </span>
     <span class='ocr_line' id='line_1_75' title="bbox 1941 2374 3541 2452; baseline 0.006 -23"><span class='ocrx_word' id='word_1_565' title='bbox 1941 2375 2028 2430; x_wconf 88' lang='lat' dir='ltr'><strong>ius</strong></span> <span class='ocrx_word' id='word_1_566' title='bbox 2055 2375 2301 2446; x_wconf 82' lang='lat' dir='ltr'><strong>gentium</strong></span> <span class='ocrx_word' id='word_1_567' title='bbox 2328 2379 2381 2430; x_wconf 90' lang='lat' dir='ltr'><strong>et</strong></span> <span class='ocrx_word' id='word_1_568' title='bbox 2412 2374 2681 2432; x_wconf 87' lang='lat' dir='ltr'><strong>naturale.</strong></span> <span class='ocrx_word' id='word_1_569' title='bbox 2713 2377 2970 2434; x_wconf 89' lang='lat' dir='ltr'><strong>Secundo</strong></span> <span class='ocrx_word' id='word_1_570' title='bbox 3000 2388 3405 2452; x_wconf 87' lang='lat' dir='ltr'><strong>consequenter</strong></span> <span class='ocrx_word' id='word_1_571' title='bbox 3444 2383 3541 2439; x_wconf 80' lang='lat' dir='ltr'><strong>dis-</strong></span> 
     </span>
     <span class='ocr_line' id='line_1_76' title="bbox 1942 2463 3545 2538; baseline 0.006 -19"><span class='ocrx_word' id='word_1_572' title='bbox 1942 2463 2148 2535; x_wconf 82' lang='lat' dir='ltr'><strong>serunt,</strong></span> <span class='ocrx_word' id='word_1_573' title='bbox 2180 2464 2309 2536; x_wconf 89' lang='lat' dir='ltr'><strong>quia</strong></span> <span class='ocrx_word' id='word_1_574' title='bbox 2336 2466 2425 2520; x_wconf 91' lang='lat' dir='ltr'><strong>ius</strong></span> <span class='ocrx_word' id='word_1_575' title='bbox 2451 2465 2694 2538; x_wconf 79' lang='lat' dir='ltr'><strong>gentium</strong></span> <span class='ocrx_word' id='word_1_576' title='bbox 2725 2482 2833 2521; x_wconf 90' lang='lat' dir='ltr'><strong>nou</strong></span> <span class='ocrx_word' id='word_1_577' title='bbox 2862 2473 3192 2538; x_wconf 84' lang='lat' dir='ltr'><strong>potestesse</strong></span> <span class='ocrx_word' id='word_1_578' title='bbox 3217 2476 3325 2526; x_wconf 89' lang='lat' dir='ltr'><strong>tam</strong></span> <span class='ocrx_word' id='word_1_579' title='bbox 3346 2472 3545 2528; x_wconf 90' lang='lat' dir='ltr'><strong>immu-</strong></span> 
     </span>
     <span class='ocr_line' id='line_1_77' title="bbox 1941 2553 3545 2628; baseline 0.006 -19"><span class='ocrx_word' id='word_1_580' title='bbox 1941 2553 2133 2626; x_wconf 87' lang='lat' dir='ltr'><strong>tabile,</strong></span> <span class='ocrx_word' id='word_1_581' title='bbox 2167 2557 2314 2610; x_wconf 91' lang='lat' dir='ltr'><strong>sicut</strong></span> <span class='ocrx_word' id='word_1_582' title='bbox 2342 2555 2621 2626; x_wconf 88' lang='lat' dir='ltr'><strong>naturale,</strong></span> <span class='ocrx_word' id='word_1_583' title='bbox 2652 2556 2780 2628; x_wconf 89' lang='lat' dir='ltr'><strong>quia</strong></span> <span class='ocrx_word' id='word_1_584' title='bbox 2808 2555 3214 2614; x_wconf 83' lang='lat' dir='ltr'><strong>immutabilitas</strong></span> <span class='ocrx_word' id='word_1_585' title='bbox 3248 2575 3315 2616; x_wconf 81' lang='lat' dir='ltr'><strong>ex</strong></span> <span class='ocrx_word' id='word_1_586' title='bbox 3354 2576 3545 2620; x_wconf 84' lang='lat' dir='ltr'><strong>neces-</strong></span> 
     </span>
     <span class='ocr_line' id='line_1_78' title="bbox 1941 2645 3543 2724; baseline 0.006 -26"><span class='ocrx_word' id='word_1_587' title='bbox 1941 2645 2102 2700; x_wconf 88' lang='lat' dir='ltr'><strong>sitate</strong></span> <span class='ocrx_word' id='word_1_588' title='bbox 2130 2645 2335 2718; x_wconf 68' lang='lat' dir='ltr'><strong>oritur,</strong></span> <span class='ocrx_word' id='word_1_589' title='bbox 2364 2659 2496 2717; x_wconf 80' lang='lat' dir='ltr'><strong>ergo</strong></span> <span class='ocrx_word' id='word_1_590' title='bbox 2526 2645 2673 2717; x_wconf 89' lang='lat' dir='ltr'><strong>quod</strong></span> <span class='ocrx_word' id='word_1_591' title='bbox 2701 2661 2810 2701; x_wconf 88' lang='lat' dir='ltr'><strong>non</strong></span> <span class='ocrx_word' id='word_1_592' title='bbox 2837 2651 2922 2702; x_wconf 85' lang='lat' dir='ltr'><strong>est</strong></span> <span class='ocrx_word' id='word_1_593' title='bbox 2946 2662 3119 2718; x_wconf 89' lang='lat' dir='ltr'><strong>aeque</strong></span> <span class='ocrx_word' id='word_1_594' title='bbox 3148 2652 3543 2724; x_wconf 89' lang='lat' dir='ltr'><strong>necessarium,</strong></span> 
     </span>
     <span class='ocr_line' id='line_1_79' title="bbox 1941 2735 3544 2810; baseline 0.006 -22"><span class='ocrx_word' id='word_1_595' title='bbox 1941 2749 2048 2789; x_wconf 92' lang='lat' dir='ltr'><strong>non</strong></span> <span class='ocrx_word' id='word_1_596' title='bbox 2086 2739 2269 2806; x_wconf 88' lang='lat' dir='ltr'><strong>potest</strong></span> <span class='ocrx_word' id='word_1_597' title='bbox 2305 2749 2426 2791; x_wconf 87' lang='lat' dir='ltr'><strong>esse</strong></span> <span class='ocrx_word' id='word_1_598' title='bbox 2470 2749 2645 2807; x_wconf 86' lang='lat' dir='ltr'><strong>aeque</strong></span> <span class='ocrx_word' id='word_1_599' title='bbox 2679 2735 3044 2806; x_wconf 82' lang='lat' dir='ltr'><strong>immutabile,</strong></span> <span class='ocrx_word' id='word_1_600' title='bbox 3086 2737 3221 2793; x_wconf 91' lang='lat' dir='ltr'><strong>utin</strong></span> <span class='ocrx_word' id='word_1_601' title='bbox 3250 2742 3430 2810; x_wconf 89' lang='lat' dir='ltr'><strong>capite</strong></span> <span class='ocrx_word' id='word_1_602' title='bbox 3458 2758 3544 2798; x_wconf 86' lang='lat' dir='ltr'><strong>se-</strong></span> 
     </span>
     <span class='ocr_line' id='line_1_80' title="bbox 1943 2823 3545 2896; baseline 0.006 -17"><span class='ocrx_word' id='word_1_603' title='bbox 1943 2825 2132 2896; x_wconf 89' lang='lat' dir='ltr'><strong>quenti</strong></span> <span class='ocrx_word' id='word_1_604' title='bbox 2172 2823 2337 2881; x_wconf 90' lang='lat' dir='ltr'><strong>latius</strong></span> <span class='ocrx_word' id='word_1_605' title='bbox 2378 2823 2769 2881; x_wconf 87' lang='lat' dir='ltr'><strong>declarabitur.</strong></span> <span class='ocrx_word' id='word_1_606' title='bbox 2814 2826 2991 2884; x_wconf 89' lang='lat' dir='ltr'><strong>Tertio</strong></span> <span class='ocrx_word' id='word_1_607' title='bbox 3021 2827 3147 2882; x_wconf 88' lang='lat' dir='ltr'><strong>binc</strong></span> <span class='ocrx_word' id='word_1_608' title='bbox 3178 2827 3265 2896; x_wconf 82' lang='lat' dir='ltr'><strong>fit,</strong></span> <span class='ocrx_word' id='word_1_609' title='bbox 3300 2837 3361 2886; x_wconf 90' lang='lat' dir='ltr'><strong>ut</strong></span> <span class='ocrx_word' id='word_1_610' title='bbox 3385 2831 3545 2887; x_wconf 83' lang='lat' dir='ltr'><strong>etiam</strong></span> 
     </span>
     <span class='ocr_line' id='line_1_81' title="bbox 1936 2913 3544 2992; baseline 0.006 -24"><span class='ocrx_word' id='word_1_611' title='bbox 1936 2915 1990 2968; x_wconf 90' lang='lat' dir='ltr'><strong>in</strong></span> <span class='ocrx_word' id='word_1_612' title='bbox 2021 2913 2136 2984; x_wconf 89' lang='lat' dir='ltr'><strong>bis,</strong></span> <span class='ocrx_word' id='word_1_613' title='bbox 2167 2915 2218 2969; x_wconf 90' lang='lat' dir='ltr'><strong>in</strong></span> <span class='ocrx_word' id='word_1_614' title='bbox 2248 2913 2451 2985; x_wconf 88' lang='lat' dir='ltr'><strong>quibus</strong></span> <span class='ocrx_word' id='word_1_615' title='bbox 2496 2913 2627 2969; x_wconf 88' lang='lat' dir='ltr'><strong>baec</strong></span> <span class='ocrx_word' id='word_1_616' title='bbox 2657 2915 2776 2970; x_wconf 88' lang='lat' dir='ltr'><strong>iura</strong></span> <span class='ocrx_word' id='word_1_617' title='bbox 2804 2918 3091 2973; x_wconf 82' lang='lat' dir='ltr'><strong>convenire</strong></span> <span class='ocrx_word' id='word_1_618' title='bbox 3119 2918 3404 2992; x_wconf 86' lang='lat' dir='ltr'><strong>videntur,</strong></span> <span class='ocrx_word' id='word_1_619' title='bbox 3436 2937 3544 2977; x_wconf 91' lang='lat' dir='ltr'><strong>non</strong></span> 
     </span>
     <span class='ocr_line' id='line_1_82' title="bbox 1938 3001 3545 3068; baseline 0.007 -11"><span class='ocrx_word' id='word_1_620' title='bbox 1938 3001 2170 3059; x_wconf 86' lang='lat' dir='ltr'><strong>babeant</strong></span> <span class='ocrx_word' id='word_1_621' title='bbox 2207 3003 2574 3060; x_wconf 87' lang='lat' dir='ltr'><strong>omnimodam</strong></span> <span class='ocrx_word' id='word_1_622' title='bbox 2616 3005 3045 3062; x_wconf 87' lang='lat' dir='ltr'><strong>similitudinem.</strong></span> <span class='ocrx_word' id='word_1_623' title='bbox 3078 3011 3211 3066; x_wconf 87' lang='lat' dir='ltr'><strong>Nam</strong></span> <span class='ocrx_word' id='word_1_624' title='bbox 3236 3011 3289 3064; x_wconf 89' lang='lat' dir='ltr'><strong>in</strong></span> <span class='ocrx_word' id='word_1_625' title='bbox 3328 3011 3545 3068; x_wconf 80' lang='lat' dir='ltr'><strong>univer·</strong></span> 
     </span>
     <span class='ocr_line' id='line_1_83' title="bbox 1935 3090 3541 3168; baseline 0.006 -22"><span class='ocrx_word' id='word_1_626' title='bbox 1935 3090 2148 3148; x_wconf 83' lang='lat' dir='ltr'><strong>salitate</strong></span> <span class='ocrx_word' id='word_1_627' title='bbox 2170 3097 2227 3148; x_wconf 88' lang='lat' dir='ltr'><strong>et</strong></span> <span class='ocrx_word' id='word_1_628' title='bbox 2249 3093 2644 3148; x_wconf 88' lang='lat' dir='ltr'><strong>communitate</strong></span> <span class='ocrx_word' id='word_1_629' title='bbox 2668 3092 2736 3148; x_wconf 89' lang='lat' dir='ltr'><strong>ad</strong></span> <span class='ocrx_word' id='word_1_630' title='bbox 2759 3109 2949 3150; x_wconf 88' lang='lat' dir='ltr'><strong>omnes</strong></span> <span class='ocrx_word' id='word_1_631' title='bbox 2970 3102 3156 3168; x_wconf 84' lang='lat' dir='ltr'><strong>gentes</strong></span> <span class='ocrx_word' id='word_1_632' title='bbox 3179 3099 3426 3155; x_wconf 87' lang='lat' dir='ltr'><strong>naturale</strong></span> <span class='ocrx_word' id='word_1_633' title='bbox 3454 3101 3541 3157; x_wconf 89' lang='lat' dir='ltr'><strong>ius</strong></span> 
     </span>
     <span class='ocr_line' id='line_1_84' title="bbox 1935 3180 3542 3260; baseline 0.006 -24"><span class='ocrx_word' id='word_1_634' title='bbox 1935 3181 2184 3237; x_wconf 86' lang='lat' dir='ltr'><strong>omnibus</strong></span> <span class='ocrx_word' id='word_1_635' title='bbox 2204 3187 2291 3238; x_wconf 89' lang='lat' dir='ltr'><strong>est</strong></span> <span class='ocrx_word' id='word_1_636' title='bbox 2312 3180 2934 3256; x_wconf 88' lang='lat' dir='ltr'><strong>commuue,solumque</strong></span> <span class='ocrx_word' id='word_1_637' title='bbox 2964 3201 3057 3256; x_wconf 89' lang='lat' dir='ltr'><strong>per</strong></span> <span class='ocrx_word' id='word_1_638' title='bbox 3084 3201 3330 3244; x_wconf 88' lang='lat' dir='ltr'><strong>errorem</strong></span> <span class='ocrx_word' id='word_1_639' title='bbox 3360 3194 3542 3260; x_wconf 87' lang='lat' dir='ltr'><strong>potest</strong></span> 
     </span>
     <span class='ocr_line' id='line_1_85' title="bbox 1934 3270 3540 3350; baseline 0.005 -25"><span class='ocrx_word' id='word_1_640' title='bbox 1934 3270 2130 3328; x_wconf 89' lang='lat' dir='ltr'><strong>alicubi</strong></span> <span class='ocrx_word' id='word_1_641' title='bbox 2171 3287 2279 3327; x_wconf 93' lang='lat' dir='ltr'><strong>non</strong></span> <span class='ocrx_word' id='word_1_642' title='bbox 2318 3271 2545 3327; x_wconf 83' lang='lat' dir='ltr'><strong>servari:</strong></span> <span class='ocrx_word' id='word_1_643' title='bbox 2590 3271 2673 3328; x_wconf 88' lang='lat' dir='ltr'><strong>ius</strong></span> <span class='ocrx_word' id='word_1_644' title='bbox 2702 3279 2885 3328; x_wconf 88' lang='lat' dir='ltr'><strong>autem</strong></span> <span class='ocrx_word' id='word_1_645' title='bbox 2913 3277 3154 3346; x_wconf 82' lang='lat' dir='ltr'><strong>gentium</strong></span> <span class='ocrx_word' id='word_1_646' title='bbox 3187 3292 3295 3332; x_wconf 90' lang='lat' dir='ltr'><strong>non</strong></span> <span class='ocrx_word' id='word_1_647' title='bbox 3323 3293 3540 3350; x_wconf 88' lang='lat' dir='ltr'><strong>semper</strong></span> 
     </span>
     <span class='ocr_line' id='line_1_86' title="bbox 1934 3359 3540 3432; baseline 0.006 -18"><span class='ocrx_word' id='word_1_648' title='bbox 1934 3361 2215 3430; x_wconf 87' lang='lat' dir='ltr'><strong>omnibus,</strong></span> <span class='ocrx_word' id='word_1_649' title='bbox 2246 3359 2339 3415; x_wconf 90' lang='lat' dir='ltr'><strong>sed</strong></span> <span class='ocrx_word' id='word_1_650' title='bbox 2371 3359 2695 3432; x_wconf 83' lang='lat' dir='ltr'><strong>regulariter</strong></span> <span class='ocrx_word' id='word_1_651' title='bbox 2732 3367 2789 3418; x_wconf 90' lang='lat' dir='ltr'><strong>et</strong></span> <span class='ocrx_word' id='word_1_652' title='bbox 2822 3363 2935 3418; x_wconf 81' lang='lat' dir='ltr'><strong>sere</strong></span> <span class='ocrx_word' id='word_1_653' title='bbox 2964 3364 3217 3421; x_wconf 86' lang='lat' dir='ltr'><strong>omnibus</strong></span> <span class='ocrx_word' id='word_1_654' title='bbox 3244 3381 3540 3424; x_wconf 89' lang='lat' dir='ltr'><strong>commune</strong></span> 
     </span>
     <span class='ocr_line' id='line_1_87' title="bbox 1932 3448 3537 3527; baseline 0.004 -22"><span class='ocrx_word' id='word_1_655' title='bbox 1932 3456 2042 3518; x_wconf 87' lang='lat' dir='ltr'><strong>est,</strong></span> <span class='ocrx_word' id='word_1_656' title='bbox 2078 3455 2140 3505; x_wconf 90' lang='lat' dir='ltr'><strong>ut</strong></span> <span class='ocrx_word' id='word_1_657' title='bbox 2159 3448 2405 3506; x_wconf 86' lang='lat' dir='ltr'><strong>Isidorus</strong></span> <span class='ocrx_word' id='word_1_658' title='bbox 2434 3449 2699 3521; x_wconf 86' lang='lat' dir='ltr'><strong>loquitur.</strong></span> <span class='ocrx_word' id='word_1_659' title='bbox 2730 3450 2883 3508; x_wconf 89' lang='lat' dir='ltr'><strong>Unde</strong></span> <span class='ocrx_word' id='word_1_660' title='bbox 2913 3454 3029 3508; x_wconf 84' lang='lat' dir='ltr'><strong>sine</strong></span> <span class='ocrx_word' id='word_1_661' title='bbox 3062 3454 3171 3510; x_wconf 91' lang='lat' dir='ltr'><strong>ullo</strong></span> <span class='ocrx_word' id='word_1_662' title='bbox 3210 3469 3399 3512; x_wconf 89' lang='lat' dir='ltr'><strong>errore</strong></span> <span class='ocrx_word' id='word_1_663' title='bbox 3442 3472 3537 3527; x_wconf 92' lang='lat' dir='ltr'><strong>po·</strong></span> 
     </span>
     <span class='ocr_line' id='line_1_88' title="bbox 1933 3537 3540 3616; baseline 0.004 -21"><span class='ocrx_word' id='word_1_664' title='bbox 1933 3545 2041 3595; x_wconf 90' lang='lat' dir='ltr'><strong>test</strong></span> <span class='ocrx_word' id='word_1_665' title='bbox 2062 3537 2262 3594; x_wconf 89' lang='lat' dir='ltr'><strong>alicubi</strong></span> <span class='ocrx_word' id='word_1_666' title='bbox 2289 3552 2395 3593; x_wconf 89' lang='lat' dir='ltr'><strong>non</strong></span> <span class='ocrx_word' id='word_1_667' title='bbox 2422 3539 2649 3609; x_wconf 83' lang='lat' dir='ltr'><strong>servari,</strong></span> <span class='ocrx_word' id='word_1_668' title='bbox 2672 3538 2820 3611; x_wconf 90' lang='lat' dir='ltr'><strong>quod</strong></span> <span class='ocrx_word' id='word_1_669' title='bbox 2843 3539 2985 3611; x_wconf 87' lang='lat' dir='ltr'><strong>apud</strong></span> <span class='ocrx_word' id='word_1_670' title='bbox 3013 3541 3146 3597; x_wconf 86' lang='lat' dir='ltr'><strong>alios</strong></span> <span class='ocrx_word' id='word_1_671' title='bbox 3168 3541 3235 3599; x_wconf 90' lang='lat' dir='ltr'><strong>de</strong></span> <span class='ocrx_word' id='word_1_672' title='bbox 3262 3543 3379 3600; x_wconf 88' lang='lat' dir='ltr'><strong>iure</strong></span> <span class='ocrx_word' id='word_1_673' title='bbox 3406 3561 3540 3616; x_wconf 79' lang='lat' dir='ltr'><strong>geu-</strong></span> 
     </span>
     <span class='ocr_line' id='line_1_89' title="bbox 1933 3626 3536 3706; baseline 0.004 -24"><span class='ocrx_word' id='word_1_674' title='bbox 1933 3626 2068 3683; x_wconf 88' lang='lat' dir='ltr'><strong>tium</strong></span> <span class='ocrx_word' id='word_1_675' title='bbox 2095 3641 2217 3682; x_wconf 85' lang='lat' dir='ltr'><strong>esse</strong></span> <span class='ocrx_word' id='word_1_676' title='bbox 2251 3633 2528 3682; x_wconf 89' lang='lat' dir='ltr'><strong>censetur.</strong></span> <span class='ocrx_word' id='word_1_677' title='bbox 2562 3629 2694 3683; x_wconf 89' lang='lat' dir='ltr'><strong>Item</strong></span> <span class='ocrx_word' id='word_1_678' title='bbox 2722 3627 2849 3684; x_wconf 88' lang='lat' dir='ltr'><strong>licet</strong></span> <span class='ocrx_word' id='word_1_679' title='bbox 2882 3629 2968 3685; x_wconf 89' lang='lat' dir='ltr'><strong>ius</strong></span> <span class='ocrx_word' id='word_1_680' title='bbox 2995 3632 3242 3701; x_wconf 80' lang='lat' dir='ltr'><strong>gentium</strong></span> <span class='ocrx_word' id='word_1_681' title='bbox 3270 3632 3536 3706; x_wconf 75' lang='lat' dir='ltr'><strong>regulari·</strong></span> 
     </span>
     <span class='ocr_line' id='line_1_90' title="bbox 1929 3716 3532 3794; baseline 0.006 -24"><span class='ocrx_word' id='word_1_682' title='bbox 1929 3721 2012 3770; x_wconf 89' lang='lat' dir='ltr'><strong>ter</strong></span> <span class='ocrx_word' id='word_1_683' title='bbox 2042 3721 2291 3771; x_wconf 85' lang='lat' dir='ltr'><strong>versetur</strong></span> <span class='ocrx_word' id='word_1_684' title='bbox 2320 3716 2370 3770; x_wconf 88' lang='lat' dir='ltr'><strong>in</strong></span> <span class='ocrx_word' id='word_1_685' title='bbox 2402 3716 2627 3771; x_wconf 86' lang='lat' dir='ltr'><strong>materia</strong></span> <span class='ocrx_word' id='word_1_686' title='bbox 2656 3717 2877 3788; x_wconf 89' lang='lat' dir='ltr'><strong>propria</strong></span> <span class='ocrx_word' id='word_1_687' title='bbox 2899 3717 3179 3776; x_wconf 86' lang='lat' dir='ltr'><strong>bominum</strong></span> <span class='ocrx_word' id='word_1_688' title='bbox 3200 3760 3215 3792; x_wconf 87' lang='lat'><strong>,</strong></span> <span class='ocrx_word' id='word_1_689' title='bbox 3240 3721 3532 3794; x_wconf 86' lang='lat' dir='ltr'><strong>aliquando</strong></span> 
     </span>
     <span class='ocr_line' id='line_1_91' title="bbox 1930 3803 3533 3876; baseline 0.003 -15"><span class='ocrx_word' id='word_1_690' title='bbox 1930 3811 2111 3876; x_wconf 85' lang='lat' dir='ltr'><strong>potest</strong></span> <span class='ocrx_word' id='word_1_691' title='bbox 2137 3803 2344 3876; x_wconf 89' lang='lat' dir='ltr'><strong>aliquid</strong></span> <span class='ocrx_word' id='word_1_692' title='bbox 2370 3803 2657 3874; x_wconf 87' lang='lat' dir='ltr'><strong>disponere</strong></span> <span class='ocrx_word' id='word_1_693' title='bbox 2686 3805 2737 3861; x_wconf 89' lang='lat' dir='ltr'><strong>in</strong></span> <span class='ocrx_word' id='word_1_694' title='bbox 2777 3807 3000 3863; x_wconf 89' lang='lat' dir='ltr'><strong>materia</strong></span> <span class='ocrx_word' id='word_1_695' title='bbox 3036 3810 3313 3865; x_wconf 89' lang='lat' dir='ltr'><strong>communi</strong></span> <span class='ocrx_word' id='word_1_696' title='bbox 3352 3809 3533 3868; x_wconf 86' lang='lat' dir='ltr'><strong>brutis</strong></span> 
     </span>
     <span class='ocr_line' id='line_1_92' title="bbox 1930 3894 3533 3969; baseline 0.002 -18"><span class='ocrx_word' id='word_1_697' title='bbox 1930 3895 2282 3962; x_wconf 83' lang='lat' dir='ltr'><strong>animalibus,</strong></span> <span class='ocrx_word' id='word_1_698' title='bbox 2318 3900 2378 3950; x_wconf 93' lang='lat' dir='ltr'><strong>ut</strong></span> <span class='ocrx_word' id='word_1_699' title='bbox 2419 3894 2469 3949; x_wconf 91' lang='lat' dir='ltr'><strong>in</strong></span> <span class='ocrx_word' id='word_1_700' title='bbox 2512 3895 2874 3966; x_wconf 87' lang='lat' dir='ltr'><strong>permittendo</strong></span> <span class='ocrx_word' id='word_1_701' title='bbox 2906 3912 3041 3969; x_wconf 84' lang='lat' dir='ltr'><strong>vago</strong></span> <span class='ocrx_word' id='word_1_702' title='bbox 3070 3899 3401 3969; x_wconf 87' lang='lat' dir='ltr'><strong>concubitu,</strong></span> <span class='ocrx_word' id='word_1_703' title='bbox 3434 3915 3533 3956; x_wconf 88' lang='lat' dir='ltr'><strong>seu</strong></span> 
     </span>
     <span class='ocr_line' id='line_1_93' title="bbox 1930 3982 3535 4059; baseline 0.003 -20"><span class='ocrx_word' id='word_1_704' title='bbox 1930 3983 2315 4052; x_wconf 76' lang='lat' dir='ltr'><strong>fornicatione,</strong></span> <span class='ocrx_word' id='word_1_705' title='bbox 2362 3982 2441 4038; x_wconf 82' lang='lat' dir='ltr'><strong>vel</strong></span> <span class='ocrx_word' id='word_1_706' title='bbox 2479 3983 2529 4038; x_wconf 91' lang='lat' dir='ltr'><strong>in</strong></span> <span class='ocrx_word' id='word_1_707' title='bbox 2571 3983 2883 4055; x_wconf 88' lang='lat' dir='ltr'><strong>repellenda</strong></span> <span class='ocrx_word' id='word_1_708' title='bbox 2923 3987 3007 4055; x_wconf 87' lang='lat' dir='ltr'><strong>vi,</strong></span> <span class='ocrx_word' id='word_1_709' title='bbox 3037 3991 3310 4058; x_wconf 87' lang='lat' dir='ltr'><strong>quatenus</strong></span> <span class='ocrx_word' id='word_1_710' title='bbox 3350 3986 3535 4059; x_wconf 88' lang='lat' dir='ltr'><strong>aliquo</strong></span> 
     </span>
     <span class='ocr_line' id='line_1_94' title="bbox 1931 4072 3527 4148; baseline 0.001 -20"><span class='ocrx_word' id='word_1_711' title='bbox 1931 4073 2092 4128; x_wconf 89' lang='lat' dir='ltr'><strong>modo</strong></span> <span class='ocrx_word' id='word_1_712' title='bbox 2123 4087 2220 4143; x_wconf 90' lang='lat' dir='ltr'><strong>per</strong></span> <span class='ocrx_word' id='word_1_713' title='bbox 2240 4073 2326 4128; x_wconf 88' lang='lat' dir='ltr'><strong>ius</strong></span> <span class='ocrx_word' id='word_1_714' title='bbox 2348 4072 2591 4146; x_wconf 85' lang='lat' dir='ltr'><strong>gentium</strong></span> <span class='ocrx_word' id='word_1_715' title='bbox 2616 4072 2807 4143; x_wconf 70' lang='lat' dir='ltr'><strong>foveri,</strong></span> <span class='ocrx_word' id='word_1_716' title='bbox 2832 4081 2928 4130; x_wconf 86' lang='lat' dir='ltr'><strong>aut</strong></span> <span class='ocrx_word' id='word_1_717' title='bbox 2946 4073 3295 4132; x_wconf 87' lang='lat' dir='ltr'><strong>determinari</strong></span> <span class='ocrx_word' id='word_1_718' title='bbox 3326 4081 3527 4148; x_wconf 87' lang='lat' dir='ltr'><strong>potest.</strong></span> 
     </span>
     <span class='ocr_line' id='line_1_95' title="bbox 1929 4161 3537 4236; baseline 0.001 -18"><span class='ocrx_word' id='word_1_719' title='bbox 1929 4165 2029 4218; x_wconf 88' lang='lat' dir='ltr'><strong>Est</strong></span> <span class='ocrx_word' id='word_1_720' title='bbox 2054 4177 2191 4235; x_wconf 81' lang='lat' dir='ltr'><strong>ergo</strong></span> <span class='ocrx_word' id='word_1_721' title='bbox 2220 4161 2304 4217; x_wconf 86' lang='lat' dir='ltr'><strong>ius</strong></span> <span class='ocrx_word' id='word_1_722' title='bbox 2332 4163 2579 4236; x_wconf 80' lang='lat' dir='ltr'><strong>gentium</strong></span> <span class='ocrx_word' id='word_1_723' title='bbox 2608 4163 2929 4234; x_wconf 87' lang='lat' dir='ltr'><strong>simpliciter</strong></span> <span class='ocrx_word' id='word_1_724' title='bbox 2955 4162 3231 4220; x_wconf 86' lang='lat' dir='ltr'><strong>diversum</strong></span> <span class='ocrx_word' id='word_1_725' title='bbox 3260 4181 3291 4220; x_wconf 91' lang='lat' dir='ltr'><strong>a</strong></span> <span class='ocrx_word' id='word_1_726' title='bbox 3311 4172 3537 4222; x_wconf 88' lang='lat' dir='ltr'><strong>natura-</strong></span> 
     </span>
     <span class='ocr_line' id='line_1_96' title="bbox 1929 4251 3157 4322; baseline 0.001 -16"><span class='ocrx_word' id='word_1_727' title='bbox 1929 4251 1994 4322; x_wconf 94' lang='lat' dir='ltr'><strong>li,</strong></span> <span class='ocrx_word' id='word_1_728' title='bbox 2027 4251 2353 4322; x_wconf 88' lang='lat' dir='ltr'><strong>praesertim</strong></span> <span class='ocrx_word' id='word_1_729' title='bbox 2384 4251 2595 4305; x_wconf 84' lang='lat' dir='ltr'><strong>ratione</strong></span> <span class='ocrx_word' id='word_1_730' title='bbox 2625 4251 2779 4322; x_wconf 89' lang='lat' dir='ltr'><strong>primi</strong></span> <span class='ocrx_word' id='word_1_731' title='bbox 2806 4251 3157 4309; x_wconf 86' lang='lat' dir='ltr'><strong>discriminis.</strong></span> 
     </span>
    </p>

    <p class='ocr_par' dir='ltr' id='par_1_13' title="bbox 1924 4337 3532 5303">
     <span class='ocr_line' id='line_1_97' title="bbox 2006 4337 3521 4415; baseline 0.001 -18"><span class='ocrx_word' id='word_1_732' title='bbox 2006 4344 2061 4397; x_wconf 86' lang='grc'><strong>3.</strong></span> <span class='ocrx_word' id='word_1_733' title='bbox 2100 4337 2254 4397; x_wconf 90' lang='lat' dir='ltr'><strong>Unde</strong></span> <span class='ocrx_word' id='word_1_734' title='bbox 2296 4339 2513 4396; x_wconf 89' lang='lat' dir='ltr'><strong>tandem</strong></span> <span class='ocrx_word' id='word_1_735' title='bbox 2555 4339 2815 4397; x_wconf 91' lang='lat' dir='ltr'><strong>concludi</strong></span> <span class='ocrx_word' id='word_1_736' title='bbox 2857 4341 3095 4413; x_wconf 87' lang='lat' dir='ltr'><strong>videtur,</strong></span> <span class='ocrx_word' id='word_1_737' title='bbox 3143 4343 3231 4397; x_wconf 85' lang='lat' dir='ltr'><strong>ius</strong></span> <span class='ocrx_word' id='word_1_738' title='bbox 3270 4344 3521 4415; x_wconf 80' lang='lat' dir='ltr'><strong>gentium</strong></span> 
     </span>
     <span class='ocr_line' id='line_1_98' title="bbox 1925 4429 3528 4501; baseline 0.001 -17"><span class='ocrx_word' id='word_1_739' title='bbox 1925 4430 2247 4501; x_wconf 89' lang='lat' dir='ltr'><strong>simpliciter</strong></span> <span class='ocrx_word' id='word_1_740' title='bbox 2277 4444 2397 4484; x_wconf 85' lang='lat' dir='ltr'><strong>esse</strong></span> <span class='ocrx_word' id='word_1_741' title='bbox 2423 4429 2726 4485; x_wconf 88' lang='lat' dir='ltr'><strong>humanum</strong></span> <span class='ocrx_word' id='word_1_742' title='bbox 2753 4445 2819 4485; x_wconf 88' lang='lat' dir='ltr'><strong>ac</strong></span> <span class='ocrx_word' id='word_1_743' title='bbox 2844 4432 3161 4501; x_wconf 86' lang='lat' dir='ltr'><strong>positivum.</strong></span> <span class='ocrx_word' id='word_1_744' title='bbox 3182 4431 3330 4488; x_wconf 85' lang='lat' dir='ltr'><strong>Haec</strong></span> <span class='ocrx_word' id='word_1_745' title='bbox 3351 4447 3528 4487; x_wconf 87' lang='lat' dir='ltr'><strong>asser·</strong></span> 
     </span>
     <span class='ocr_line' id='line_1_99' title="bbox 1929 4517 3527 4592; baseline 0.001 -18"><span class='ocrx_word' id='word_1_746' title='bbox 1929 4519 1999 4574; x_wconf 92' lang='lat' dir='ltr'><strong>tio</strong></span> <span class='ocrx_word' id='word_1_747' title='bbox 2028 4524 2212 4589; x_wconf 88' lang='lat' dir='ltr'><strong>potest</strong></span> <span class='ocrx_word' id='word_1_748' title='bbox 2237 4519 2380 4574; x_wconf 89' lang='lat' dir='ltr'><strong>sumi</strong></span> <span class='ocrx_word' id='word_1_749' title='bbox 2406 4533 2473 4573; x_wconf 79' lang='lat' dir='ltr'><strong>ex</strong></span> <span class='ocrx_word' id='word_1_750' title='bbox 2499 4517 2556 4573; x_wconf 93' lang='lat' dir='ltr'><strong>d.</strong></span> <span class='ocrx_word' id='word_1_751' title='bbox 2589 4517 2795 4574; x_wconf 88' lang='lat' dir='ltr'><strong>Thoma</strong></span> <span class='ocrx_word' id='word_1_752' title='bbox 2816 4535 2871 4592; x_wconf 88' lang='lat' dir='ltr'><strong>q.</strong></span> <span class='ocrx_word' id='word_1_753' title='bbox 2901 4523 2995 4592; x_wconf 83' lang='lat'><strong>95,</strong></span> <span class='ocrx_word' id='word_1_754' title='bbox 3022 4525 3126 4575; x_wconf 92' lang='lat' dir='ltr'><strong>art.</strong></span> <span class='ocrx_word' id='word_1_755' title='bbox 3162 4523 3219 4589; x_wconf 76' lang='lat'><strong>4,</strong></span> <span class='ocrx_word' id='word_1_756' title='bbox 3253 4520 3342 4575; x_wconf 91' lang='lat' dir='ltr'><strong>ubi</strong></span> <span class='ocrx_word' id='word_1_757' title='bbox 3368 4520 3527 4577; x_wconf 85' lang='lat' dir='ltr'><strong>abso·</strong></span> 
     </span>
     <span class='ocr_line' id='line_1_100' title="bbox 1927 4606 3532 4680; baseline 0.001 -17"><span class='ocrx_word' id='word_1_758' title='bbox 1927 4606 2041 4664; x_wconf 88' lang='lat' dir='ltr'><strong>lute</strong></span> <span class='ocrx_word' id='word_1_759' title='bbox 2081 4610 2169 4664; x_wconf 88' lang='lat' dir='ltr'><strong>ius</strong></span> <span class='ocrx_word' id='word_1_760' title='bbox 2210 4609 2505 4679; x_wconf 87' lang='lat' dir='ltr'><strong>positivum</strong></span> <span class='ocrx_word' id='word_1_761' title='bbox 2547 4606 2733 4664; x_wconf 83' lang='lat' dir='ltr'><strong>dividit</strong></span> <span class='ocrx_word' id='word_1_762' title='bbox 2772 4607 2823 4662; x_wconf 94' lang='lat' dir='ltr'><strong>in</strong></span> <span class='ocrx_word' id='word_1_763' title='bbox 2865 4607 3107 4680; x_wconf 81' lang='lat' dir='ltr'><strong>gentium</strong></span> <span class='ocrx_word' id='word_1_764' title='bbox 3148 4614 3207 4664; x_wconf 90' lang='lat' dir='ltr'><strong>et</strong></span> <span class='ocrx_word' id='word_1_765' title='bbox 3246 4608 3429 4680; x_wconf 88' lang='lat' dir='ltr'><strong>civile,</strong></span> <span class='ocrx_word' id='word_1_766' title='bbox 3475 4616 3532 4665; x_wconf 89' lang='lat' dir='ltr'><strong>et</strong></span> 
     </span>
     <span class='ocr_line' id='line_1_101' title="bbox 1926 4694 3527 4767; baseline 0.001 -14"><span class='ocrx_word' id='word_1_767' title='bbox 1926 4703 2227 4767; x_wconf 86' lang='lat' dir='ltr'><strong>utrumque</strong></span> <span class='ocrx_word' id='word_1_768' title='bbox 2254 4694 2388 4752; x_wconf 87' lang='lat' dir='ltr'><strong>dicit</strong></span> <span class='ocrx_word' id='word_1_769' title='bbox 2412 4711 2534 4750; x_wconf 89' lang='lat' dir='ltr'><strong>esse</strong></span> <span class='ocrx_word' id='word_1_770' title='bbox 2564 4695 2865 4753; x_wconf 87' lang='lat' dir='ltr'><strong>humanum</strong></span> <span class='ocrx_word' id='word_1_771' title='bbox 2904 4698 2991 4753; x_wconf 86' lang='lat' dir='ltr'><strong>ius</strong></span> <span class='ocrx_word' id='word_1_772' title='bbox 3023 4696 3332 4753; x_wconf 87' lang='lat' dir='ltr'><strong>derivatum</strong></span> <span class='ocrx_word' id='word_1_773' title='bbox 3370 4713 3401 4752; x_wconf 89' lang='lat' dir='ltr'><strong>a</strong></span> <span class='ocrx_word' id='word_1_774' title='bbox 3430 4713 3527 4755; x_wconf 82' lang='lat' dir='ltr'><strong>na·</strong></span> 
     </span>
     <span class='ocr_line' id='line_1_102' title="bbox 1927 4784 3531 4861; baseline 0.001 -19"><span class='ocrx_word' id='word_1_775' title='bbox 1927 4784 2110 4842; x_wconf 90' lang='lat' dir='ltr'><strong>turali.</strong></span> <span class='ocrx_word' id='word_1_776' title='bbox 2141 4787 2330 4840; x_wconf 88' lang='lat' dir='ltr'><strong>Potest</strong></span> <span class='ocrx_word' id='word_1_777' title='bbox 2352 4791 2527 4842; x_wconf 88' lang='lat' dir='ltr'><strong>tamen</strong></span> <span class='ocrx_word' id='word_1_778' title='bbox 2558 4786 2611 4840; x_wconf 90' lang='lat' dir='ltr'><strong>in</strong></span> <span class='ocrx_word' id='word_1_779' title='bbox 2638 4785 2719 4841; x_wconf 83' lang='lat' dir='ltr'><strong>his</strong></span> <span class='ocrx_word' id='word_1_780' title='bbox 2742 4785 2980 4842; x_wconf 87' lang='lat' dir='ltr'><strong>terminis</strong></span> <span class='ocrx_word' id='word_1_781' title='bbox 2998 4803 3119 4842; x_wconf 89' lang='lat' dir='ltr'><strong>esse</strong></span> <span class='ocrx_word' id='word_1_782' title='bbox 3142 4786 3321 4859; x_wconf 82' lang='lat' dir='ltr'><strong>aliqua</strong></span> <span class='ocrx_word' id='word_1_783' title='bbox 3345 4789 3531 4861; x_wconf 87' lang='lat' dir='ltr'><strong>aequi-</strong></span> 
     </span>
     <span class='ocr_line' id='line_1_103' title="bbox 1925 4873 3531 4945; baseline 0.003 -17"><span class='ocrx_word' id='word_1_784' title='bbox 1925 4873 2171 4941; x_wconf 87' lang='lat' dir='ltr'><strong>vocatio,</strong></span> <span class='ocrx_word' id='word_1_785' title='bbox 2215 4880 2270 4929; x_wconf 91' lang='lat' dir='ltr'><strong>et</strong></span> <span class='ocrx_word' id='word_1_786' title='bbox 2310 4873 2429 4929; x_wconf 91' lang='lat' dir='ltr'><strong>ideo</strong></span> <span class='ocrx_word' id='word_1_787' title='bbox 2473 4873 2715 4931; x_wconf 84' lang='lat' dir='ltr'><strong>tollenda</strong></span> <span class='ocrx_word' id='word_1_788' title='bbox 2756 4879 2861 4945; x_wconf 89' lang='lat' dir='ltr'><strong>est,</strong></span> <span class='ocrx_word' id='word_1_789' title='bbox 2906 4880 2960 4931; x_wconf 93' lang='lat' dir='ltr'><strong>et</strong></span> <span class='ocrx_word' id='word_1_790' title='bbox 2998 4891 3165 4932; x_wconf 81' lang='lat' dir='ltr'><strong>verus</strong></span> <span class='ocrx_word' id='word_1_791' title='bbox 3206 4876 3262 4933; x_wconf 92' lang='lat' dir='ltr'><strong>d.</strong></span> <span class='ocrx_word' id='word_1_792' title='bbox 3294 4876 3531 4933; x_wconf 84' lang='lat' dir='ltr'><strong>Thomae</strong></span> 
     </span>
     <span class='ocr_line' id='line_1_104' title="bbox 1925 4961 3523 5034; baseline 0.002 -16"><span class='ocrx_word' id='word_1_793' title='bbox 1925 4978 2124 5018; x_wconf 88' lang='lat' dir='ltr'><strong>sensus</strong></span> <span class='ocrx_word' id='word_1_794' title='bbox 2170 4961 2548 5034; x_wconf 81' lang='lat' dir='ltr'><strong>explicandus.</strong></span> <span class='ocrx_word' id='word_1_795' title='bbox 2585 4964 2773 5020; x_wconf 86' lang='lat' dir='ltr'><strong>Potest</strong></span> <span class='ocrx_word' id='word_1_796' title='bbox 2800 4965 2943 5019; x_wconf 89' lang='lat' dir='ltr'><strong>enim</strong></span> <span class='ocrx_word' id='word_1_797' title='bbox 2973 4963 3057 5022; x_wconf 80' lang='lat' dir='ltr'><strong>lex</strong></span> <span class='ocrx_word' id='word_1_798' title='bbox 3087 4963 3325 5021; x_wconf 88' lang='lat' dir='ltr'><strong>bumana</strong></span> <span class='ocrx_word' id='word_1_799' title='bbox 3356 4965 3523 5021; x_wconf 85' lang='lat' dir='ltr'><strong>inter·</strong></span> 
     </span>
     <span class='ocr_line' id='line_1_105' title="bbox 1924 5051 3529 5124; baseline 0 -16"><span class='ocrx_word' id='word_1_800' title='bbox 1924 5053 2054 5108; x_wconf 91' lang='lat' dir='ltr'><strong>dum</strong></span> <span class='ocrx_word' id='word_1_801' title='bbox 2097 5052 2284 5106; x_wconf 84' lang='lat' dir='ltr'><strong>vocari</strong></span> <span class='ocrx_word' id='word_1_802' title='bbox 2326 5067 2432 5107; x_wconf 89' lang='lat' dir='ltr'><strong>nou</strong></span> <span class='ocrx_word' id='word_1_803' title='bbox 2474 5067 2541 5108; x_wconf 83' lang='lat' dir='ltr'><strong>ex</strong></span> <span class='ocrx_word' id='word_1_804' title='bbox 2581 5057 2833 5124; x_wconf 89' lang='lat' dir='ltr'><strong>auctore,</strong></span> <span class='ocrx_word' id='word_1_805' title='bbox 2864 5051 2961 5108; x_wconf 89' lang='lat' dir='ltr'><strong>sed</strong></span> <span class='ocrx_word' id='word_1_806' title='bbox 3002 5068 3067 5109; x_wconf 83' lang='lat' dir='ltr'><strong>ex</strong></span> <span class='ocrx_word' id='word_1_807' title='bbox 3111 5054 3366 5120; x_wconf 86' lang='lat' dir='ltr'><strong>materia,</strong></span> <span class='ocrx_word' id='word_1_808' title='bbox 3397 5054 3529 5124; x_wconf 89' lang='lat' dir='ltr'><strong>quia</strong></span> 
     </span>
     <span class='ocr_line' id='line_1_106' title="bbox 1925 5138 3527 5216; baseline 0 -22"><span class='ocrx_word' id='word_1_809' title='bbox 1925 5149 2179 5196; x_wconf 85' lang='lat' dir='ltr'><strong>versatur</strong></span> <span class='ocrx_word' id='word_1_810' title='bbox 2200 5141 2353 5197; x_wconf 88' lang='lat' dir='ltr'><strong>circa</strong></span> <span class='ocrx_word' id='word_1_811' title='bbox 2375 5156 2463 5196; x_wconf 89' lang='lat' dir='ltr'><strong>res</strong></span> <span class='ocrx_word' id='word_1_812' title='bbox 2489 5138 2777 5213; x_wconf 64' lang='lat' dir='ltr'><strong>humanas,</strong></span> <span class='ocrx_word' id='word_1_813' title='bbox 2809 5140 2861 5195; x_wconf 87' lang='lat' dir='ltr'><strong>in</strong></span> <span class='ocrx_word' id='word_1_814' title='bbox 2887 5157 2997 5213; x_wconf 90' lang='lat' dir='ltr'><strong>qua</strong></span> <span class='ocrx_word' id='word_1_815' title='bbox 3026 5139 3414 5216; x_wconf 82' lang='lat' dir='ltr'><strong>significatione</strong></span> <span class='ocrx_word' id='word_1_816' title='bbox 3443 5141 3527 5195; x_wconf 87' lang='lat' dir='ltr'><strong>ius</strong></span> 
     </span>
     <span class='ocr_line' id='line_1_107' title="bbox 1925 5229 3525 5303; baseline -0.001 -17"><span class='ocrx_word' id='word_1_817' title='bbox 1925 5233 2106 5302; x_wconf 83' lang='lat' dir='ltr'><strong>ipsum</strong></span> <span class='ocrx_word' id='word_1_818' title='bbox 2149 5229 2399 5286; x_wconf 86' lang='lat' dir='ltr'><strong>naturale</strong></span> <span class='ocrx_word' id='word_1_819' title='bbox 2438 5229 2737 5287; x_wconf 86' lang='lat' dir='ltr'><strong>humanum</strong></span> <span class='ocrx_word' id='word_1_820' title='bbox 2770 5236 2885 5302; x_wconf 88' lang='lat' dir='ltr'><strong>est,</strong></span> <span class='ocrx_word' id='word_1_821' title='bbox 2928 5231 3058 5303; x_wconf 86' lang='lat' dir='ltr'><strong>quia</strong></span> <span class='ocrx_word' id='word_1_822' title='bbox 3096 5230 3186 5286; x_wconf 85' lang='lat' dir='ltr'><strong>illo</strong></span> <span class='ocrx_word' id='word_1_823' title='bbox 3224 5229 3525 5284; x_wconf 87' lang='lat' dir='ltr'><strong>humanum</strong></span> 
     </span>
    </p>

    <p class='ocr_par' dir='ltr' id='par_1_14' title="bbox 3012 5331 3065 5376">
     <span class='ocr_line' id='line_1_108' title="bbox 3012 5331 3065 5376; baseline 0.057 -3"><span class='ocrx_word' id='word_1_824' title='bbox 3012 5331 3065 5376; x_wconf 76' lang='lat'><strong>20</strong></span> 
     </span>
    </p>
   </div>
  </div>
 </body>
</html>
