4325 6267
1331 875 2020 991 PROOEMIUM
2099 875 2697 992 AUCTORIS

463 1569 640 1635 Nulli
668 1569 908 1632 mirum
935 1566 1136 1631 videri
1162 1566 1346 1629 debet
1363 1612 1382 1639 ,
1411 1566 1464 1627 si
1485 1564 1726 1629 homini
1757 1564 2134 1645 theologiam
2156 1562 2474 1643 profitenti
2496 1564 2665 1645 leges
2683 1563 2959 1627 incidant
2978 1564 3404 1645 disputandae.
3431 1570 3631 1635 Theo-

381 1653 584 1732 logiae
622 1667 898 1731 namque
938 1648 1276 1712 eminentia
1315 1648 1394 1711 ab
1427 1648 1565 1713 eius
1591 1648 1870 1711 subiecto
1897 1646 2393 1709 eminentissimo
2418 1644 2696 1709 derivata
2722 1663 2983 1710 omnem
3010 1649 3295 1712 excludit
3319 1652 3627 1719 rationem

380 1732 755 1797 admirandi.
799 1732 940 1795 imo
978 1732 1028 1793 si
1069 1747 1170 1793 res
1207 1730 1340 1809 ipsa
1376 1734 1542 1793 recte
1583 1728 1974 1809 dispiciatur,
2021 1729 2231 1809 palam
2266 1728 2387 1789 erit
2403 1772 2421 1801 ,
2450 1727 2536 1790 ita
2578 1728 2793 1807 legum
2830 1731 3255 1794 tractationem
3285 1732 3633 1816 theologiae

381 1816 624 1879 ambitu
650 1812 982 1887 concludi,
1005 1819 1078 1877 ut
1101 1812 1434 1893 theologus
1453 1806 1814 1875 subiectum
1833 1810 1970 1874 eius
1992 1809 2336 1873 exhaurire
2358 1826 2487 1872 nou
2510 1810 2737 1884 valeat,
2760 1810 2881 1873 nisi
2906 1811 3147 1891 legibus
3167 1816 3635 1883 considerandis

381 1898 781 1961 immoretur.
807 1895 982 1959 Deus
1009 1896 1204 1968 enim,
1234 1899 1308 1957 ut
1333 1893 1548 1957 multis
1574 1893 1708 1957 aliis
1735 1892 1930 1956 titulis
1955 1912 1992 1955 a
2018 1891 2316 1971 theologo
2336 1936 2353 1965 ,
2382 1891 2467 1954 ita
2492 1892 2605 1954 illo
2630 1891 2904 1972 expendi
2929 1893 3135 1969 debet,
3166 1896 3342 1975 quod
3368 1899 3633 1964 ultimus

383 1981 464 2043 sit
487 1980 630 2043 linis
649 2025 668 2051 ,
705 1978 782 2041 ad
809 1994 1004 2058 quem
1037 1976 1308 2039 tendunt
1335 1980 1654 2039 creaturae
1677 1975 1933 2039 rationis
1959 1973 2285 2055 participes
2304 2018 2321 2048 ,
2352 1974 2509 2037 etin
2534 1990 2668 2053 quo
2696 1975 2883 2037 unica
2916 1975 3171 2040 illarum
3198 1977 3457 2044 felicitas
3482 1999 3634 2046 con-

383 2063 561 2125 sistit.
601 2061 762 2125 Hinc
803 2076 956 2140 ergo
998 2058 1070 2121 fit
1088 2104 1107 2134 ‚
1151 2062 1228 2122 ut
1265 2058 1544 2121 doctrina
1583 2074 1754 2120 sacra
1793 2062 1858 2120 et
1889 2056 2088 2119 finem
2130 2056 2302 2119 hunc
2342 2055 2647 2119 ultimum
2687 2060 3026 2136 respectet,
3071 2063 3134 2121 et
3167 2060 3337 2125 viam
3371 2063 3451 2126 ad
3478 2081 3633 2128 eum

381 2142 878 2224 comparandum
925 2141 1164 2204 doceat.
1212 2140 1440 2221 Neque
1488 2156 1644 2203 vero
1683 2138 1856 2203 Deus
1903 2138 2313 2202 solummodo
2348 2142 2443 2201 est
2481 2136 2625 2200 finis
2658 2140 2724 2201 et
2758 2138 2957 2202 veluti
3004 2156 3231 2221 scopus
3251 2189 3268 2217 ,
3305 2142 3385 2207 ad
3434 2163 3631 2226 quem

383 2232 705 2289 creaturae
731 2223 1182 2287 intellectuales
1205 2222 1500 2296 tendunt,
1521 2221 1630 2284 sed
1653 2221 1840 2283 etiam
1863 2225 1958 2283 est
1981 2238 2167 2283 causa
2188 2220 2291 2282 sui
2306 2218 2734 2300 comparandi.
2760 2220 2923 2286 Nam
2942 2225 3259 2286 creaturas
3280 2242 3425 2289 suas
3444 2230 3628 2309 regit,

384 2313 478 2383 et,
509 2312 754 2370 ostensa
781 2306 886 2370 via
903 2352 920 2379 ,
949 2304 1027 2368 ad
1059 2322 1126 2368 se
1151 2304 1360 2379 ducit3
1384 2308 1446 2366 et
1471 2320 1554 2366 ne
1580 2322 1618 2365 a
1643 2307 1816 2365 recto
1841 2303 2064 2366 itinere
2092 2300 2458 2375 deflectant,
2482 2300 2883 2365 admonendo
2902 2306 3275 2385 compescit,
3297 2306 3634 2375 deflecten-

382 2393 600 2469 tesque
625 2406 740 2451 sua
765 2386 1060 2452 ineffabili
1082 2386 1472 2467 providentia
1491 2389 1781 2456 revocat,
1805 2402 1874 2447 ac
1893 2384 2172 2457 reducit,
2196 2382 2476 2445 doctrina
2493 2382 2918 2448 illuminando
2936 2432 2953 2459 ,
2978 2387 3249 2451 consiliis
3283 2393 3626 2469 monend0,

384 2471 630 2551 legibus
654 2470 971 2550 cogendo,
999 2473 1066 2533 et
1092 2469 1420 2549 praecipue
1447 2484 1598 2531 suae
1625 2467 1858 2547 gratiae
1881 2466 2132 2530 auxiliis
2157 2464 2521 2528 adiuvando
2539 2512 2557 2539 ,
2582 2470 2655 2529 ut
2681 2466 2823 2529 iure
2849 2469 3077 2531 merito
3102 2470 3399 2536 inclamet
3418 2472 3627 2539 Isaias:

385 2553 684 2617 Βοηιίηιω
711 2551 923 2635 legifer
949 2560 1171 2621 noster,
1199 2550 1502 2613 Dominus
1525 2566 1646 2613 rex
1672 2558 1896 2619 noster,
1921 2549 2048 2631 ipse
2075 2547 2327 2612 salvabit
2350 2564 2485 2611 nos.
2502 2545 2819 2624 Quoniam
2848 2549 3038 2629 igitur
3064 2550 3257 2617 huius
3284 2555 3499 2619 salutis
3526 2559 3629 2621 via

383 2638 448 2698 in
476 2636 824 2700 actionibus
851 2634 1060 2698 liberis
1090 2649 1472 2712 morumque
1499 2631 1876 2695 rectitudine
1913 2630 2106 2712 posita
2134 2634 2267 2704 est,
2298 2647 2461 2709 quae
2488 2646 2743 2693 morum
2771 2632 3081 2697 rectitudo
3106 2652 3144 2696 a
3173 2634 3309 2717 lege
3336 2641 3639 2718 tanquam

383 2719 462 2781 ab
501 2716 930 2781 humanarum
969 2715 1290 2779 actionum
1329 2713 1548 2794 regula
1588 2713 1944 2793 plurimum
1985 2712 2253 2793 pendet3
2290 2711 2525 2775 idcirco
2551 2712 2771 2792 legum
2804 2714 3217 2785 consideratio
3244 2718 3309 2780 in
3337 2734 3635 2799 magnam

383 2800 734 2879 theologiae
760 2802 999 2879 partem
1027 2796 1228 2869 cedit;
1250 2799 1316 2858 et
1341 2794 1500 2859 dum
1542 2811 1716 2858 sacra
1757 2794 2041 2858 doctrina
2080 2795 2160 2857 de
2190 2794 2432 2873 legibus
2455 2798 2695 2870 tractat,
2726 2794 2882 2859 nihil
2924 2795 3204 2876 profecto
3242 2800 3415 2864 aliud
3440 2820 3635 2882 quam

385 2880 596 2945 Deum
625 2882 833 2961 ipsum
859 2882 936 2943 ut
961 2880 1372 2961 legislatorem
1398 2878 1705 2941 intuetur.

467 2964 658 3027 Recte
683 2979 832 3025 sane
848 3008 867 3037 ,
899 2961 1122 3025 inferat
1145 2961 1400 3040 aliquis,
1427 2960 1482 3022 si
1507 2960 1844 3039 theologus
1868 2958 2235 3023 divinarum
2262 2958 2480 3039 legum
2508 2958 2789 3022 terminis
2815 2964 3149 3025 contentus
3176 2964 3483 3029 humanas
3502 2983 3635 3030 non

385 3044 676 3118 invadat,
705 3062 862 3124 quas
890 3044 1028 3108 iure
1057 3044 1282 3108 merito
1309 3042 1413 3105 vel
1441 3042 1714 3105 morales
1742 3040 2136 3121 philosophi,
2161 3040 2266 3103 vel
2292 3040 2452 3103 iuris
2471 3040 2804 3121 utriusque
2824 3042 3201 3121 professores
3228 3047 3346 3111 sibi
3374 3055 3637 3127 possunt

385 3127 722 3191 vindicare.
755 3125 820 3189 Si
847 3126 1018 3188 enim
1051 3125 1383 3203 theologus
1410 3123 1490 3186 de
1517 3124 1764 3203 legibus
1789 3123 1946 3202 agit,
1975 3124 2289 3202 quatenus
2316 3141 2351 3184 a
2380 3120 2515 3183 Deo
2542 3122 2891 3207 legislatore
2917 3124 3291 3190 derivantur
3308 3174 3327 3201 ,
3356 3129 3634 3208 profecto

383 3210 667 3271 alienum
693 3207 875 3271 faciet
891 3254 909 3281 ,
940 3208 990 3271 si
1018 3206 1096 3269 ad
1123 3207 1273 3270 alios
1300 3204 1568 3268 divertat
1593 3204 1996 3284 legislatores.
2029 3202 2211 3267 Adde
2232 3248 2251 3277 ,
2280 3203 2453 3282 quod
2480 3218 2633 3267 cum
2669 3204 2981 3285 theologia
3006 3207 3084 3269 sit
3108 3208 3386 3273 doctrina
3412 3228 3490 3274 su
3572 3230 3635 3276 r-

381 3290 690 3355 naturalis
708 3336 725 3365 ,
755 3290 812 3353 ei
849 3288 1037 3352 debet
1067 3288 1386 3369 prohiberi
1411 3285 1752 3350 descensus
1775 3285 1856 3348 ad
1881 3302 1956 3347 ea
1973 3332 1992 3361 ,
2022 3302 2187 3365 quae
2210 3284 2596 3349 hauriuntur
2622 3305 2658 3347 a
2684 3291 2937 3361 natura,
2968 3290 3031 3350 et
3056 3288 3211 3352 nihil
3238 3306 3430 3370 supra
3456 3292 3497 3355 il
3526 3311 3631 3358 am

382 3372 788 3445 evehuntur;
812 3371 1047 3451 alioqui
1073 3370 1374 3433 naturalis
1399 3366 1812 3451 philosophus
1839 3368 2004 3429 ultra
2029 3367 2347 3430 naturales
2376 3368 2541 3447 leges
2580 3366 2825 3431 divinas
2853 3370 3037 3433 etiam
3072 3372 3458 3448 consideret,
3482 3373 3637 3438 iuris

383 3454 688 3528 caesarei,
718 3454 821 3516 vel
849 3453 1038 3515 etiam
1065 3450 1366 3533 pontificii
1391 3451 1774 3532 professores
1797 3449 1917 3511 sibi
1943 3453 2257 3529 usurpent
2284 3448 2647 3513 divinarum
2675 3450 2891 3532 legum
2918 3450 3297 3517 documenta
3319 3501 3336 3530 ,
3360 3455 3536 3536 quod
3562 3457 3629 3519 in

384 3541 677 3616 promptu
706 3539 798 3598 est
817 3581 836 3609 ,
863 3550 1058 3614 quam
1085 3535 1163 3596 sit
1188 3553 1225 3596 a
1252 3534 1656 3597 scientiarum
1681 3531 1976 3595 concordi
2003 3531 2313 3595 divisione
2338 3531 2645 3595 alienum.

467 3618 638 3682 Haec
665 3622 878 3680 tamen
907 3634 1038 3679 non
1065 3615 1278 3695 magni
1303 3615 1614 3680 momenti
1641 3616 1828 3687 sunt,
1857 3617 1921 3676 et
1951 3613 2140 3676 unico
2163 3612 2301 3677 fere
2326 3613 2525 3677 verbo
2562 3614 2897 3679 diluuntur
2912 3662 2931 3690 ,
2959 3614 3412 3682 considerando
3429 3666 3447 3693 ,
3476 3620 3638 3684 sicut

387 3716 646 3763 omnem
688 3699 1119 3779 paternitatem
1133 3745 1151 3774 ,
1203 3698 1288 3759 ita
1335 3698 1526 3761 etiam
1565 3712 1828 3759 omnem
1877 3695 2295 3776 legislatorem
2344 3714 2383 3759 a
2424 3694 2559 3759 Deo
2606 3695 2907 3772 derivari,
2955 3701 3375 3781 omniumque
3422 3701 3639 3782 legum

384 3782 816 3845 auctoritatem
848 3781 916 3843 in
941 3796 1098 3844 eum
1125 3796 1262 3843 esse
1289 3778 1517 3842 ultimo
1543 3777 2026 3841 refundendam.
2057 3776 2120 3841 Si
2147 3793 2423 3857 namque
2451 3777 2559 3839 lex
2586 3779 2664 3841 sit
2690 3778 2933 3856 divina,
2965 3780 3045 3844 ab
3070 3782 3207 3862 ipso
3233 3782 3521 3862 proxime
3544 3784 3641 3847 di-

383 3868 618 3938 manat;
639 3864 736 3927 sin
757 3863 1060 3936 humana,
1087 3861 1167 3924 ab
1193 3861 1453 3957 homine
1478 3863 1670 3956 certe,
1697 3864 1777 3957 ut
1789 3857 1908 3922 Dei
1934 3859 2225 3923 ministro
2240 3862 2303 3920 et
2322 3859 2580 3933 vicar-ic,
2598 3862 2907 3959 sancitur,
2921 3866 3004 3958 ‘ut
3024 3866 3281 3927 testatur
3301 3868 3358 3929 A
3474 3865 3640 3930 tolus

385 3945 852 4107 aas&
809 3943 1900 4099 raefflsfflsmff*
1918 3940 2205 4097 &sss
2217 3942 2739 4104 stamas
2760 3946 3364 4108 ⁰¹¹¹¹³¹¹133s¹322
3382 3964 3641 4094 ωε

389 4111 640 4173 versalis
683 4109 994 4191 legislator
1011 4154 1028 4184 ,
1076 4107 1181 4171 vel
1229 4106 1536 4187 suppositi
1581 4104 2051 4169 immediatione
2070 4150 2088 4179 ,
2127 4104 2234 4167 vel
2282 4106 2535 4170 virtutis
2552 4152 2569 4181 ,
2610 4110 2683 4170 ut
2722 4106 2970 4188 philoso
3016 4107 3081 4171 hi
3114 4112 3635 4187 sermocinantur,

385 4192 676 4256 eamdem
721 4190 1068 4255 doctrinam
1115 4206 1358 4252 sacram
1406 4188 1734 4253 universas
1783 4188 1952 4267 leges
1999 4186 2305 4267 attingere
2346 4204 2599 4252 necesse
2637 4193 2752 4252 est.
2785 4188 2945 4253 Dein
2990 4206 3028 4252 e
3077 4190 3503 4273 theologicum
3544 4197 3638 4257 est

387 4275 714 4354 negotium
726 4272 1116 4335 conscientiis
1137 4273 1494 4351 prospicere
1508 4270 1849 4342 viatorum
1861 4269 2385 4334 conscientiarum
2408 4288 2567 4334 vero
2579 4272 2891 4335 rectitudo
2902 4275 3018 4335 stat
3032 4272 3276 4354 legibus
3288 4274 3637 4351 servandis,

388 4357 548 4419 sicut
573 4360 638 4417 et
663 4356 934 4435 pravitas
952 4353 1262 4417 violandis
1276 4399 1293 4427 ,
1317 4370 1468 4417 cum
1497 4352 1604 4415 lex
1623 4351 1939 4433 quaelibet
1957 4352 2036 4414 sit
2053 4350 2273 4430 regula
2292 4396 2311 4424 ,
2332 4351 2385 4413 si
2408 4355 2480 4415 ut
2498 4356 2743 4433 oportet
2762 4358 3055 4417 servetur
3072 4401 3090 4430 ,
3114 4358 3398 4420 aeternae
3418 4357 3633 4421 salutis

609 4436 847 4511 endae;
878 4435 930 4500 si
972 4436 1277 4510 violetur,
1315 4433 1724 4508 amittendae;
1761 4450 1917 4513 ergo
1949 4436 2011 4495 et
2044 4432 2201 4511 legis
2228 4432 2528 4513 inspectio
2554 4482 2573 4507 ,
2602 4438 2915 4516 quatenus
2941 4438 3033 4497 est
3060 4439 3472 4502 conscientiae
3500 4440 3640 4503 vin-

388 4520 638 4591 culum,
659 4518 739 4581 ad
764 4517 1132 4598 theologum
1151 4516 1504 4597 pertinebit.
1529 4515 1808 4579 Tandem
1827 4514 2130 4578 catholica
2151 4512 2308 4577 fides
2329 4532 2455 4579 non
2478 4516 2689 4579 solum
2709 4515 2893 4581 docet
2912 4564 2928 4590 ,
2952 4522 3263 4597 quatenus
3284 4520 3639 4600 parendum

389 4601 465 4663 sit
502 4599 640 4663 Deo
677 4599 1226 4679 supernaturaliter
1265 4598 1702 4678 praecipienti,
1739 4597 1848 4660 sed
1892 4597 2080 4659 etiam
2120 4595 2275 4674 quid
2306 4602 2529 4661 natura
2557 4600 2754 4674 vetet,
2785 4601 3028 4673 iubeat,
3060 4602 3163 4664 vel
3274 4602 3541 4679 rmittat3
3572 4607 3635 4666 et

389 4686 704 4763 quatenus
739 4679 1168 4744 obediendum
1209 4678 1287 4743 sit
1325 4678 1732 4760 potestatibus
1765 4678 2237 4742 sublimioribus
2255 4722 2273 4753 ,
2312 4681 2385 4740 ut
2418 4678 2658 4745 Paulus
2697 4681 2893 4757 dixit,
2928 4684 3117 4761 atque
3143 4702 3179 4745 a
3222 4695 3301 4747 eo
3327 4688 3639 4764 quatenus

468 4763 744 4827 rendum
770 4764 849 4826 sit
874 4765 1016 4826 tum
1043 4759 1464 4825 ecclesiasticis
1489 4761 1736 4841 legibus
1755 4806 1772 4834 ,
1802 4762 1946 4824 tum
1973 4759 2146 4823 laicis
2163 4805 2182 4832 ,
2212 4763 2353 4823 ante
2378 4762 2599 4825 oculos
2625 4763 2805 4827 nobis
2830 4764 3026 4845 ponit.
3054 4764 3225 4845 Ergo
3250 4784 3334 4829 ex
3360 4766 3460 4830 his
3487 4765 3635 4831 fidei

421 4844 820 4910 undamentis
849 4844 1125 4924 theologi
1151 4849 1244 4907 est
1269 4844 1594 4925 colligere,
1623 4842 1775 4924 quid
1803 4843 1872 4905 in
1898 4842 2022 4905 hoc
2047 4844 2156 4905 aut
2183 4842 2251 4904 in
2277 4842 2390 4905 illo
2416 4842 2635 4924 legum
2660 4860 2891 4925 genere
2917 4846 2997 4908 sit
3023 4846 3407 4911 habendum.

475 4930 687 5007 Atque
735 4926 886 4991 hinc
931 4926 1078 4989 licet
1123 4925 1470 5006 intelligere
1488 4971 1505 5000 ,
1549 4924 1874 5006 quomodo
1915 4922 2226 5003 theologia
2258 4940 2501 4989 munus
2534 4926 2659 4989 hoc
2697 4926 2831 4989 siue
2872 4926 3004 4990 ulla
3042 4928 3507 5009 imperfectione
3534 4932 3640 4995 vel

396 5008 764 5074 confusione
806 5006 1122 5088 perficiat,
1151 5005 1302 5087 quia
1343 5008 1649 5071 nimirum
1675 5008 1796 5071 sub
1822 5006 2024 5071 altiori
2053 5006 2299 5068 lumine
2326 5006 2407 5069 de
2435 5007 2680 5088 legibus
2708 5012 2945 5072 tractat.
2976 5008 3139 5074 Nam
3164 5011 3231 5073 in
3259 5012 3479 5091 primis
3506 5012 3645 5094 phi-

399 5091 641 5172 losophi
667 5090 940 5153 morales
979 5090 1176 5153 multa
1216 5088 1297 5151 de
1340 5089 1583 5170 legibus
1623 5088 1972 5169 disputant;
2002 5088 2181 5151 Plato
2215 5088 2387 5158 enim
2413 5087 2753 5154 duodecim
2780 5090 2973 5155 libros
2999 5092 3078 5155 de
3108 5092 3346 5174 legibus
3374 5095 3638 5176 scripsit,

399 5190 559 5253 quos
579 5171 714 5235 fere
733 5168 954 5235 Cicero
973 5172 1052 5234 ad
1074 5172 1198 5233 tres
1218 5170 1496 5236 reduxit.
1524 5171 1888 5234 Aristoteles
1915 5186 2072 5233 vero
2091 5169 2237 5232 licet
2257 5172 2584 5251 proprium
2603 5189 2763 5253 opus
2776 5172 2856 5235 de
2878 5173 3122 5254 legibus
3144 5191 3273 5239 non
3296 5176 3640 5257 reliquerit,

405 5258 468 5318 in
497 5255 630 5318 suis
667 5253 1016 5317 moralibus
1050 5252 1252 5317 multa
1281 5255 1540 5334 sparsim
1570 5252 1649 5316 de
1676 5252 1922 5333 legibus
1945 5251 2231 5327 tradidit,
2261 5252 2420 5315 sicut
2446 5257 2509 5316 et
2536 5252 2767 5319 Seneca
2786 5301 2805 5330 ,
2834 5254 3207 5320 Plutarchus
3227 5303 3243 5331 ,
3273 5263 3337 5319 et
3363 5258 3490 5319 alii.
3522 5256 3647 5321 Ve-

562 5368 760 5418 sunna.
783 5369 840 5411 De
859 5368 1034 5424 Leuibus
1049 5389 1098 5399 -
1113 5367 1216 5410 Pars
1235 5367 1270 5411 l.
2095 5398 2107 5410 .
3158 5369 3181 5411 ¹
