4325 6267
767 330 808 392 4
2172 341 2373 392 amna
2404 344 2456 390 ι.

688 470 872 544 leqem
901 469 1160 544 ponebat
1197 470 1396 542 aquis,
1447 482 1520 524 ne
1559 469 1889 524 transirent
1914 465 2072 540 fines
2112 482 2269 522 suos.

689 562 868 632 Atque
905 557 1038 615 haec
1079 557 1165 614 lex
1201 569 1490 613 mensurae
1536 557 1750 613 nomine
1797 554 2131 630 significatur
2182 555 2275 612 lob

690 653 792 706 ³8:
833 649 982 722 Quis
1001 647 1206 720 posuit
1223 660 1538 702 mensuras
1561 648 1712 709 eius.
1743 647 1796 700 si
1815 642 2014 700 nosti?
2033 649 2092 700 et
2111 642 2270 700 infra:

694 739 840 812 Quis
859 732 1151 792 conclusit
1169 735 1334 790 ostiis
1357 747 1546 792 ntarc.
1559 775 1570 788 .
1583 778 1596 790 .
1612 733 1645 791 ?
1666 737 1744 792 Et
1764 731 1915 790 dia-i:
1941 735 2134 812 Usque
2154 733 2275 790 huc

685 829 880 882 venies
897 869 910 890 ,
945 830 1058 880 etc.
1088 824 1158 879 Et
1184 825 1333 879 iuxta
1361 823 1500 880 hanc
1521 827 1684 880 etiam
1707 823 2155 896 significationem
2183 836 2272 878 so-

691 912 765 971 let
805 911 1077 970 inclinatio
1115 911 1392 968 naturalis·
1419 912 1630 970 nomine
1663 912 1796 985 legis
1825 913 2156 987 significari,
2191 909 2275 968 vel

687 1004 820 1076 quia
846 1008 930 1059 est
957 1016 1213 1058 mensura
1240 1001 1568 1071 operationis
1591 1044 1605 1070 ,
1629 1001 1698 1058 ad
1727 1017 1896 1074 quam
1917 1001 2155 1072 inducit,
2184 998 2268 1057 vel

689 1093 818 1166 quia
843 1099 932 1149 est
957 1107 1024 1149 ex
1051 1091 1166 1164 lege
1193 1090 1513 1147 conditoris.
1555 1089 1705 1148 Solet
1723 1092 1866 1147 enim
1898 1090 2081 1146 vocari
2111 1090 2195 1147 lex
2224 1094 2279 1145 et

690 1183 808 1254 ipsa
833 1181 1052 1260 regula,
1083 1187 1140 1237 et
1166 1197 1308 1252 opus
1336 1196 1434 1236 seu
1463 1181 1691 1240 effectus
1715 1181 1866 1250 eius,
1891 1185 2162 1254 quatenus
2183 1186 2270 1236 est

691 1271 764 1328 illi
789 1271 1117 1342 conformis,
1149 1271 1297 1326 sicut
1324 1286 1414 1326 ars
1445 1271 1718 1326 interdum
1757 1269 2065 1343 appellatur
2091 1270 2271 1343 ipsum

693 1361 998 1419 artificium.
1041 1358 1326 1428 Quomodo
1367 1359 1589 1433 intelligi
1630 1367 1810 1433 potest
1849 1358 1982 1416 illud
2018 1362 2180 1418 Rom.
2212 1365 2268 1418 2:

695 1455 828 1508 Non
854 1448 1158 1507 auditores
1186 1452 1452 1515 tantum,
1486 1449 1586 1506 sed
1587 1449 1860 1522 factores
1888 1447 2029 1522 legis
2053 1447 2143 1522 (id
2166 1454 2277 1522 est,

694 1541 875 1614 operis
903 1538 1020 1614 lege
1047 1540 1350 1614 praecepti)
1377 1538 1864 1612 iustificabuntur
1884 1559 1905 1604 ,·
1934 1547 1994 1600 et
2029 1541 2182 1598 loen.
2217 1542 2271 1598 7:

693 1632 936 1704 Moyses
963 1626 1124 1686 dedit
1147 1628 1304 1685 vobis
1331 1626 1514 1702 legem
1529 1674 1546 1697 ,
1577 1632 1633 1685 et
1657 1645 1824 1686 nemo
1845 1644 1920 1686 ex
1939 1628 2101 1686 vobis
2111 1627 2282 1702 facit

701 1721 902 1794 legem.
934 1719 1188 1787 Quamvis
1217 1719 1286 1775 ibi
1316 1719 1670 1792 possitetiam
1697 1718 2278 1792 verbumsaciendiin

695 1811 800 1868 alia
826 1809 1209 1884 significatione
1238 1824 1339 1880 pro
1369 1809 1536 1867 verbo
1563 1808 1910 1868 observandi
1936 1812 2102 1868 sumi.

771 1901 927 1956 quta
967 1897 1106 1954 hanc
1155 1899 1318 1954 etiam
1357 1900 1590 1969 priorem
1633 1901 2010 1971 acceptionem
2048 1898 2283 1972 intelligi

697 1995 874 2063 potest
910 1986 1116 2044 Paulus
1135 2028 1150 2058 ,
1180 2003 1312 2044 cum
1337 1987 1738 2044 inclinationem
1765 1989 2042 2045 sentientis
2071 1987 2279 2060 appeti-

696 2085 785 2136 tus
827 2077 1004 2151 legem
1045 2077 1416 2134 membrorum
1454 2083 1512 2133 et
1552 2076 1722 2150 legem
1765 2079 1979 2149 peccati
2020 2077 2281 2150 appellat,

699 2167 766 2225 ad
793 2169 952 2224 Rom.
991 2170 1052 2238 73
1084 2181 1248 2239 quam
1279 2165 1333 2222 d.
1361 2165 1594 2222 Thomas
1621 2164 1676 2221 d.
1703 2183 1758 2240 q.
1789 2169 1887 2233 90,
1913 2173 2019 2223 art.
2058 2174 2104 2224 1.
2131 2167 2200 2223 ad
2230 2169 2279 2238 1,

695 2265 752 2314 et
779 2273 835 2330 q.
877 2261 947 2314 90
969 2298 982 2325 ,
1023 2263 1129 2312 art.
1173 2260 1229 2312 6.
1262 2254 1434 2326 legem
1462 2254 1663 2311 fomitis
1687 2256 1993 2336 appellavit.
2025 2256 2280 2314 Declarat

697 2353 883 2402 autem
909 2344 1015 2415 ibi,
1038 2343 1240 2401 fomitis
1270 2343 1628 2402 inordinatam
1658 2346 2062 2404 inclinationem
2094 2346 2281 2403 vocari

700 2434 873 2508 legem
909 2449 1016 2490 non
1049 2433 1376 2504 forinaliter,
1400 2439 1463 2492 ut
1488 2432 1570 2492 lex
1607 2440 1695 2491 est
1726 2450 2013 2506 mensura,
2035 2435 2132 2492 sed
2160 2450 2282 2507 par-

703 2523 1012 2607 ticipative,
1057 2530 1118 2580 ut
1159 2522 1299 2580 solet
1337 2521 1446 2580 dici
1485 2520 1551 2582 de
1591 2531 1910 2582 mensurato
1949 2540 2050 2596 per
2075 2523 2275 2598 legem.

700 2614 851 2674 Unde
881 2614 1050 2670 sentit
1075 2611 1131 2669 d.
1172 2611 1434 2684 Thomas,
1463 2612 1866 2672 inclinationem
1897 2614 2169 2686 appetitus
2200 2629 2285 2672 se-

699 2703 945 2764 cundum
972 2719 1032 2760 se
1063 2718 1167 2760 non
1198 2705 1379 2760 vocari
1409 2701 1614 2776 legem,
1643 2703 1740 2760 sed
1767 2709 2041 2777 quatenus
2069 2719 2134 2762 ex
2163 2703 2283 2778 lege

701 2795 796 2852 Dei
825 2793 1082 2874 puniente
1113 2793 1324 2865 privata
1351 2798 1437 2850 est
1469 2792 1794 2850 rectitudine
1821 2792 2099 2865 originalis
2125 2794 2286 2851 iusti-

701 2887 806 2944 tiae
855 2889 1079 2956 propter
1127 2888 1422 2953 peccatum
1467 2882 1751 2956 originale.
1791 2883 1925 2940 Nam
1974 2881 2080 2940 boc
2121 2882 2285 2940 modo

703 2973 1025 3030 inordinatio
1064 2971 1262 3029 fomitis
1303 2987 1411 3028 non
1449 2967 1533 3028 est
1567 2987 1717 3030 mere
1754 2971 2048 3042 naturalis,
2080 2972 2177 3030 sed
2202 2978 2286 3029 est

699 3078 876 3137 poena
915 3059 1128 3134 peccati
1152 3103 1167 3132 ,
1203 3066 1260 3118 et
1295 3063 1372 3117 ita
1405 3059 1608 3118 dicitur
1646 3059 1732 3118 lex
1761 3067 2022 3134 tanquam
2049 3061 2283 3120 effectus

702 3152 912 3210 divinae
952 3151 1104 3226 legis.
1148 3151 1304 3219 Quod
1329 3149 1492 3208 etiam
1523 3150 1733 3208 videtur
1761 3151 1994 3210 sensisse
2025 3151 2285 3223 Augusti-

697 3259 805 3299 nus
827 3240 918 3298 lib.
955 3243 1004 3299 1.
1029 3239 1098 3298 ad
1119 3239 1457 3312 Simplicium
1478 3255 1534 3312 q.
1571 3246 1620 3313 1,
1639 3239 1850 3314 dicens:
1879 3244 2079 3317 Quam
2100 3243 2287 3298 sarci·

700 3348 846 3390 nam
864 3334 1245 3406 prementem,
1278 3334 1336 3386 et
1361 3333 1680 3403 torpentem,
1713 3329 1843 3388 ideo
1870 3329 2056 3403 leqem
2083 3329 2287 3405 appel·

699 3419 812 3488 lat,
845 3423 988 3494 quia
1009 3423 1140 3476 iure
1167 3417 1463 3494 supplicii,
1503 3417 1701 3476 divino
1727 3418 1948 3478 iudicio
1975 3419 2204 3477 tributa
2230 3423 2285 3476 et

699 3512 986 3584 imposita
1035 3512 1146 3577 est,
1210 3509 1398 3580 utique
1437 3507 1764 3567 removendo
1803 3509 2100 3582 iustitiam,
2143 3523 2285 3581 quae

701 3599 1034 3656 contrariam
1062 3596 1442 3654 rectitudinem
1471 3596 1766 3654 tribuebat.

778 3687 888 3748 sed
914 3687 1040 3744 licet
1069 3686 1203 3743 haec
1226 3701 1356 3742 vera
1378 3687 1514 3757 sint,
1537 3685 1888 3743 nihilominus
1918 3686 2140 3744 videtur
2170 3687 2285 3758 ipsa

702 3777 972 3836 inclinatio
998 3777 1301 3849 appetitus,
1327 3782 1390 3833 ut
1409 3791 1559 3832 mere
1583 3775 1844 3857 naturalis
1865 3782 1983 3847 est,
2009 3792 2171 3848 posse
2196 3793 2287 3834 vo-

701 3867 817 3924 cari
845 3865 930 3922 lex
955 3881 1020 3922 eo
1050 3864 1244 3937 modo,
1267 3880 1381 3938 quo
1408 3865 1690 3922 inclinatio
1709 3865 1974 3923 naturalis
1996 3881 2171 3939 aeque
2192 3865 2277 3924 lex

700 3955 1028 4029 appellatur.
1061 3956 1149 4012 Sic
1176 3954 1318 4011 enim
1349 3953 1402 4010 in
1431 3953 1651 4012 homine
1676 3956 1732 4010 in
1763 3955 1915 4026 puris
1943 3956 2285 4014 naturalibus

699 4052 847 4103 esset
871 4043 964 4102 illa
1003 4044 1089 4102 lex
1119 4043 1352 4114 fomitis,
1384 4043 1515 4100 licet
1545 4060 1651 4102 non
1675 4051 1821 4102 esset
1847 4060 2021 4117 poena
2047 4047 2279 4118 peccati.

700 4138 834 4193 ltem
857 4136 1020 4192 etiam
1039 4149 1188 4191 nunc
1207 4132 1421 4191 videtur
1439 4133 1638 4190 inmitis
1661 4135 1955 4206 propensio
1973 4137 2154 4193 vocari
2180 4136 2283 4210 lex,

699 4241 808 4283 non
835 4225 1013 4283 solum
1040 4225 1167 4297 quia
1192 4230 1275 4281 est
1303 4224 1532 4281 effectus
1552 4224 1686 4298 legis
1706 4266 1722 4296 ,
1746 4225 1842 4282 sed
1861 4226 2025 4283 etiam
2050 4227 2183 4301 quia
2202 4232 2289 4284 est

700 4315 856 4388 quasi
897 4321 1252 4378 mensuraret
1288 4314 1480 4387 regula
1519 4315 1856 4372 sensualium
1895 4323 2147 4374 motuum
2174 4359 2189 4390 ,
2230 4324 2287 4376 et

701 4404 823 4461 ideo
852 4421 884 4459 a
907 4404 1075 4461 Paulo
1098 4406 1181 4460 lex
1204 4402 1577 4462 membrorum
1611 4410 1801 4462 vocata
1820 4411 1937 4477 est,
1961 4407 2094 4479 quia
2113 4422 2285 4464 mem-

699 4492 812 4550 bris
852 4493 1100 4565 corporis
1141 4492 1450 4564 specialiter
1486 4493 1820 4551 dominatur.
1858 4494 2012 4553 Unde
2037 4503 2124 4554 est
2147 4495 2283 4554 illud

697 4582 987 4654 Augustini
1011 4582 1102 4639 lib.
1128 4589 1180 4638 5.
1205 4580 1276 4639 de
1302 4585 1504 4640 Genes.
1524 4581 1609 4642 ad
1628 4582 1743 4640 litt.
1767 4599 1823 4641 c.
1857 4589 1942 4642 to:
1960 4587 2191 4644 Motum
2213 4585 2283 4643 il-

697 4670 814 4727 lius
836 4669 1000 4744 Iegis,
1027 4687 1178 4746 quae
1197 4678 1492 4746 repugnat
1518 4671 1636 4747 legi
1657 4677 1886 4742 mentis,
1911 4677 1980 4732 in
2000 4674 2279 4735 membris

699 4762 822 4816 suis
847 4761 1063 4820 habere
1105 4767 1468 4820 meruerunt.
1511 4765 1582 4820 Et
1609 4762 1732 4822 inde
1758 4766 1920 4822 etiam
1951 4763 2040 4823 lex
2069 4767 2283 4838 peccati

697 4857 892 4908 vocata
911 4858 1026 4927 est,
1048 4867 1166 4908 non.
1179 4851 1357 4910 solum
1379 4853 1506 4927 quia
1527 4859 1697 4911 estex
1721 4862 1975 4929 peccato,
2001 4854 2096 4914 sed
2117 4857 2281 4913 etiam

700 4941 827 5013 quia
869 4940 935 4998 ad
977 4948 1267 5014 peccatum
1307 4941 1547 5002 inclinat.
1593 4946 1708 5002 Hoc
1749 4953 1934 5004 autem
1974 4946 2140 5004 modo
2169 4963 2281 5004 non

696 5031 805 5088 suit
842 5031 894 5088 in
933 5030 1139 5090 Adamo
1182 5032 1314 5090 haec
1357 5033 1441 5091 lex
1479 5041 1604 5092 ante
1631 5043 1958 5110 peccatum,
1989 5038 2122 5112 quia
2148 5037 2282 5096 licet

699 5120 973 5192 appetitus
1003 5121 1292 5179 sensitivus
1313 5124 1432 5181 eius
1453 5140 1561 5182 non
1585 5131 1802 5183 careret
1823 5141 1925 5185 sua
1945 5127 2179 5184 naturali
2200 5129 2280 5184 in·

696 5208 1018 5284 clinatione,
1049 5225 1147 5284 per
1167 5227 1226 5269 se
1249 5229 1356 5271 non
1380 5213 1743 5290 operabatur,
1770 5232 1870 5274 nec
1891 5215 2279 5276 dominabatur

2349 465 2459 524 ullo
2488 467 2673 540 modo,
2707 484 2809 525 nec
2836 475 2954 525 erat
2984 469 3177 540 regula
3205 475 3303 526 aut
3338 484 3592 526 mensura
3616 469 3929 542 aliquorum

2344 565 2595 614 motuum
2620 600 2635 629 ,
2666 556 2759 614 sed
2790 557 2894 632 legi
2922 560 3121 616 mentis
3141 559 3361 616 omnino
3384 558 3631 616 subiecta
3657 566 3794 616 erat.
3822 559 3928 618 Sed
3980 615 3989 624 ,

2344 644 2411 702 de
2440 645 2830 718 metaphoricis
2856 645 3224 704 locutionibus
3254 646 3387 705 haec
3416 647 3720 706 sufficiunt.

2422 733 2676 792 Secunda
2715 737 2965 807 acceptio
3010 735 3145 810 legis
3184 736 3353 811 magis
3394 737 3612 808 propria
3650 743 3764 809 est,
3808 753 3933 794 nam

2345 839 2436 880 ars
2462 831 2548 881 est
2573 839 2711 897 opus
2742 825 2965 883 rationis
2984 867 3002 898 ,
3024 833 3083 883 et
3109 825 3227 882 ideo
3258 842 3516 884 mensura
3534 829 3652 884 eius
3674 830 3931 900 proprius

2348 923 2531 987 potest
2556 915 2692 991 legis
2718 915 2931 973 nomine
2954 917 3277 991 significari:
3302 923 3358 973 et
3376 919 3451 974 ita
3474 916 3714 974 solemus
3737 916 3933 974 distin-

2346 1019 2515 1076 guere
2545 1004 2695 1076 leges
2723 1004 2972 1077 militiae,
3002 993 3376 1078 mercaturae,
3400 1012 3507 1062 etc.
3535 1013 3600 1063 ut
3618 1006 3676 1064 d.
3698 1007 3933 1064 Thomas

2346 1094 2480 1152 dict.
2526 1100 2631 1151 art.
2666 1098 2720 1152 6.
2753 1093 2977 1151 notavit.
3020 1096 3094 1152 Et
3133 1095 3351 1168 regulae
3392 1110 3634 1167 congrue
3674 1094 3931 1168 loquendi

2346 1183 2524 1240 solent
2550 1182 2697 1256 leges
2717 1184 3109 1255 grammaticae
3137 1182 3411 1256 appellari,
3438 1190 3495 1240 et
3516 1185 3597 1240 sic
3619 1182 3685 1240 de
3706 1183 3823 1240 aliis
3845 1199 3932 1241 ar-

2348 1273 2515 1331 tibus.
2547 1273 2747 1330 Tamen
2776 1274 2921 1329 sicut
2948 1255 3227 1330 rectitudo
3256 1272 3386 1329 artis
3422 1279 3681 1344 respectu
3708 1279 3930 1330 creatu·

2347 1378 2436 1420 rae
2458 1361 2733 1420 rationalis
2761 1368 2847 1420 est
2875 1362 3148 1419 rectitudo
3175 1361 3485 1419 secundum
3512 1362 3643 1435 quid
3660 1404 3675 1432 ,
3706 1370 3770 1420 ut
3796 1365 3843 1420 1.
3872 1367 3929 1434 2,

2345 1467 2403 1525 q.
2439 1455 2529 1510 56.
2561 1450 2617 1508 d.
2646 1451 2879 1507 Thomas
2903 1449 3174 1524 declarat,
3200 1452 3275 1508 ita
3296 1449 3379 1507 lex
3402 1453 3533 1508 artis
3556 1450 3734 1508 solum
3756 1457 3935 1524 potest

2344 1539 2457 1598 dici
2497 1539 2583 1597 lex
2622 1538 2931 1598 secundum
2970 1539 3123 1613 quid.
3168 1540 3399 1612 Propria
3437 1556 3571 1614 ergo
3601 1547 3657 1598 et
3682 1539 3934 1598 absoluta

2352 1629 2641 1702 appellatio
2680 1629 2812 1702 legis
2846 1637 2964 1701 est,
2996 1645 3137 1702 quae
3164 1629 3233 1687 ad
3261 1645 3441 1686 mores
3469 1630 3731 1702 pertinet3
3763 1637 3928 1702 atque

2348 1720 2425 1778 ita
2466 1719 2849 1794 restringenda
2882 1725 2967 1776 est
2992 1719 3048 1777 d.
3076 1719 3309 1776 Thomae
3337 1717 3667 1791 descriptio,
3699 1725 3761 1776 ut
3790 1719 3935 1776 scili-

2348 1817 2440 1867 cet
2465 1810 2553 1868 lex
2580 1812 2651 1868 sit
2681 1826 2939 1868 mensura
2964 1810 3233 1884 quaedam
3260 1817 3492 1866 actuum
3520 1810 3829 1880 moralium,
3860 1809 3935 1866 ita

2353 1905 2413 1956 ut
2439 1915 2538 1971 per
2550 1899 2987 1957 conformitatem
3006 1900 3076 1956 ad
3098 1899 3243 1957 illam
3264 1897 3649 1956 rectitudinem
3670 1900 3934 1956 moralem

2351 1987 2625 2062 habeant,
2657 1996 2714 2045 et
2740 1989 2785 2044 si
2815 1988 2882 2046 ab
2908 1989 2999 2045 illa
3022 1987 3367 2060 discordent,
3398 1987 3598 2063 obliqui
3626 1989 3751 2046 sint.

2432 2083 2485 2135 3.
2519 2077 2789 2144 Quocirca
2816 2081 3065 2151 quamvis
3092 2076 3362 2135 interdum
3390 2079 3576 2151 iniqua
3610 2083 3925 2150 praecepta,

2352 2185 2449 2226 seu
2494 2168 2713 2241 regulae
2754 2168 2964 2225 soleant
3002 2167 3139 2241 legis
3182 2169 3395 2228 nomine
3435 2167 3750 2240 significari,
3784 2167 3933 2224 iuxta

2351 2258 2482 2315 illud
2506 2259 2671 2315 isaiae
2700 2261 2792 2316 20':
2833 2259 2971 2326 Vae,
3006 2261 3107 2332 qui
3131 2255 3377 2315 conditis
3406 2256 3556 2330 leges
3582 2259 3817 2329 iniquas
3828 2276 3852 2318 .·
3880 2263 3937 2314 et

2350 2347 2484 2407 iilud
2504 2347 2807 2406 Aristotelis
2836 2351 2891 2408 4.
2918 2349 3114 2406 Echio.
3146 2365 3201 2404 c.
3241 2350 3289 2404 1:
3320 2344 3503 2406 Mala
3528 2344 3625 2404 lex
3650 2352 3755 2414 est,
3784 2363 3937 2420 quae

2350 2435 2743 2494 turnultuarie
2764 2440 2965 2512 posita
2988 2441 3105 2506 est,
3140 2436 3319 2511 qualis
3347 2442 3433 2493 est
3457 2434 3577 2508 illa,
3600 2453 3744 2510 quae
3771 2434 3937 2512 vulgo

2349 2526 2459 2585 dici
2498 2527 2638 2584 solet
2670 2525 2756 2584 lex
2794 2525 3015 2597 mundi,
3062 2526 3147 2585 lex
3183 2525 3383 2598 duelli,
3426 2533 3483 2582 et
3516 2524 3745 2582 similes.
3786 2527 3939 2584 Licet

2352 2616 2627 2692 (inquam)
2658 2615 2762 2674 hoc
2782 2618 2856 2673 ita
2882 2618 2987 2688 sit,
3018 2616 3369 2676 nihilominus
3400 2616 3616 2689 proprie
3642 2622 3699 2674 et
3726 2616 3936 2690 simpli-

2351 2709 2490 2764 citer
2516 2705 2819 2779 loquendo,
2845 2705 2961 2764 sola
2986 2704 3079 2762 illa
3098 2748 3112 2774 ,
3134 2721 3279 2778 quae
3306 2713 3393 2764 est
3418 2721 3677 2765 mensura
3704 2707 3931 2765 rectitu-

2348 2795 2494 2868 dinis
2522 2795 2845 2870 simpliciter
2870 2803 2927 2854 et
2952 2802 3359 2868 consequenter
3386 2795 3503 2854 sola
3528 2795 3655 2866 illa,
3680 2811 3825 2868 quae
3844 2802 3933 2854 est

2352 2885 2547 2961 regula
2594 2893 2747 2944 recta
2790 2893 2849 2944 et
2896 2885 3150 2957 honesta,
3194 2892 3377 2957 potest
3413 2885 3500 2942 lex
3540 2884 3821 2957 appellari.
3852 2888 3931 2944 Ac

2353 2982 2641 3049 propterea
2680 2973 2817 3034 dixit
2856 2974 2913 3032 d.
2956 2973 3191 3032 Thomas
3226 2974 3285 3032 d.
3330 2990 3387 3047 q.
3420 2978 3521 3046 90,
3551 2985 3662 3032 art.
3702 2977 3761 3044 1,
3788 2980 3847 3032 et
3872 2989 3929 3048 q.

2354 3069 2458 3138 96,
2504 3071 2611 3123 art.
2642 3067 2675 3124 4
2694 3105 2709 3135 ,
2741 3071 2902 3136 turpe
2932 3069 3287 3136 praeceptum
3317 3079 3423 3120 non
3448 3079 3569 3120 esse
3597 3062 3803 3137 legem,
3836 3061 3935 3124 sed

2353 3155 2717 3228 iniquitatem3
2746 3160 2804 3211 et
2844 3155 3077 3226 August.
3110 3153 3201 3210 lib.
3244 3159 3287 3212 1.
3326 3151 3397 3212 de
3422 3151 3601 3210 libero
3626 3153 3757 3212 arb.
3788 3169 3843 3210 c.
3878 3158 3932 3210 5:

2353 3244 2511 3302 Mihi
2535 3242 2633 3300 lem
2660 3258 2783 3300 esse
2810 3259 2929 3300 non
2952 3241 3209 3312 videtur,
3236 3257 3391 3316 quae
3410 3245 3573 3300 iusta
3598 3240 3935 3315 nonsuerit.

2354 3332 2609 3405 idemque
2636 3332 2703 3390 de
2733 3333 2849 3389 iure
2872 3333 3069 3390 asserit
3088 3332 3177 3388 lib.
3212 3335 3296 3390 19.
3322 3329 3394 3388 de
3420 3333 3595 3390 Civit.
3622 3347 3676 3388 c.
3702 3334 3794 3390 21.
3823 3332 3938 3388 lmo

2353 3423 2517 3478 etiam
2546 3424 2735 3479 Cicero
2758 3427 2812 3479 2.
2840 3420 2911 3477 de
2933 3420 3155 3493 leqibus
3177 3420 3331 3492 dixit,
3359 3420 3533 3493 legem
3550 3419 3714 3477 condi
3742 3418 3939 3478 debere

2354 3512 2423 3570 ad
2462 3513 2623 3570 vitam
2668 3513 2893 3582 iustam,
2934 3511 3206 3583 quietam,
3244 3516 3300 3566 et
3336 3509 3577 3580 beatam3
3609 3516 3666 3566 et
3691 3508 3816 3567 ideo
3843 3511 3939 3584 qui

2356 3601 2506 3675 leges
2557 3603 2790 3657 iniustas
2836 3598 3132 3657 condidere
3150 3640 3166 3672 ,
3223 3598 3434 3672 quidvis
3483 3597 3661 3670 potius
3719 3598 3935 3670 tulisse,

2354 3708 2520 3765 quam
2550 3677 2907 3764 leges.'Quod
2934 3691 3095 3747 etiam
3126 3690 3233 3746 late
3255 3689 3540 3746 confirmat
3567 3687 3717 3745 Plato
3739 3690 3793 3744 in
3824 3687 3938 3746 dia-

2358 3782 2479 3855 logo
2519 3783 2709 3838 citato.
2753 3782 2826 3838 Et
2861 3783 2999 3836 ratio
3041 3781 3201 3836 etiam
3239 3794 3303 3836 ex
3334 3777 3493 3834 dictis
3520 3777 3802 3835 manifesta
3830 3787 3936 3846 est,

2356 3873 2486 3946 quia
2513 3871 2597 3928 lex
2626 3879 2714 3928 est
2739 3886 2999 3929 mensura
3026 3868 3403 3939 rectitudinis,
3428 3865 3513 3922 lex
3540 3873 3721 3924 autem
3752 3867 3939 3939 iniqua

2356 3977 2463 4018 non
2490 3968 2573 4018 est
2602 3976 2857 4019 mensura
2897 3959 3239 4017 rectitudinis
3278 3957 3605 4030 operationis
3643 3957 3936 4025 humanae,

2358 4067 2483 4109 nam
2524 4053 2708 4124 potius
2750 4053 2897 4109 actio
2936 4049 3010 4107 illi
3038 4048 3336 4106 conformis
3366 4048 3547 4121 iniqua
3574 4051 3686 4118 est3
3720 4062 3823 4102 non
3856 4053 3941 4102 est

2355 4157 2488 4216 ergo
2524 4127 2645 4209 ie'x,
2676 4140 2773 4198 sed
2816 4141 3107 4213 participat
3133 4154 3326 4194 nomen
3359 4137 3493 4210 legis
3522 4151 3618 4207 per
3645 4133 3936 4208 quamdam

2354 4232 2691 4304 analogiam,
2746 4237 3021 4306 quatenus
3071 4229 3122 4284 in
3148 4225 3355 4294 ,ordine
3396 4225 3462 4281 ad
3504 4224 3737 4298 aliquem
3770 4225 3939 4280 linem

2354 4322 2683 4395 praescribit
2697 4328 2911 4378 certum
2932 4317 3189 4392 operandi
3217 4315 3457 4374 modum.
3474 4317 3547 4372 De
3564 4331 3673 4390 qua
3697 4329 3754 4372 re
3774 4314 3935 4388 plura

2356 4411 2583 4469 inferius
2609 4411 2810 4469 dicturi
2840 4425 3053 4468 sumus.

2430 4504 2605 4574 Atque
2635 4516 2699 4556 ex
2728 4498 2811 4556 his
2840 4498 3179 4555 satisfactum
3206 4502 3291 4554 est
3317 4495 3619 4553 rationibus
3648 4493 3933 4552 dubitandi

2350 4589 2531 4664 quoad
2559 4587 2671 4646 duo
2704 4589 2884 4660 priora
2910 4589 3113 4659 capita.
3144 4588 3277 4644 Nam
3308 4585 3389 4642 lex
3420 4585 3469 4642 in
3502 4585 3775 4657 praesenti
3802 4584 3936 4642 dici-

2352 4686 2443 4737 tur
2465 4694 2721 4737 mensura
2738 4692 2887 4758 ,Onon
2914 4689 3394 4750 quorumcumque
3416 4681 3642 4732 actuum
3661 4714 3676 4743 ,
3698 4673 3793 4731 sed
3819 4691 3934 4732 mo-

2350 4769 2565 4842 ralium,
2584 4767 2767 4842 quoad
2790 4768 3085 4824 bonitatem
3106 4772 3164 4822 et
3186 4762 3566 4822 rectitudinem
3584 4779 3780 4820 eorum
3804 4765 3934 4820 sim-

2351 4858 2593 4931 pliciter,
2626 4860 2833 4915 ratione
2868 4856 3031 4912 cuius
3067 4853 3135 4909 ad
3162 4868 3256 4909 eos
3285 4853 3511 4910 inducit.
3542 4850 3828 4920 Quomodo
3856 4852 3935 4909 di·

2350 4949 2429 5006 xit
2446 4947 2693 5004 Clemens
2718 4944 2991 5004 alexandr.
3018 4941 3111 5000 lib.
3138 4948 3186 5001 1.
3203 4940 3793 5016 Stromatum,1eqem
3813 4958 3935 5002 esse

2349 5035 2625 5111 regulam
2652 5038 2946 5092 iustorum
2972 5036 3027 5092 et
3051 5034 3429 5089 iniustorum.
3459 5031 3653 5090 Ultima
3682 5047 3812 5088 vero
3840 5032 3935 5089 ob-

2350 5128 2513 5186 iectio
2542 5124 2783 5198 postulat
2810 5122 3161 5182 differentiam
3180 5121 3321 5178 inter
3340 5121 3631 5180 consilium
3652 5128 3709 5178 et
3735 5120 3930 5194 legem,

2354 5232 2496 5291 quae
2533 5214 2755 5288 longam
2804 5211 2965 5272 habet
3000 5228 3131 5270 cum
3168 5209 3455 5268 haereticis
3490 5209 3931 5284 disputationem,
