4325 6267
1749 324 1826 373 CA
1835 323 1959 373 Pur
1988 322 2114 371 xm
2125 354 2139 369 .

2405 272 2424 301 Ι

3349 308 3478 371 349

307 453 383 509 sic
411 448 715 519 recitando,
745 450 846 508 nisi
875 454 1071 509 iterum
1103 450 1299 508 recitet
1320 452 1464 507 intra
1492 457 1707 524 tempus
1735 450 1885 506 habi·
1958 448 2182 505 honeste
2208 450 2320 505 fieri
2357 450 2468 505 sine
2497 449 2674 521 aliqua
2703 447 2996 505 intentione
3015 448 3276 520 honesta3
3307 448 3394 507 vel
3431 412 3560 523 quia

305 543 373 614 le,
396 548 454 598 et
476 557 586 597 non
615 546 811 598 contra
839 542 923 598 ius
950 540 1215 611 divinum,
1242 542 1370 614 quia
1392 540 1605 597 nullum
1626 546 1712 596 est
1733 555 1887 611 prae·
1960 538 2124 611 digne
2153 540 2267 596 fieri
2306 554 2412 594 non
2443 545 2622 611 potest
2657 541 2776 595 sine
2809 538 3055 595 interiori
3079 538 3464 611 dispositione,
3497 547 3562 596 ut

302 638 528 703 ceptum
554 628 798 687 divinum
822 631 888 688 de
918 630 1009 687 tali
1038 621 1378 703 recitatione,
1393 646 1493 687 nec
1518 647 1618 701 pro
1642 628 1729 685 tali
1755 636 1889 685 tem-

302 736 455 792 pore,
480 736 581 777 nec
611 719 955 791 simpliciter,
979 736 1112 794 ergo
1141 719 1271 777 illud
1301 726 1591 792 peceatum
1619 727 1891 793 quatenus

301 818 385 867 est
430 811 741 867 omissionis
785 809 1061 879 mortalis,
1100 816 1187 866 est
1222 817 1419 867 contra
1446 808 1889 865 ecclesiasticum

302 906 675 972 praeceptum.
709 899 814 956 Sed
858 898 993 956 haec
1036 899 1195 956 latius
1233 915 1262 955 a
1300 900 1455 955 nobis
1485 904 1725 955 tractata
1754 904 1887 953 sunt

306 995 437 1044 tom.
464 992 521 1044 2.
546 986 613 1043 de
642 987 797 1061 relig.
824 994 985 1045 tract.
1014 993 1069 1056 4,
1098 987 1187 1043 lib.
1214 992 1271 1057 4,
1298 1005 1351 1044 c.
1389 993 1474 1055 16,
1499 994 1553 1044 et
1580 986 1887 1060 sequentib.

338 1150 341 1153 ἦ
384 1084 473 1135 10.
503 1078 719 1145 Quarto
756 1076 929 1134 insero
948 1122 961 1146 ,
1007 1078 1155 1133 sicut
1188 1080 1244 1132 in
1272 1076 1355 1133 his
1382 1076 1601 1133 casibus
1630 1080 1894 1147 peccatur

302 1174 495 1223 contra
525 1172 812 1243 praecepta
834 1166 1135 1235 Ecclesiae,
1158 1166 1230 1223 ita
1258 1182 1420 1237 posse
1452 1167 1661 1222 incurri
1690 1180 1892 1221 ceusu-

302 1271 415 1325 ras,
437 1255 523 1311 vel
552 1256 685 1311 alias
714 1272 917 1327 poenas
946 1256 1063 1327 ipso
1097 1255 1213 1312 iure
1241 1256 1519 1326 impositas
1544 1271 1652 1310 non
1674 1268 1895 1310 servan·

301 1344 449 1401 tibus
466 1345 589 1401 talia
615 1345 1084 1417 praecepta.Ratio
1108 1347 1325 1416 propria
1342 1352 1447 1413 est,
1464 1346 1590 1417 quia
1610 1343 1701 1400 illa
1722 1350 1897 1399 trans·

300 1435 513 1508 gressio
542 1450 651 1490 non
678 1440 765 1490 est
790 1449 927 1507 pure
956 1434 1226 1502 mentalis,
1260 1434 1355 1490 sed
1384 1440 1634 1502 externa,
1659 1434 1789 1507 quia
1806 1439 1897 1489 est

302 1524 523 1580 omissio
544 1524 807 1581 orationis
826 1523 1151 1593 vocalisssvel
1170 1524 1539 1596 susceptionis
1560 1523 1896 1578 sacramenti

302 1615 591 1685 sensibilis,
616 1613 747 1671 licet
769 1630 865 1686 per
888 1613 1143 1670 accidens
1165 1613 1477 1669 occultetur
1499 1628 1593 1684 per
1622 1613 1896 1667 fictionem

301 1706 589 1775 orationis,
620 1704 703 1759 vel
733 1704 1083 1760 sacramenti.
1109 1702 1245 1759 Item
1272 1704 1399 1774 quia
1426 1699 1691 1775 quidquid
1720 1702 1902 1772 potest

301 1791 550 1849 Ecclesia
572 1792 675 1848 sub
700 1792 1027 1867 obligatione
1050 1793 1265 1863 pcccati
1288 1792 1529 1859 mortalis
1558 1790 1896 1863 praecipere,

303 1889 489 1952 potest
511 1882 781 1954 condigna
807 1897 981 1953 poena
1004 1882 1086 1938 vel
1109 1897 1345 1938 censura
1370 1882 1557 1953 punire
1580 1897 1676 1952 per
1698 1882 1899 1951 ipsam-

301 1978 413 2029 met
436 1972 617 2045 legem
636 2015 653 2042 ,
684 1972 894 2044 absque
925 1972 1027 2027 alia
1054 1972 1319 2027 sententia
1348 1970 1569 2027 ferenda
1596 1987 1693 2041 per
1727 1970 1899 2025 homi·

302 2076 459 2133 nem,
491 2062 713 2134 quando
744 2078 917 2133 poena
946 2068 1071 2133 apta
1100 2068 1207 2129 est,
1240 2068 1302 2117 ut
1329 2061 1434 2117 hoc
1466 2060 1627 2117 modo
1657 2061 1899 2132 impona-

304 2157 415 2222 tur,
440 2157 499 2207 et
525 2149 691 2223 culpa
712 2158 797 2207 est
822 2152 911 2208 illa
940 2150 1120 2224 digna.
1142 2150 1381 2224 Denique
1404 2150 1471 2207 de
1501 2152 1756 2207 censuris
1784 2151 1892 2207 hoc

299 2239 511 2297 ostendi
536 2242 591 2297 in
624 2245 675 2297 5.
693 2246 830 2297 tom.
850 2240 993 2313 disp.
1020 2243 1397 2313 ⁴,sect.2.l)e
1428 2242 1613 2311 poenis
1643 2255 1773 2296 vero
1800 2242 1898 2296 im-

299 2330 491 2401 positis
514 2346 623 2386 non
647 2330 1003 2387 recitantibus
1020 2346 1149 2387 cum
1174 2336 1547 2406 teneanturex
1571 2328 1899 2401 obligatione

300 2419 565 2486 beneficii,
580 2420 721 2477 idem
744 2419 855 2477 dixi
874 2420 1024 2477 dicto
1046 2420 1137 2477 lib.
1157 2425 1212 2478 4.
1230 2417 1301 2477 de
1321 2420 1482 2477 horis
1504 2435 1723 2477 canon.
1738 2422 1893 2477 c.26.

380 2510 617 2567 il.Dico
645 2508 913 2581 secundo,
938 2526 1071 2567 cum
1092 2516 1255 2566 actus
1280 2511 1529 2565 internus
1555 2507 1707 2564 nulio
1736 2506 1898 2564 modo

298 2606 381 2654 est
406 2600 757 2657 necessarius
782 2599 854 2656 ad
891 2615 1013 2657 esse
1042 2599 1329 2676 physicum
1350 2642 1366 2671 ,
1395 2599 1480 2655 vel
1520 2598 1725 2656 morale
1750 2605 1897 2655 exte·

301 2692 463 2746 rioris
494 2696 692 2761 actus,
725 2687 820 2747 sed
848 2690 1028 2747 solum
1055 2691 1316 2762 coniungi
1342 2696 1523 2762 potest
1548 2704 1615 2745 ex
1645 2689 1895 2746 libertate

298 2782 595 2851 operantis,
622 2786 755 2837 tunc
785 2796 892 2837 non
920 2779 1071 2837 cadit
1092 2780 1195 2837 sub
1222 2779 1655 2837 ecclesiasticam
1688 2780 1887 2853 legem,

298 2884 397 2926 nec
428 2871 575 2928 sorte
604 2869 801 2927 cadere
832 2877 1013 2942 potest
1039 2870 1144 2927 sub
1182 2870 1481 2927 humanum
1512 2877 1889 2942 praeceptum,

297 2958 491 3017 saltem
522 2958 853 3033 regulariter
875 2955 1353 3033 loquendo.·Prior
1380 2975 1533 3032 pars,
1558 2976 1701 3033 quae
1724 2960 1898 3033 loqui·

297 3050 485 3107 tur'de
514 3052 663 3108 i'acto
681 3094 697 3122 ,
728 3050 943 3108 videtur
968 3050 1149 3121 clara,
1178 3051 1340 3123 quia,
1372 3058 1433 3107 ut
1460 3052 1709 3107 existimo
1729 3092 1744 3121 ,
1774 3050 1897 3107 nul-

297 3138 409 3196 lum
434 3140 715 3211 probabile
744 3139 1051 3211 exemplum
1074 3140 1255 3197 afferri
1275 3147 1457 3211 potest
1483 3140 1729 3197 indicans
1750 3139 1897 3195 simi-

300 3229 405 3287 lem
428 3230 865 3288 ecciesiasticam
889 3231 1085 3303 legem,
1112 3237 1175 3287 ut
1201 3230 1405 3301 patebit
1424 3228 1805 3303 respondendo
1827 3230 1919 3287 ad-

299 3319 413 3376 iura
432 3322 485 3377 in
510 3320 775 3406 principio
796 3320 1051 3393 allegata,
1074 3327 1131 3378 et
1145 3320 1306 3378 latius
1328 3321 1555 3377 inferius
1575 3318 1897 3392 explicando

297 3424 392 3480 per
410 3425 555 3483 quos
582 3417 747 3467 actus
774 3409 1107 3481 impleantur
1131 3418 1422 3482 praecepta
1451 3408 1775 3466 affirmativa
1796 3424 1889 3465 ec-

295 3498 933 3581 clesiastica.·Loquendo
955 3506 1139 3557 autem
1166 3499 1232 3555 de
1260 3499 1501 3572 possibili
1524 3515 1627 3555 non
1652 3506 1737 3556 est
1764 3500 1895 3557 mihi

298 3597 445 3647 certa
476 3588 766 3646 conclusio
786 3632 802 3661 ,
834 3590 929 3646 sed
960 3590 1273 3663 probahilis3
1298 3589 1601 3661 explicatur
1632 3595 1815 3646 autem
1842 3591 1893 3646 in

296 3678 443 3736 hunc
482 3680 737 3737 modum:
777 3681 907 3754 quia
947 3680 1067 3737 talis
1104 3688 1265 3737 actus
1304 3679 1523 3737 interior
1558 3694 1679 3735 esse
1718 3686 1897 3751 potest

298 3770 643 3826 necessarius
682 3769 749 3824 ad
778 3768 1110 3826 honestatem
1137 3769 1373 3842 aliquam
1414 3770 1743 3842 exteriori83
1790 3768 1893 3825 hoc

298 3866 485 3917 autem
514 3858 739 3929 sufficit,
757 3866 820 3915 ut
845 3858 1003 3915 simul
1034 3860 1268 3931 praecipi
1294 3861 1533 3931 possint3
1557 3875 1712 3932 ergo.
1730 3860 1896 3916 Maior

298 3956 468 4021 patet,
495 3951 627 4022 quia
653 3955 947 4022 praecepta
974 3949 1299 4005 affirmativa
1319 3965 1426 4006 non
1457 3948 1681 4019 dantur,
1706 3948 1806 4003 nisi
1826 3945 1895 4004 dc

300 4039 513 4095 actibus
541 4040 841 4109 virtutum,
872 4045 928 4095 et
967 4040 1018 4095 in
1048 4038 1238 4095 ordine
1268 4038 1337 4095 ad
1376 4039 1614 4112 aliquam
1644 4038 1894 4095 honesta-

299 4132 434 4200 tem,
468 4135 525 4185 et
555 4128 676 4186 ideo
703 4128 749 4183 si
776 4135 941 4185 actus
968 4128 1190 4185 interior
1218 4128 1558 4200 praecipitur
1586 4143 1715 4183 cum
1745 4134 1893 4184 exte-

296 4217 449 4290 riori,
480 4219 583 4275 erit
625 4224 847 4291 propter
874 4219 1110 4291 aliquam
1154 4216 1529 4289 honestatem3
1560 4232 1667 4272 non
1706 4223 1893 4273 autem

298 4315 524 4379 propter
554 4308 733 4363 solum
776 4308 1117 4376 interiorem,
1148 4306 1275 4379 quia
1316 4306 1541 4363 interior
1569 4322 1675 4363 non
1717 4312 1898 4377 potest

298 4394 365 4451 ab
390 4396 641 4454 Ecclesia
660 4396 895 4469 praecipi
920 4404 1141 4468 propter
1164 4411 1320 4452 suam
1343 4395 1686 4452 honestatem
1711 4410 1809 4467 per
1830 4408 1891 4451 se

300 4488 357 4540 et
381 4485 635 4543 absolute
663 4493 987 4558 spectatam3
1020 4486 1169 4558 quia,
1201 4490 1267 4543 ut
1293 4484 1395 4555 sic,
1428 4500 1535 4541 non
1561 4489 1648 4540 cst
1673 4484 1898 4541 materia

300 4571 649 4645 legislationis
686 4575 985 4645 humanae,
1015 4580 1079 4630 ut
1113 4578 1293 4647 capite
1321 4574 1664 4647 praecedenti
1711 4579 1899 4631 osten-

298 4676 420 4718 sum
451 4671 555 4735 est,
581 4678 713 4737 crgo
742 4663 785 4719 si
813 4671 999 4735 potest
1026 4665 1263 4735 praecipi
1288 4670 1354 4720 ut
1379 4664 1710 4721 coniunctus
1738 4670 1889 4720 exte-

302 4750 461 4821 riori,
486 4751 665 4808 solum
686 4754 788 4809 erit
811 4759 870 4809 ut
896 4756 1317 4810 communicans
1339 4752 1524 4827 aliquo
1550 4754 1714 4811 modo
1738 4769 1891 4810 suam

300 4838 637 4899 honestatem
662 4842 809 4900 actui
830 4844 1103 4899 exteriori.
1118 4843 1275 4911 Quod
1298 4850 1481 4900 autem
1505 4844 1611 4900 hoc
1634 4843 1892 4916 sufficiat,

296 4928 641 5005 declaratur,
674 4934 803 5006 quia
828 4932 1047 4990 duobus
1076 4934 1245 4990 modis
1275 4941 1453 5006 potest
1492 4934 1699 5007 requiri
1732 4940 1893 4990 actus

301 5020 524 5078 interior
553 5022 619 5079 ad
651 5021 990 5078 honestatem
1022 5030 1181 5080 actus
1207 5025 1513 5082 exterioris.
1548 5024 1729 5081 Primo
1768 5024 1895 5079 sim-

252 5112 261 5123 “
304 5109 537 5184 pliciter,
561 5112 689 5185 quia
716 5114 833 5169 sine
858 5113 951 5169 tali
981 5120 1107 5169 actu
1134 5129 1240 5169 non
1273 5120 1455 5185 potest
1474 5122 1633 5170 actus
1660 5114 1895 5171 exterior

302 5198 524 5260 honeste
560 5204 705 5277 fieri,
737 5208 797 5260 ut
837 5202 1058 5277 quando
1089 5211 1247 5261 actus
1285 5206 1525 5261 exterior
1564 5220 1673 5261 non
1713 5210 1894 5277 potest

1964 628 2013 684 si
2040 627 2385 685 Eucharistia
2410 627 2677 684 sumenda
2706 627 2796 699 sit,
2825 629 3032 699 etquis
3058 644 3164 683 non
3195 634 3374 699 potest
3397 627 3560 701 digne

1962 716 2152 790 recipi,
2187 717 2288 773 nisi
2315 733 2346 773 a
2373 716 2688 785 iustificate,
2719 715 2841 773 ideo
2869 716 2941 773 sit
2968 718 3276 774 necessaria
3303 718 3560 776 contritio

1963 807 2047 863 vel
2086 808 2290 863 attritio
2318 822 2449 863 cum
2485 808 2830 863 consessione
2859 805 2924 863 ad
2963 806 3125 879 digne
3151 808 3558 865 communican-

1965 896 2119 953 dum.
2146 896 2404 953 Secundo
2427 903 2604 967 potest
2627 897 2831 969 requiri
2855 904 3015 953 actus
3041 898 3270 954 interior
3291 897 3471 954 solum
3493 898 3561 954 ad

1968 986 2165 1044 melius
2193 1002 2335 1058 esse,
2367 985 2601 1057 scilicet,
2631 995 2694 1043 ut
2720 996 2881 1042 actus
2907 986 3144 1043 exterior
3172 989 3243 1043 sit
3272 986 3557 1057 honestus,

1964 1093 2062 1135 seu
2092 1076 2340 1149 pluribus
2367 1076 2542 1133 modis
2570 1076 2768 1147 bonus,
2801 1076 2929 1132 licet
2955 1078 3070 1132 sine
3101 1076 3192 1133 tali
3223 1082 3352 1133 actu
3382 1078 3555 1155 possit

1963 1184 2085 1224 esse
2112 1168 2292 1229 bonus
2319 1182 2385 1223 ex
2414 1165 2627 1223 obiecto
2653 1172 2710 1222 et
2736 1166 3162 1221 circumstantiis
3190 1165 3442 1237 propriis.
3549 1172 3554 1179 ·

2040 1259 2115 1314 De
2154 1264 2391 1330 utroque
2427 1271 2558 1329 ergo
2595 1272 2661 1312 es
2689 1256 2774 1311 his
2816 1256 3029 1328 modis,
3057 1255 3347 1313 verisimile
3385 1254 3558 1313 videri

1966 1355 2171 1419 potest,
2185 1363 2344 1419 posse
2366 1346 2567 1403 cadere
2590 1346 2694 1403 sub
2716 1350 3074 1419 praeceptum
3095 1344 3558 1403 humanum.Nam

1964 1437 2031 1494 de
2053 1439 2228 1509 primo
2251 1437 2487 1525 inquiro,
2503 1453 2606 1495 cur
2627 1451 2734 1493 non
2757 1438 2928 1508 possit
2947 1435 3200 1495 Ecclesia
3221 1436 3558 1506 praecipere,

1968 1535 2031 1584 ut
2061 1527 2182 1583 talis
2209 1534 2368 1583 actus
2395 1526 2552 1598 digne
2579 1526 2694 1597 fiat,
2720 1527 2831 1582 sive
2857 1524 2948 1583 illa
2975 1524 3210 1599 dignitas
3238 1523 3466 1596 pendeat
3490 1542 3558 1582 ex

1966 1616 2400 1673 circumstantiis
2437 1618 2789 1680 extrinsecis,
2823 1616 2935 1672 sive
2963 1631 3028 1672 ex
3066 1615 3396 1671 intrinsecis.
3421 1615 3560 1671 Nam

1968 1706 2055 1763 illa
2083 1707 2344 1763 honestas
2369 1714 2458 1763 est
2495 1706 2816 1778 simpliciter
2840 1705 3100 1762 honestas
3127 1712 3287 1763 actus
3323 1709 3559 1776 externi,

1969 1810 2069 1851 seu
2100 1798 2394 1867 compositi
2414 1812 2480 1853 ex
2509 1797 2723 1852 interno
2752 1801 2815 1852 et
2838 1800 3090 1865 externo,
3115 1794 3264 1867 quod
3291 1795 3424 1851 satis
3452 1801 3564 1863 est,

1968 1892 2031 1941 ut
2057 1887 2307 1942 internus
2335 1885 2830 1958 compraecipiatur
2858 1900 2988 1941 cum
3015 1890 3263 1942 esterno.
3288 1886 3424 1942 Item
3452 1885 3558 1941 iam

1973 1977 2059 2033 ille
2086 1985 2247 2034 actus
2277 1979 2528 2034 internus
2555 1983 2641 2034 est
2668 1977 3013 2033 necessarius
3040 1974 3108 2032 ad
3139 1974 3414 2048 quoddam
3441 1989 3562 2032 esse

1969 2066 2172 2121 morale
2195 2066 2374 2139 magni
2397 2067 2655 2123 momenti
2676 2072 2835 2121 actus
2857 2066 3224 2121 externi.ltem
3237 2070 3418 2137 potest
3435 2075 3557 2120 esse

1970 2155 2126 2213 valde
2151 2156 2442 2227 expediens
2479 2156 2757 2212 communi
2786 2154 2928 2213 bono
2957 2154 3268 2225 Ecclesiae,
3302 2161 3365 2211 ut
3402 2160 3566 2211 actus

1967 2252 2228 2302 externus
2267 2262 2396 2302 cum
2441 2252 2558 2302 tota
2600 2244 2689 2317 iila
2730 2244 3044 2317 integritate
3084 2248 3180 2301 s'eu
3231 2241 3564 2300 rectitudine

1968 2334 2578 2407 moralipraecipiatur.
2611 2334 2836 2391 Maxime
2865 2334 2909 2389 si
2938 2332 3190 2389 Ecclesia
3214 2332 3282 2388 sit
3316 2332 3367 2387 in
3405 2332 3562 2405 gravi

1967 2422 2151 2497 aliqua
2186 2408 2534 2493 necessitate,
2567 2429 2625 2481 et
2649 2423 2778 2479 velit
2806 2422 3022 2494 placare
3049 2426 3220 2479 Deum
3249 2437 3345 2494 per
3371 2436 3562 2478 sacras

1966 2516 2211 2571 actiones
2259 2512 2498 2571 fidelium
2525 2520 2712 2569 sancte
2739 2514 2934 2570 factas.
2965 2514 3122 2570 Certe
3147 2528 3276 2581 cum
3315 2520 3560 2585 potestas

1964 2604 2326 2677 gubernativa
2350 2604 2630 2661 Ecclesiae
2651 2604 2723 2659 sit
2743 2603 2972 2659 maxime
2994 2602 3311 2675 spiritualis,
3334 2608 3391 2658 et
3416 2600 3559 2659 ordi-

1966 2703 2094 2751 nata
2137 2696 2430 2766 praecipue
2458 2692 2527 2749 ad
2562 2692 2796 2749 salutem
2833 2693 3172 2761 animarum,
3202 2706 3308 2746 non
3346 2690 3565 2747 videtur

1966 2783 2051 2840 hic
2082 2782 2280 2841 modus
2322 2779 2686 2855 praecipiendi
2726 2780 3252 2854 improportionatus
3284 2779 3358 2836 illi
3383 2822 3397 2849 ,
3431 2795 3560 2837 cum

1969 2872 2218 2932 absolute
2243 2872 2316 2929 sit
2335 2872 2403 2929 de
2430 2878 2560 2929 actu
2582 2871 2772 2928 visibili
2801 2878 3014 2942 sancto,
3041 2873 3188 2928 sicut
3206 2870 3457 2928 Ecclesia
3485 2872 3562 2927 vi-

1969 2962 2139 3020 sibilis
2167 2971 2226 3020 et
2263 2968 2457 3019 sancta
2481 2968 2586 3019 est.
2613 2964 2690 3019 De
2731 2961 2836 3017 alio
2863 2976 2994 3018 vero
3022 2960 3184 3018 modo
3212 2960 3338 3016 iicet
3377 2959 3556 3016 minus

1967 3054 2216 3111 videatur
2258 3060 2420 3125 aptus
2461 3049 2528 3110 ad
2568 3058 2953 3124 praeceptum3
2998 3049 3348 3107 nihilominus
3387 3048 3552 3106 videri

1966 3149 2145 3216 potest
2165 3157 2272 3200 non
2301 3144 2518 3200 omnino
2539 3139 2902 3213 impossibilis.
2926 3140 3060 3197 Nam
3090 3137 3364 3195 interdum
3391 3152 3550 3210 praea

1966 3233 2200 3304 cipimur
2228 3246 2388 3289 orare
2413 3249 2470 3286 v.
2491 3247 2549 3304 g·.
2579 3230 2661 3287 vel
2689 3230 2930 3287 ieiunare
2960 3244 3062 3301 pro
3085 3228 3180 3285 tali
3207 3227 3554 3301 necessitatc3

1964 3338 2098 3395 ergo
2126 3328 2313 3394 potest
2340 3337 2442 3393 per·
2463 3322 2568 3379 talc
2606 3326 2960 3393 praeceptum
2987 3318 3194 3375 directe
3223 3317 3460 3389 iniungi,
3493 3322 3558 3373 ut

1964 3411 2187 3469 dicatur
2216 3398 2397 3489 litania
2425 3428 2478 3467 v.
2501 3428 2558 3484 g.
2585 3427 2685 3483 pro
2715 3409 2808 3467 tali
2832 3410 3160 3467 necessitate
3181 3408 3232 3463 in
3259 3407 3557 3479 particula-

1966 3502 2035 3572 ri,
2067 3501 2176 3558 hoc
2203 3507 2387 3558 autem
2415 3499 2618 3574 pendet
2641 3514 2708 3556 ex
2735 3499 3028 3556 intentione
3056 3497 3300 3554 interiori
3328 3508 3557 3568 operan-

1963 3592 2063 3663 tis,
2096 3606 2239 3664 quae
2265 3590 2493 3649 intentio
2522 3605 2629 3646 non
2658 3594 2743 3645 cst
2771 3590 3082 3645 necessaria
3107 3587 3175 3643 ad
3213 3585 3552 3643 honestatem

1964 3679 2109 3737 illius
2136 3680 2422 3751 orationis,
2448 3680 2531 3736 vel
2561 3680 2768 3750 ieiunii,
2792 3694 2918 3734 nam
2947 3679 3062 3734 sine
3089 3675 3175 3733 illa
3195 3682 3428 3748 possent
3455 3675 3552 3732 ho·

1964 3776 2115 3828 neste
2142 3770 2280 3842 ἦρι-ὴ
2307 3785 2458 3842 ergo.
2475 3770 2862 3839 confirmatur,
2885 3766 3015 3841 quia
3041 3780 3200 3838 saepe
3228 3764 3555 3822 conceditur

1962 3846 2296 3933 indulgentia
2335 3860 2513 3916 oranti
2540 3858 2623 3914 vel
2665 3858 2910 3930 operanti
2949 3872 3080 3913 cum
3108 3856 3197 3912 tali
3235 3854 3552 3925 intentione,

1962 3956 2021 4019 et
2049 3966 2154 4007 non
2186 3947 2298 4006 ’alio
2327 3949 2524 4021 modo,
2554 3964 2686 4021 ergo
2713 3948 2759 4003 si
2797 3947 3016 4019 publica
3043 3946 3340 4002 necessitas
3365 3943 3420 4000 id
3463 3960 3556 4016 po-

1964 4040 2217 4111 stularet,
2233 4045 2420 4112 posset
2435 4038 2598 4095 ctiam
2624 4037 2860 4110 praecipi
2881 4043 3044 4094 actus
3063 4050 3194 4093 cum
3213 4034 3406 4091 eadem
3425 4048 3556 4090 con-

1964 4128 2192 4186 ditione.
3124 4114 3134 4124 ’

2054 4223 2140 4277 12.
2168 4218 2525 4275 Nihilominus
2548 4216 2822 4289 probabile
2843 4216 2974 4273 satis
2991 4221 3100 4287 est,
3119 4221 3419 4287 utrumque
3441 4228 3556 4269 mo·

1963 4308 2096 4366 dum
2122 4308 2388 4366 excedere
2427 4321 2737 4365 mensuram
2765 4308 3036 4364 humanae
3070 4305 3235 4378 legis,
3265 4307 3430 4361 etiam
3459 4318 3553 4361 ec·

1964 4398 2306 4455 clesiasticae
2323 4438 2338 4467 ,
2367 4403 2424 4454 et
2451 4396 2520 4454 de
2548 4398 2832 4469 posteriori
2860 4394 3079 4469 quidem
3108 4393 3325 4451 videtur
3350 4392 3408 4449 id
3435 4393 3546 4449 cla-

1966 4488 2103 4558 rius,
2126 4489 2256 4559 quia
2285 4502 2382 4558 per
2409 4485 2570 4543 talem
2601 4491 2789 4542 actum
2817 4485 3090 4541 internum
3119 4482 3302 4539 solum
3329 4478 3549 4539 additur

1962 4581 2196 4635 externo
2223 4576 2440 4633 bonitas
2475 4574 2742 4649 quaedam
2773 4572 3138 4631 accidentaria
3167 4585 3263 4645 per
3295 4572 3555 4629 extrinse-

1963 4682 2087 4724 cam
2116 4666 2461 4737 relationem,
2485 4664 2572 4721 vel
2597 4665 2884 4736 imperium
2906 4663 2975 4719 ab
3004 4667 3130 4720 actu
3159 4662 3406 4719 interiori
3434 4676 3553 4718 om·

1962 4759 2091 4814 nino
2120 4756 2381 4813 distincto
2383 4777 2412 4841 δ·
2440 4771 2571 4827 ergo
2599 4769 2706 4810 non
2746 4758 2925 4825 potest
2953 4752 3046 4809 illa
3079 4752 3292 4809 bonitas
3315 4751 3554 4823 praecipi

1962 4864 2025 4904 ex
2050 4847 2102 4903 vi
2131 4846 2406 4917 praecepti
2433 4852 2592 4901 actus
2618 4844 2851 4914 externi,
2875 4843 2973 4900 sed
3001 4848 3250 4915 oportet,
3275 4848 3338 4899 ut
3364 4840 3553 4898 distin·

1962 4942 2055 4992 cto
2087 4943 2380 5007 praecepto
2420 4950 2516 5006 per
2544 4950 2603 4989 se
2641 4940 2698 4989 et
2722 4931 2926 4988 directe
2965 4932 3329 5003 praecipiatur
3351 4972 3366 5003 ,
3396 4928 3549 5004 quod

1962 5032 2109 5083 esset
2124 5026 2440 5097 praecipere
2453 5023 2661 5080 directe
2685 5028 2870 5080 actum
2886 5021 3346 5095 internum3quod
3369 5028 3552 5077 osten-

1962 5130 2085 5171 sum
2112 5107 2200 5171 est
2235 5114 2348 5171 fieri
2375 5130 2484 5171 non
2513 5128 2693 5185 posse.
2727 5110 2986 5170 Secundi!
3009 5111 3325 5169 declaratur
3351 5126 3386 5167 a
3419 5126 3553 5167 con-

1963 5207 2152 5279 trari03
2185 5203 2312 5277 quia
2339 5203 2384 5260 si
2411 5204 2558 5277 quis,
2581 5218 2690 5259 uon
2719 5202 2969 5259 obstante
2998 5202 3088 5260 tali
3117 5208 3439 5275 praecepto,
3466 5201 3548 5257 ia-
