4325 6267
831 311 962 385 260

744 468 806 522 et
829 462 1082 538 sequitur
1107 459 1345 536 Angelus
1371 459 1540 520 verbo
1567 465 1950 536 contemptus,
1987 463 2046 518 et
2069 457 2209 518 bene
2236 457 2343 514 Na-

745 568 866 611 var.
909 555 964 610 in
1000 569 1124 626 cap.
1161 556 1302 612 Tres
1327 559 1491 620 sunt,
1525 553 1592 610 de
1618 569 1778 627 poen.
1809 551 1938 610 dist.
1977 555 2040 626 1,
2071 568 2126 608 n.
2172 555 2259 624 13,
2288 556 2346 608 et

745 641 1046 719 Arcbid.{in
1072 659 1196 716 cap.
1232 647 1624 722 Quicumque,
1651 647 1741 704 81.
1773 642 2144 714 distinctione3
2176 647 2233 698 et
2258 655 2345 697 ra-

749 737 830 793 tio
857 740 970 807 est,
1001 735 1131 807 quia
1167 733 1516 792 consuetudo
1544 750 1654 792 non
1681 739 1768 791 est
1795 739 2181 822 contemptus,
2212 747 2343 806 ergo

743 839 979 900 peccare
1005 841 1071 884 ex
1098 825 1498 884 consuetudine
1517 840 1628 882 non
1648 830 1733 882 est
1753 839 1988 898 peccare
2009 839 2076 881 ex
2097 829 2344 881 contem·

741 923 867 990 ptu,
898 916 1198 974 formaliter
1227 933 1292 974 ac
1318 932 1416 990 per
1443 931 1502 974 se
1534 915 1826 990 loquendo.
1851 913 2005 984 Quod
2027 914 2147 971 ideo
2178 911 2339 988 addo,

743 1009 874 1081 quia
915 1006 1262 1064 consuetudo
1297 1012 1477 1080 potest
1510 1006 1795 1079 disponere
1835 1005 1902 1062 ad
1939 1011 2339 1077 contemptum,

743 1104 802 1155 et
821 1096 971 1154 illum
996 1097 1254 1169 paulatim
1273 1111 1562 1172 generare,
1577 1103 1641 1155 ut
1661 1095 1717 1153 d.
1741 1097 1972 1154 Thomas
1995 1111 2162 1168 supra
2182 1095 2339 1168 dixit,

743 1203 812 1247 ex
833 1187 924 1246 illo
943 1187 1202 1246 Proverb.
1235 1190 1323 1247 18:
1347 1190 1592 1262 Impius,
1629 1202 1764 1244 cum
1785 1191 1849 1242 in
1861 1183 2232 1262 profundum
2250 1200 2342 1242 ve-

740 1281 894 1336 nerit
924 1284 1336 1354 peccatorum,
1372 1280 1710 1335 contemnit.
1735 1279 1964 1350 Propter
1987 1276 2136 1351 quod
2163 1276 2343 1334 solent

739 1370 969 1428 iuristae
993 1369 1209 1443 dicere,
1241 1375 1305 1427 ut
1329 1375 1486 1426 notat
1507 1370 1748 1426 Navarr.
1781 1383 1979 1441 supra,
2009 1383 2076 1425 ex
2105 1382 2343 1425 consue-

743 1462 934 1521 tudine
959 1461 1120 1520 indici
1147 1462 1640 1534 praesumptionem
1669 1465 2042 1531 contemptus,
2067 1459 2197 1516 licet
2222 1458 2341 1529 ipsa

744 1558 1095 1626 contemptus
1121 1567 1229 1609 non
1257 1553 1346 1608 sit.
1369 1550 1642 1609 Probatur
1665 1565 1798 1624 ergo
1823 1547 2181 1636 antecedens,
2210 1548 2343 1622 quia

740 1647 1094 1714 contemptus
1129 1657 1226 1715 per
1260 1657 1318 1698 se
1345 1641 1600 1699 consistit
1634 1641 1686 1697 in
1713 1655 1837 1697 uno
1852 1645 2012 1713 actu3
2044 1644 2341 1696 consuetu·

737 1732 812 1791 do
851 1738 1034 1790 autem
1075 1732 1253 1789 solum
1301 1731 1436 1789 dicit
1473 1729 1558 1788 vel
1608 1731 2108 1803 multiplicationem
2147 1729 2338 1788 talium

739 1829 998 1894 actuum,
1023 1821 1110 1880 vel
1139 1821 1386 1879 habitum
1422 1819 1542 1879 inde
1578 1820 1852 1896 genitum3
1883 1825 2100 1877 constat
2123 1826 2335 1892 autem,

741 1912 989 1970 habitum
1016 1927 1126 1968 non
1153 1927 1274 1969 esse
1303 1917 1710 1984 contemptum,
1753 1927 1854 1968 nec
1895 1911 2058 1968 etiam
2087 1909 2339 1967 multitu·

741 2005 922 2062 dinem
962 2009 1220 2075 actuum3
1251 2019 1374 2062 nam
1401 2002 1471 2059 illi
1497 2007 1658 2059 actus
1685 2015 1782 2074 per
1811 2017 1869 2058 se
1905 1999 2181 2076 loquendo
2208 2006 2339 2058 sunt

734 2094 966 2152 similes:
1005 2093 1147 2160 unde
1170 2093 1316 2150 sicut
1340 2093 1548 2165 primus
1569 2107 1678 2148 non
1697 2099 1784 2148 est
1805 2096 2155 2163 contemptus
2175 2090 2333 2163 legis,

733 2185 868 2243 licet
888 2185 961 2240 sit
988 2182 1344 2256 transgressio
1366 2182 1523 2256 legis,
1547 2182 1620 2239 ita
1639 2197 1743 2239 nec
1771 2179 2071 2252 secundus,
2098 2196 2201 2237 nec
2231 2186 2337 2238 ter·

736 2276 880 2348 tius3
914 2287 1016 2331 nec
1044 2273 1315 2346 designari
1343 2278 1554 2346 potest,
1579 2273 1632 2328 in
1660 2288 1772 2346 quo
1800 2279 1930 2328 actu
1957 2271 2179 2345 incipiat
2205 2287 2337 2330 con·-

735 2371 978 2438 temptus
1002 2379 1069 2421 ex
1092 2364 1143 2421 vi
1171 2361 1604 2422 consuetudinis.
1637 2363 1924 2420 Praeterea
1952 2369 2243 2434 peccatum
2269 2377 2336 2420 ex

740 2455 1136 2514 consuetudine
1175 2452 1244 2510 ad
1285 2468 1563 2511 summum
1603 2458 1837 2527 augetur
1871 2452 2054 2525 quoad
2093 2454 2337 2525 pronita-

739 2554 848 2605 tem
864 2588 880 2620 ,
903 2547 990 2604 vel
1013 2545 1348 2617 facilitatem,
1371 2554 1469 2602 aut
1487 2544 1742 2601 affectum
1765 2542 2053 2618 peccandi,
2075 2559 2183 2601 non
2206 2561 2335 2602 vero

735 2638 920 2714 quoad
959 2637 1214 2696 malitiam
1254 2636 1503 2693 diversae
1531 2617 1788 2707 rationis,
1817 2634 1901 2691 vel
1939 2635 2171 2707 speciei,
2201 2650 2335 2691 oon·

735 2735 980 2803 temptus
1016 2734 1200 2786 autem
1228 2725 1381 2785 addit
1406 2725 1661 2783 malitiam
1689 2727 1870 2799 specie
1897 2724 2240 2797 distinctam,
2274 2731 2338 2784 ut

733 2818 1114 2893 ostendemus,
1146 2833 1282 2892 ergo
1311 2815 1657 2876 consuetudo
1683 2831 1782 2890 per
1810 2831 1868 2873 se
1895 2831 2002 2872 non
2033 2815 2245 2873 sufficit
2264 2815 2333 2874 ad

735 2915 1129 2982 contemptum.

817 3001 970 3074 Unde
999 2999 1251 3071 infertur,
1280 2997 1480 3056 falsum
1502 2994 1719 3054 omnino
1740 3010 1860 3053 esse
1883 2993 2034 3070 quod
2055 2997 2336 3053 Panormi-

737 3100 902 3150 tanus
941 3093 1038 3164 ait,
1079 3091 1292 3149 nullum
1332 3103 1452 3146 esse
1479 3093 1766 3161 peccatum
1795 3087 2031 3162 veniale,
2060 3086 2207 3160 quod
2238 3102 2335 3160 per

737 3181 1193 3244 consuetudinem
1233 3197 1344 3238 non
1383 3181 1477 3237 fiat
1515 3178 1765 3236 mortale.
1795 3177 1942 3236 Alias
1982 3179 2160 3264 onmis
2200 3193 2335 3234 con·

737 3273 973 3334 suetudo
1001 3271 1268 3347 peccandi
1295 3269 1578 3328 venialiter
1605 3270 1971 3326 constitueret
1996 3265 2249 3324 homines
2276 3269 2333 3324 iu

737 3371 886 3424 statu
913 3363 1128 3438 peccati
1156 3360 1398 3420 mortalis
1417 3400 1433 3432 ,
1465 3365 1522 3416 et
1547 3360 1624 3416 ita
1649 3356 2004 3416 consuetudo
2041 3356 2335 3414 mentiendi

738 3456 954 3529 leviter,
985 3453 1070 3512 vel
1096 3450 1354 3526 loquendi
1379 3451 1579 3522 otiose,
1609 3455 1666 3506 et
1693 3448 1912 3521 similes,
1937 3449 2336 3507 constituerent

734 3545 981 3604 homines
1000 3545 1052 3601 in
1073 3541 1288 3601 mortali
1307 3539 1556 3615 periculo
1577 3539 1840 3613 peccandi
1855 3539 2184 3613 mortaliter,
2207 3541 2335 3614 quia

733 3642 1028 3713 peccatum
1068 3633 1203 3691 illud
1243 3631 1450 3689 ratione
1494 3629 1908 3688 consuetudinis
1946 3635 2094 3686 esset
2135 3643 2335 3701 pecca-

735 3736 857 3785 tum
885 3725 1133 3784 mortale.
1165 3725 1233 3781 Et
1262 3738 1392 3780 cum
1419 3721 1687 3794 designari
1712 3737 1820 3777 nou
1857 3722 2032 3794 possit
2067 3737 2334 3780 numerus

735 3823 992 3889 actuum,
1023 3817 1077 3872 in
1105 3831 1216 3889 quo
1245 3813 1352 3871 tale
1377 3819 1670 3886 peccatum
1707 3813 1932 3886 incipiat
1956 3829 2077 3872 esse
2104 3812 2332 3871 mortale

735 3911 946 3967 ratione
973 3906 1303 3980 frequentiae
1335 3920 1432 3961 seu
1467 3903 1908 3976 consuetudinis,
1932 3905 2185 3977 sequitur
2202 3919 2334 3977 pec·

741 4000 856 4057 cari
881 3997 1186 4055 mortaliter
1212 4009 1280 4052 ex
1305 3996 1358 4051 vi
1397 3993 1519 4052 talis
1547 3994 1992 4067 consuetudinis,
2021 4001 2079 4052 et
2104 3994 2335 4068 periculi

738 4085 1088 4164 perveniendi
1124 4084 1191 4143 ad
1219 4099 1509 4143 numerum
1535 4089 1794 4155 actuum,
1823 4084 1874 4141 in
1915 4100 2028 4158 quo
2064 4091 2333 4157 peccatur

737 4178 1056 4238 mortaliter.
1069 4177 1416 4249 Consequens
1445 4180 1630 4231 autem
1655 4181 1742 4232 est
1769 4174 2249 4248 absurdissimum,
2278 4181 2335 4232 et

741 4277 938 4328 contra
965 4283 1185 4326 sensum
1223 4267 1398 4323 totius
1420 4265 1722 4338 Ecclesiae,
1745 4269 1800 4322 et
1828 4266 2070 4322 omnium
2090 4267 2331 4337 piorum,

741 4368 799 4420 et
823 4366 1016 4417 contra
1053 4372 1243 4415 omnes
1281 4355 1567 4426 doctores,
1597 4355 1692 4428 qui
1727 4354 1888 4412 etiam
1925 4354 1978 4410 in
2018 4355 2241 4412 materia
2266 4353 2333 4412 de

738 4453 1053 4510 iuramento
1104 4447 1325 4519 dicunt,
1375 4443 1826 4503 consuetudinem
1871 4443 2088 4502 iurandi
2139 4461 2333 4502 verum

735 4543 928 4603 leviter
967 4551 1024 4599 et
1060 4539 1176 4596 sine
1215 4553 1386 4595 causa
1423 4553 1534 4593 non
1574 4537 1914 4593 constituere
1962 4536 2237 4593 bominem
2276 4537 2331 4592 in

738 4641 882 4694 statu
911 4633 1122 4706 peccati
1153 4628 1433 4703 mortalis,
1463 4635 1520 4686 et
1554 4627 1700 4686 idem
1735 4626 1929 4684 dicunt
1963 4627 2031 4684 de
2071 4625 2202 4683 ludo
2239 4643 2332 4683 su·

735 4718 972 4802 pertitio,
1003 4739 1112 4780 non
1140 4727 1318 4779 tamen
1342 4721 1677 4793 pernicioso,
1702 4723 1759 4775 ct
1779 4717 1892 4774 aliis
1915 4716 2203 4774 similibus.
2222 4719 2330 4775 Ra-

737 4817 811 4875 tio
838 4829 968 4872 vero
995 4829 1028 4870 a
1055 4812 1221 4886 priori
1248 4816 1354 4883 est,
1385 4810 1511 4885 quia
1545 4807 1892 4866 consuetudo
1933 4807 2197 4880 peccandi
2236 4823 2328 4866 ve-

737 4905 953 4964 nialiter
977 4918 1076 4976 per
1103 4917 1160 4958 se
1187 4900 1368 4958 solum
1396 4905 1560 4974 auget
1583 4900 1860 4957 extensive
1885 4913 2177 4955 numerum
2203 4915 2331 4972 pec·

739 5005 994 5056 catorum
1023 4991 1335 5064 venialium,
1367 4998 1423 5050 et
1447 4990 1817 5050 voluntarium
1855 4990 1906 5044 in
1935 4989 2327 5061 posterioribus

737 5088 1015 5163 peccatis;
1055 5099 1122 5140 ex
1149 5089 1347 5140 neutro
1373 5088 1555 5139 autem
1584 5085 1910 5153 argumento
1937 5083 2118 5151 potest
2143 5078 2326 5153 colligi

722 5183 1029 5253 ¹peccatum
1057 5173 1316 5245 mortale,
1346 5173 1477 5247 quia
1503 5171 1676 5230 multa
1701 5178 1935 5244 peccata
1959 5169 2187 5228 venialia
2214 5187 2322 5229 non

733 5269 944 5328 faciunt
969 5279 1142 5325 unum
1169 5261 1427 5339 mortale,
1457 5267 1522 5321 ut
1545 5276 1614 5320 ex
1645 5265 1693 5321 1.
1725 5266 1782 5322 2.
1813 5275 1870 5335 p.
1913 5275 2193 5334 suppono,
2224 5275 2328 5320 nec

2204 329 2409 382 unm
2434 329 2544 382 m.

2411 457 2585 516 maior
2610 457 2863 520 voluntas
2894 457 3100 520 sufficit
3124 457 3193 520 ad
3218 467 3512 536 peccatum
3540 463 3793 536 mortale,
3818 465 3865 524 si
3892 481 4013 526 ma-

2412 551 2571 625 teria,
2602 551 2903 622 obiectum,
2934 558 2989 610 et
3016 552 3149 611 aliae
3188 553 3637 612 circumstantiae
3674 559 3887 629 peccati
3916 573 4014 616 ea-

2412 639 2535 698 dem
2562 648 2725 713 sunt,
2756 649 2819 700 ut
2846 643 2897 700 in
2936 644 3205 716 praesenti
3242 645 3621 717 supponimus.
3651 647 4011 706 Consuetudo

2410 745 2544 804 ergo
2572 747 2683 789 non
2712 733 2969 792 transfert
3002 741 3195 792 actum
3230 733 3299 791 de
3324 736 3521 793 veniali
3560 736 3613 793 in
3650 737 3899 795 mortale.
3934 740 4013 798 Et

2408 823 2487 880 ita
2512 822 2633 881 inde
2661 826 2821 883 etiam
2848 825 3227 899 concluditur,
3261 842 3495 900 peccare
3516 843 3582 886 ex
3604 829 4011 887 consuetudine

2408 929 2521 970 non
2548 929 2671 972 esse
2698 931 2931 988 peccare
2952 933 3019 974 ex
3048 923 3390 990 contemptu.
3405 920 3592 993 Neque
3614 921 3925 980 Bernardus
3950 921 4010 979 id

2410 1001 2559 1076 dixit,
2594 1005 2689 1062 sed
2717 1005 2895 1078 potius
2924 1007 3079 1080 dixit,
3110 1015 3489 1082 contemptum
3518 1010 3696 1070 solere
3723 1027 3845 1070 esse
3869 1029 4011 1072 cau-

2410 1109 2527 1150 sam
2553 1097 2989 1171 consuetudinis,
3019 1105 3076 1156 et
3099 1105 3235 1157 tunc
3264 1116 3457 1159 verum
3484 1108 3605 1174 est,
3638 1110 3825 1160 actum
3851 1103 3917 1160 de
3946 1121 4013 1163 se

2408 1186 2671 1246 venialem
2718 1203 2881 1260 posse
2929 1190 3043 1248 fieri
3091 1191 3379 1250 mortalem
3428 1208 3536 1249 non
3577 1194 3787 1251 ratione
3827 1194 4007 1252 solius

2410 1277 2849 1353 consuetudinis,
2879 1279 2978 1338 sed
3016 1281 3225 1364 ratione
3266 1288 3645 1356 contemptus,
3676 1300 3709 1340 a
3737 1299 3848 1358 quo
3874 1301 4007 1359 pro·

2408 1367 2583 1426 cedit.

2484 1461 2538 1514 6.
2568 1457 2757 1516 Dices:
2786 1459 3131 1518 consuetudo
3152 1460 3389 1534 furandi,
3414 1463 3627 1520 etiamsi
3652 1464 3865 1538 singula
3884 1459 3909 1521 f
3912 1481 4011 1522 ur-

2408 1551 2465 1602 ta
2488 1545 2628 1604 levia
2656 1550 2786 1620 sint,
2816 1552 3105 1609 constituit
3128 1558 3420 1623 peccatum
3447 1553 3701 1628 mortale,
3726 1561 3786 1611 ut
3814 1571 4009 1612 omnes

2406 1635 2666 1696 fatentur.
2691 1637 2951 1714 Idemque
2978 1646 3082 1712 est,
3108 1643 3152 1698 si
3182 1649 3375 1699 contra
3403 1643 3578 1717 legem
3606 1645 3895 1716 positivam
3916 1654 4001 1702 ta·

2405 1733 2625 1785 xantem
2654 1729 2885 1800 pretium
2912 1730 3107 1805 aliquis
3133 1731 3451 1806 frequenter
3476 1732 3757 1808 delinquat
3786 1735 4003 1810 leviter,

2406 1815 2604 1891 aliquid
2646 1835 2876 1890 parvum
2920 1820 3065 1879 ultra
3104 1823 3313 1879 iustum
3361 1825 3601 1895 pretium
3652 1827 4001 1898 accipiendo.

2403 1905 2539 1963 item
2588 1908 2933 1967 consuetudo
2980 1911 3422 1970 communicandi
3462 1912 3694 1972 civiliter
3733 1932 3867 1974 cum
3904 1933 4003 1976 ex·

2406 1999 2817 2056 communicato
2855 2007 2945 2058 est
2979 2009 3272 2073 peccatum
3316 2004 3540 2062 mortale
3568 2045 3585 2078 ,
3629 2004 3757 2063 licet
3797 2007 4001 2081 singuli

2405 2091 2567 2143 actus
2594 2090 3040 2148 communicandi
3066 2108 3165 2164 per
3193 2109 3253 2149 se
3272 2097 3500 2167 sumpti,
3526 2096 3634 2153 sint
3653 2105 3883 2169 peccata
3909 2115 4009 2156 ve·

2406 2176 2587 2251 nialia3
2616 2194 2754 2252 ergo
2780 2180 2923 2238 idem
2952 2185 3057 2240 erit
3095 2186 3151 2240 in
3179 2185 3453 2243 omnibus.
3481 2186 3845 2261 Respondeo,
3876 2192 3921 2246 si
3947 2191 4005 2248 in

2405 2266 2485 2324 bis
2512 2275 2567 2326 et
2592 2270 2861 2328 similibus
2886 2273 3109 2331 casibus
3138 2274 3355 2333 tandem
3401 2278 3761 2336 committitur
3790 2296 3995 2354 pecca-

2405 2365 2522 2417 tum
2548 2361 2801 2435 mortale,
2831 2377 2937 2418 non
2966 2371 3050 2422 est
3070 2365 3272 2422 ratione
3294 2371 3665 2439 contemptus,
3692 2375 3755 2426 ut
3773 2377 3995 2429 constat

2402 2465 2469 2507 ex
2494 2449 2655 2506 dictis
2696 2456 2753 2508 et
2790 2453 3019 2526 ratione,
3050 2454 3177 2528 quia
3215 2462 3447 2528 possunt
3486 2456 3682 2531 singuli
3728 2465 3891 2518 actus
3926 2477 3999 2520 ex

2400 2540 2592 2599 eodem
2622 2545 2825 2600 motivo
2854 2561 2955 2602 seu
2976 2545 3177 2604 affectu
3200 2555 3297 2604 aut
3314 2548 3561 2618 passione
3586 2549 3721 2620 fieri,
3745 2557 3809 2608 ut
3832 2567 4005 2624 expe·

2401 2631 2595 2688 rientia
2621 2639 2873 2692 constare
2902 2642 3083 2707 potest
3108 2637 3162 2694 in
3193 2639 3375 2708 parvis
3403 2637 3585 2710 furtis;
3620 2639 3989 2713 multiplican-

2402 2726 2493 2779 tur
2518 2723 2659 2779 enim
2690 2739 2756 2781 ex
2782 2724 2972 2782 eadem
3008 2725 3306 2798 cupiditate
3344 2729 3461 2784 sine
3498 2735 3819 2802 contemptu
3842 2771 3858 2804 ,
3894 2731 3993 2789 sed

2402 2811 2582 2884 potius
2617 2829 2683 2870 ex
2725 2814 2965 2888 quadam
3006 2817 3059 2872 vi
3100 2817 3395 2889 passionis,
3442 2824 3499 2875 et
3538 2819 3817 2878 interdum
3858 2838 3995 2880 cum

2402 2901 2639 2975 quadam
2668 2905 2989 2977 imperfecta
3015 2906 3357 2979 displicentia
3376 2949 3393 2981 ,
3421 2914 3477 2966 et
3502 2910 3735 2982 simplici
3764 2911 3991 2986 affectu,

2404 3007 2501 3050 seu
2527 2992 2794 3052 velleitate
2822 2997 3073 3054 servandi
3098 2997 3297 3073 legem.
3326 3001 3461 3057 Item
3490 3000 3535 3056 si
3562 3016 3659 3073 per
3686 3000 3833 3060 illam
3860 3019 3996 3061 con·

2400 3085 2747 3142 suetudinem
2788 3088 3103 3158 pervenitur
3141 3089 3211 3146 ad
3248 3097 3547 3162 peccatum
3586 3092 3856 3166 mortale,
3887 3111 3997 3151 non

2400 3179 2486 3230 est
2530 3177 2777 3247 praecise
2824 3191 2889 3233 ac
2947 3177 3249 3237 formaliter
3300 3180 3508 3237 ratione
3556 3181 3999 3258 consuetudinis,

2401 3265 2601 3339 alioqui
2638 3267 2694 3322 in
2724 3268 2870 3325 omni
2898 3269 3293 3327 consuetudine
3320 3269 3461 3328 idem
3486 3278 3665 3346 esset;
3697 3273 3849 3348 quod
3876 3274 3995 3347 pla·

2402 3371 2469 3414 ne
2496 3355 2693 3413 falsum
2716 3364 2825 3432 est,
2858 3363 2921 3414 ut
2946 3359 3176 3416 ostendi.

2477 3447 2537 3504 ln
2564 3449 2741 3519 primo
2762 3463 2895 3524 ergo
2916 3464 3052 3507 casu
3076 3449 3143 3508 de
3168 3450 3331 3507 furtis
3358 3450 3563 3510 levibus
3584 3450 3704 3509 ideo
3724 3458 3831 3525 est,
3854 3455 3987 3527 quia

2402 3538 2633 3595 materia
2666 3538 3113 3612 praecedentium
3154 3541 3429 3600 furtorum
3468 3543 3729 3602 retinetur
3766 3561 3989 3619 semper

2402 3633 2600 3686 contra
2624 3629 2871 3686 eamdem
2899 3629 3073 3704 legem
3098 3672 3114 3702 ,
3154 3638 3211 3689 et
3248 3647 3463 3706 semper
3502 3641 3735 3708 augetur
3770 3652 3871 3708 per
3898 3654 3989 3694 se-

2401 3718 2623 3793 quentia
2651 3719 2829 3794 furta3
2859 3727 2915 3779 et
2941 3722 3012 3780 ita
3036 3721 3251 3780 tandem
3278 3725 3594 3796 pervenitur
3632 3725 3701 3783 ad
3742 3727 3991 3802 aliquod,

2402 3810 2457 3866 in
2482 3825 2595 3883 quo
2622 3809 2750 3867 licet
2776 3813 2997 3870 materia
3024 3829 3285 3886 praesens
3313 3813 3430 3872 sola
3464 3816 3532 3872 sit
3558 3815 3691 3873 levis
3708 3857 3724 3889 ,
3756 3819 3996 3876 coniun-

2402 3907 2493 3958 cta
2528 3899 2979 3974 praecedentibus
3020 3905 3309 3962 constituit
3344 3921 3509 3964 unam
3545 3909 3831 3966 materiam
3870 3925 3995 3984 gra·

2402 4005 2554 4064 vem,
2584 3998 2640 4048 et
2665 3993 2740 4049 ita
2784 3999 2871 4050 est
2904 3993 3037 4051 illud
3074 4003 3367 4068 peceatum
3406 3997 3633 4056 mortale
3661 4040 3677 4072 ,
3716 4009 3995 4074 quantum

2402 4087 2581 4140 estex
2621 4089 2773 4154 parte
2810 4083 3090 4142 materiae.
3131 4085 3285 4143 Unde
3324 4087 3488 4145 etiam
3528 4095 3747 4160 oportet
3782 4131 3801 4157 .,
3836 4097 3902 4148 ut
3926 4107 3997 4149 ex

2400 4177 2556 4243 parte
2583 4175 2869 4244 peccantis
2905 4174 3157 4232 voluntas
3194 4175 3402 4233 feratur
3440 4177 3623 4251 aliquo
3652 4178 3817 4238 modo
3846 4181 3901 4238 in
3932 4182 3995 4240 il-

2404 4257 2509 4318 lam
2540 4265 2817 4320 materiam
2858 4271 2925 4321 ut
2958 4278 3181 4338 gravem
3208 4271 3265 4323 et
3290 4274 3677 4342 congregatam
3704 4286 3774 4328 ex
3802 4271 3995 4329 multis

2404 4351 2643 4426 levibus,
2686 4359 2745 4410 et
2781 4359 2917 4411 tunc
2954 4356 3206 4428 peccabit
3240 4356 3548 4415 mortaliter
3572 4359 3785 4418 ratione
3812 4369 3990 4420 mate-

2404 4442 2513 4499 riae
2550 4443 2751 4515 gravis.
2796 4444 3023 4512 Quando
3062 4453 3244 4504 autem
3284 4449 3541 4506 materiae
3578 4449 3725 4508 leves
3765 4468 3877 4510 nou
3910 4456 3991 4512 ita

2402 4532 2754 4607 copulantur,
2770 4529 3147 4608 multiplicatio
3176 4538 3463 4596 venialium
3488 4555 3597 4598 non
3627 4541 3799 4600 efficit
3820 4559 3993 4602 unum

2402 4633 2700 4697 peccatum
2734 4625 3003 4700 mortale,
3032 4633 3099 4684 ut
3141 4628 3245 4685 late
3281 4627 3678 4688 declaravimus
3709 4633 3761 4689 in
3792 4633 3887 4691 lib.
3920 4637 3987 4692 V.

2400 4713 2471 4774 de
2496 4723 2659 4790 voto,
2688 4732 2813 4790 cap.
2848 4721 2909 4786 5,
2944 4718 3035 4775 ubi
3072 4715 3141 4776 de
3176 4719 3572 4778 consuetudine
3612 4727 3994 4784 committendi

2399 4805 2545 4864 leves
2570 4807 3031 4882 transgressiones
3050 4811 3162 4866 voti
3182 4809 3351 4869 locuti
3372 4827 3588 4884 sumus,
3608 4812 3984 4890 diximusque,

2396 4896 2645 4956 eamdem
2665 4913 2785 4956 esse
2812 4902 3079 4958 rationem
3104 4897 3171 4957 de
3206 4899 3345 4974 lege.
3376 4903 3563 4975 Neque
3599 4903 3801 4971 refert.
3832 4907 3985 4979 quod

2401 4993 2533 5046 tunc
2560 4987 2815 5046 videatur
2852 4989 2969 5046 finis
3010 4989 3143 5064 legis
3178 5005 3246 5048 ac
3275 4991 3383 5048 voti
3422 4993 3679 5051 frustrari
3716 4998 3891 5069 magis
3920 5012 3989 5054 ac

2398 5078 2597 5152 magis,
2628 5094 2695 5136 ac
2745 5077 2975 5136 subinde
3009 5080 3247 5153 graviter
3296 5081 3431 5139 laedi
3477 5098 3575 5155 per
3622 5083 3815 5156 plures
3864 5086 3995 5144 illos

2397 5177 2585 5242 actus,
2617 5183 2685 5226 ex
2724 5167 2813 5225 illo
2852 5170 2995 5226 enim
3024 5177 3317 5244 augmento
3354 5187 3463 5229 non
3492 5175 3779 5249 consurgit
3808 5193 3988 5236 unum

2395 5265 2689 5335 peccatum
2710 5258 2963 5336 mortale,
2986 5259 3085 5320 sed
3105 5260 3395 5341 multitudo
3416 5263 3728 5340 venialium,
3752 5274 3819 5326 ut
3836 5269 3993 5326 mul-
