4325 6267
1850 246 1861 275 t

858 365 982 429 354

772 510 1040 577 potestate
1087 504 1384 579 legislativa
1430 520 1547 565 esse
1592 507 1889 580 profectam
1912 550 1929 583 ,
1967 515 2025 567 et
2070 510 2354 569 continere

728 644 737 651 .
776 609 965 659 actum
993 600 1143 670 eius,
1184 597 1313 655 alias
1342 614 1449 656 non
1478 600 1586 657 erit
1612 598 1892 658 sufficiens
1920 600 2137 675 signum
2165 601 2355 661 volun-

771 692 900 750 tatis
936 689 1190 762 principis
1216 686 1420 745 ferendi
1447 684 1621 762 legem
1642 730 1657 761 ,
1696 689 1780 747 vel
1808 689 2079 765 obligandi
2107 692 2352 750 subditos

2233 384 2434 435 mmm
2463 385 2558 435 1v.

2422 510 2703 571 naturalis.
2729 513 2800 571 Ut
2839 514 2888 571 in
2931 512 3020 571 illo
3062 515 3236 588 capite
3275 516 3564 577 consultus
3597 519 3700 579 fuit
3725 520 4005 595 Pontifex,

2424 620 2492 660 an
2533 603 2696 661 verba
2735 606 2844 662 sint
2883 608 3186 664 necessaria
3220 606 3288 665 ad
3317 611 3742 669 matrimonium.
3767 612 4018 685 Respon-

2421 693 2514 751 det
2552 700 2734 751 autem
2755 736 2770 767 ,
2807 698 3212 757 matrimonium
3253 708 3448 757 mutuo
3487 717 3758 759 consensu
3799 703 4018 776 pertici,

770 782 1051 839 communi
1098 785 1155 836 et
1201 778 1375 836 stabili
1424 778 1555 852 legis
1601 779 1955 855 obligatione3
2002 782 2149 856 quod
2193 784 2244 840 in
2273 798 2356 841 se-
2421 786 2732 843 necessaria
2760 794 2940 844 autem
2967 802 3089 843 esse
3114 788 3279 846 verba
3299 799 3569 863 quantum
3591 791 3657 848 ad
3681 792 4012 849 Ecclesiam.

766 872 954 947 quenti
984 876 1193 944 puncto
1220 867 1608 928 declarabitur.

844 966 902 1020 2.
932 960 1065 1019 Hinc
1111 960 1257 1017 enim
1294 958 1576 1017 suboritur
1602 959 1829 1019 dubium
1858 978 2027 1037 supra
2056 969 2350 1021 tractatum

766 1052 835 1111 de
864 1052 983 1126 lege
1009 1050 1187 1123 civili,
1229 1065 1297 1106 an
1336 1050 1599 1122 epistolae
1627 1052 1928 1123 pontificiae
1956 1054 2105 1127 leges
2132 1052 2351 1111 canoni-

764 1159 861 1201 cas
886 1141 1182 1213 inducant,
1212 1142 1473 1213 quoniam
1500 1140 1553 1197 in
1582 1141 1661 1198 eis
1688 1141 2019 1216 respondent
2045 1142 2112 1201 ad
2143 1144 2351 1216 specia-

764 1233 845 1291 les
888 1231 1348 1305 interrogationes
1393 1236 1490 1289 aut
1536 1232 1983 1291 consultationes.
2027 1234 2350 1292 Canonistae

760 1326 908 1383 enim
947 1322 1215 1380 interdum
1240 1320 1513 1394 indicant,
1554 1322 1686 1380 haec
1725 1338 1985 1397 responsa
2023 1324 2348 1381 Pontificum

762 1432 873 1475 non
910 1414 1263 1474 introducere
1289 1411 1495 1486 legem,
1524 1412 1662 1469 Abb.
1698 1414 1751 1470 in
1778 1429 1831 1471 c.
1876 1417 2051 1483 Tuae,
2087 1414 2154 1471 de
2183 1430 2348 1487 spon-

746 1506 865 1565 sal.
889 1522 1042 1563 num.
1072 1510 1128 1575 3,
1158 1509 1215 1561 ει
1240 1504 1311 1560 ibi
1338 1503 1496 1561 Alex.
1526 1502 1594 1560 de
1619 1505 1770 1562 Nevo
1798 1521 1856 1563 n.
1888 1510 1978 1577 15,
2000 1513 2056 1563 et
2082 1509 2343 1579 Praepos.

759 1614 821 1657 n.
850 1603 905 1656 4.
939 1596 1007 1653 ad
1037 1600 1099 1671 73
1138 1611 1261 1653 nam
1288 1609 1562 1668 exponens
1590 1593 1740 1652 illum
1770 1603 2016 1672 textum,
2047 1598 2341 1671 dicentem,

758 1688 927 1745 verba
960 1702 1081 1744 esse
1117 1684 1183 1744 de
1224 1686 1551 1742 necessitate
1579 1688 1906 1745 matrimonii
1935 1688 2117 1763 quoad
2150 1688 2346 1747 Eccle-

756 1778 917 1852 siam,
945 1774 1097 1848 dicit,
1119 1791 1229 1832 non
1254 1772 1607 1833 introducere
1636 1774 1833 1850 legem,
1850 1777 1976 1851 quia
2006 1777 2191 1836 solum
2212 1794 2346 1836 con-

756 1868 889 1925 tinet
932 1881 1259 1940 responsum
1304 1866 1573 1924 Pontifieis
1627 1865 1700 1923 ad
1744 1867 2011 1941 privatam
2060 1869 2341 1927 consulta-

756 1960 981 2017 tionem.

836 2054 891 2107 3.
926 2049 1208 2107 Contraria
1241 2062 1371 2105 vero
1408 2048 1671 2106 sententia
1695 2062 1823 2107 vera
1862 2056 1977 2122 est,
2016 2066 2049 2108 a
2074 2066 2188 2125 qua
2213 2050 2342 2111 dicti

658 2128 663 2133 ’
758 2144 1018 2196 auctores
1044 2154 1153 2196 non
1180 2138 1531 2211 dissentiunt;
1556 2144 1641 2195 est
1662 2140 1803 2196 enim
1831 2147 1989 2198 certa
2012 2146 2067 2198 et
2092 2141 2233 2199 inter
2258 2144 2342 2199 iu-

2418 874 2573 934 Unde
2599 875 2866 950 colligunt
2885 877 3018 935 dicti
3042 878 3504 953 interpretes,per
3524 880 3660 940 illud
3683 898 4018 955 responsum

2418 980 2525 1021 non
2554 966 2834 1025 introduci
2863 984 3060 1025 novam
3090 968 3284 1043 legem,
3310 970 3512 1045 aliquid
3541 971 3607 1030 de
3633 988 3775 1031 novo
3803 972 4018 1044 praeci-

2418 1056 2654 1127 pientem
2675 1097 2690 1128 ,
2737 1058 2832 1115 sed
2875 1064 3086 1116 tantum
3115 1058 3382 1117 declarari
3411 1061 3725 1120 authentice
3754 1061 3830 1134 id,
3862 1061 4016 1135 quod

2419 1152 2576 1203 antea
2603 1154 2722 1204 erat
2747 1148 2834 1206 ius
2860 1147 3108 1207 divinum
3133 1166 3200 1207 ac
3227 1150 3508 1221 naturale,
3541 1150 3756 1209 scilicet
3783 1150 3853 1207 de
3881 1152 4014 1209 snb-

2417 1237 2618 1294 stantia
2640 1238 2962 1297 matrimonii
2987 1245 3202 1297 tantum
3221 1254 3343 1296 esse
3365 1246 3619 1298 mutuum
3643 1256 4008 1313 consensum,

2415 1327 2606 1401 utique
2651 1327 3049 1386 sufficientibus
3099 1330 3262 1404 signis
3309 1346 3628 1403 expressum
3646 1374 3661 1404 ,
3713 1331 3842 1405 qnia
3877 1332 4012 1389 alias

2413 1432 2522 1474 non
2547 1426 2734 1490 posset
2765 1434 2886 1477 esse
2913 1427 3164 1489 mutuus,
3196 1428 3254 1479 et
3281 1420 3444 1479 datus
3474 1422 3633 1480 simul
3663 1428 3718 1479 et
3747 1430 4009 1495 accepta-

2413 1513 2524 1565 tus.
2555 1507 2706 1567 Unde
2745 1511 2798 1566 in
2843 1512 2947 1568 boc
2991 1526 3156 1568 sensu
3184 1517 3337 1568 recte
3362 1512 3628 1585 inferunt,
3661 1512 3901 1571 noluisse
3931 1511 4007 1568 ibi

2411 1597 2726 1655 Pontificem
2757 1599 3109 1658 introducere
3130 1615 3328 1658 novam
3349 1600 3525 1675 legem
3547 1600 4004 1673 eeclesiasticam,

2410 1702 2524 1761 qua
2562 1689 2930 1762 praeciperet,
2975 1697 3035 1747 ut
3073 1690 3478 1748 matrimonium
3507 1692 3657 1748 fieret
3683 1707 3782 1763 per
3811 1691 4006 1764 verba,

2410 1776 2630 1851 quando
2649 1779 2760 1837 fieri
2781 1785 2978 1853 potest,
2993 1793 3168 1854 neque
3190 1782 3244 1836 in
3267 1779 3374 1837 hoc
3397 1796 3564 1837 sensu
3583 1781 3810 1856 dixisse,
3835 1783 4007 1839 verba

2409 1882 2535 1925 esse
2574 1870 2884 1927 necessaria
2925 1876 3149 1943 propter
3173 1870 3480 1928 Ecclesiam
3499 1914 3514 1945 ,
3543 1872 3675 1947 quia
3705 1870 3808 1928 boc
3840 1887 4001 1945 prae—

2410 1964 2634 2031 ceptum
2669 1960 3109 2019 ecclesiasticum
3136 1976 3248 2018 non
3271 1968 3391 2019 erat
3416 1967 3595 2035 antea,
3625 1978 3728 2019 nec
3758 1964 4009 2021 Pontifex

2410 2048 2482 2106 ibi
2511 2048 2643 2108 illud
2671 2051 2818 2123 ponit
2843 2050 2910 2108 de
2937 2068 3100 2125 novo,
3123 2066 3254 2110 cum
3283 2058 3494 2111 tantum
3514 2053 3848 2127 respondeat
3871 2069 4010 2111 con-

2411 2139 2712 2198 sultationi.
2739 2141 2894 2201 Unde
2935 2140 3304 2212 concludunt,
3345 2143 3522 2201 solum
3563 2143 3869 2216 explicasse
3909 2160 4008 2217 per

749 2230 1031 2302 risperitos
1065 2230 1409 2301 communis,
1441 2236 1498 2285 et
1525 2236 1675 2288 tenet
1698 2231 1889 2289 Glossa
1916 2233 1968 2288 in
1997 2246 2052 2289 c.
2082 2237 2182 2291 Ex
2207 2238 2334 2303 tua,
2405 2229 2498 2287 illa
2525 2231 2690 2289 verba
2715 2233 2976 2290 moralem
3003 2234 3408 2303 necessitatem,
3435 2248 3534 2290 seu
3563 2234 3858 2290 utilitatem
3887 2249 4010 2291 ver-

750 2320 819 2378 de
844 2319 920 2378 fil.
950 2319 1194 2397 presbyt.
1220 2318 1385 2376 verbo
1416 2318 1931 2389 consultationem,
1955 2322 2046 2378 uhi
2073 2324 2328 2381 Panorm.

750 2407 893 2468 idem
928 2410 1124 2482 sentit,
1164 2417 1224 2467 et
1260 2410 1426 2465 tacite
1451 2408 1701 2468 declarat
1728 2413 1965 2483 priorem
1994 2415 2338 2486 senteutiam,

748 2509 815 2558 ut
854 2502 1039 2557 statim
1077 2498 1277 2558 dicam.
1317 2497 1463 2556 ldem
1504 2500 1673 2557 Felin.
1719 2500 1875 2558 rubr.
1908 2500 1977 2560 de
2017 2504 2252 2577 rescrip.
2286 2504 2337 2560 in

750 2592 987 2664 princip.
1010 2605 1143 2649 cum
1168 2592 1329 2649 Rom.
1354 2605 1513 2647 cons.
1539 2595 1676 2665 260,
1704 2598 1761 2649 ει
1786 2591 2009 2649 Archid.
2039 2602 2097 2652 et
2122 2596 2335 2651 Domin.

749 2683 807 2738 in
833 2698 885 2739 c.
917 2682 1296 2755 lquorantia,
1336 2685 1428 2739 38.
1458 2679 1587 2741 dist.
1618 2684 1734 2739 lmo
1772 2682 1907 2740 iuris
1948 2685 2123 2742 civilis
2171 2688 2342 2743 inter-

749 2778 936 2849 pretes
976 2771 1147 2829 multo
1187 2770 1359 2844 magis
1398 2778 1607 2830 certam
1644 2779 1872 2831 censent
1895 2788 2017 2832 esse
2041 2774 2187 2833 hanc
2218 2792 2341 2833 sen·

750 2864 972 2923 tentiam
1008 2860 1075 2919 de
1113 2861 1357 2936 epistolis
1394 2862 1750 2935 Pontificum,
1795 2879 1962 2937 quam
1992 2864 2212 2939 legum,
2244 2872 2343 2924 aut

751 2956 1171 3029 imperatorum,
1202 2959 1268 3011 ut
1292 2958 1510 3010 constat
1534 2968 1602 3010 ex
1628 2955 1777 3012 Bart.
1809 2956 2045 3013 et'Paul.
2074 2958 2252 3014 castr.
2287 2958 2339 3013 in

750 3045 789 3103 l.
820 3054 870 3120 ι,
892 3044 1025 3103 Cod.
1050 3044 1117 3103 de
1145 3042 1308 3117 legib.
1341 3044 1535 3101 Iasone
1555 3051 1611 3101 et
1636 3044 1753 3102 aliis
1769 3086 1785 3119 ,
1816 3062 1959 3120 quos
1984 3048 2147 3104 retuli
2177 3063 2340 3121 supe-

748 3133 880 3195 riori
907 3136 1029 3193 libr.
1060 3151 1116 3193 c.
1139 3135 1277 3207 xlu.
1308 3133 1579 3192 Probatur
1604 3141 1789 3207 aperte
1817 3136 1952 3193 baec
1982 3138 2245 3195 sententia
2271 3153 2339 3196 ex

748 3244 806 3285 c.
845 3231 896 3301 1,
925 3226 1057 3284 dist.
1097 3228 1186 3297 19,
1215 3224 1367 3297 quod
1400 3232 1487 3281 est
1520 3222 1724 3282 Nicolai
1756 3226 1798 3281 1.
1833 3226 1888 3282 in
1916 3226 2078 3297 epist.
2118 3225 2187 3284 ad
2228 3228 2342 3300 epi·

752 3332 953 3391 scopos
992 3315 1193 3375 Galliae
1216 3358 1231 3387 ,
1272 3328 1414 3387 quae
1456 3313 1688 3372 babetur
1725 3314 1779 3371 in
1818 3316 1975 3372 tertio
2015 3322 2163 3375 tomo
2204 3318 2338 3375 Bibi.

752 3406 857 3467 Ubi
894 3407 945 3463 in
974 3404 1219 3463 eamdem
1247 3406 1573 3462 sententiam
1600 3402 1827 3462 adducit
1852 3409 2083 3465 Leonem
2111 3409 2152 3464 l.
2183 3408 2339 3480 epist.

758 3505 807 3559 1.
841 3499 897 3555 in
922 3498 1045 3568 tine,
1073 3502 1131 3553 et
1154 3493 1334 3553 Gelas.
1362 3495 1415 3551 in
1442 3510 1495 3551 ο.
1527 3496 1759 3553 Sancta
1782 3510 2057 3567 romana,
2087 3496 2215 3555 dist.
2249 3504 2337 3571 15,

750 3598 810 3649 et
834 3590 905 3649 ibi
930 3604 996 3645 ex
1025 3586 1270 3660 professo
1297 3586 1498 3658 probat
1521 3585 1698 3642 Nicol.
1738 3585 1845 3643 boe
1874 3601 1983 3643 non
2014 3588 2193 3645 solum
2221 3603 2341 3645 esse

748 3694 945 3739 verum
971 3674 1040 3734 de
1064 3674 1278 3750 epistol.
1294 3674 1347 3730 in
1367 3674 1485 3731 iure
1506 3676 1774 3733 canonico
1798 3678 2042 3750 insertis,
2062 3678 2159 3735 sed
2179 3679 2340 3751 etiam

749 3771 819 3828 de
855 3768 1106 3827 omnibus
1151 3766 1288 3823 aliis.
1321 3766 1480 3823 Ratio
1529 3771 1713 3823 autem
1751 3766 2031 3823 sufficiens
2059 3775 2182 3842 est,
2213 3770 2342 3843 quia

744 3860 1039 3923 Pontifices
1064 3856 1267 3935 habent
1291 3856 1675 3914 auctoritatem
1698 3854 1763 3913 ad
1786 3855 2033 3914 ferendas
2063 3857 2214 3931 leges
2235 3858 2339 3916 boc

740 3948 937 4023 modo,
954 3955 1011 4006 et
1034 3949 1249 4021 ipsimet
1272 3945 1640 4020 declararunt,
1655 3945 1760 4004 boc
1788 3962 1954 4004 sensu
1982 3954 2039 4008 et
2064 3948 2167 4006 bac
2189 3956 2342 4023 pote-

750 4048 893 4099 state
918 4054 1038 4096 esse
1060 4040 1296 4111 scriptas
1316 4036 1630 4095 huiusmodi
1650 4038 1909 4111 epistolas
1932 4037 2017 4095 vel
2042 4054 2332 4113 responsa.

751 4128 1034 4201 Quomodo
1073 4135 1255 4187 autem
1295 4127 1403 4184 hoc
1442 4126 1849 4202 intelligendum
1878 4133 1976 4201 sit,
2005 4129 2222 4204 etquid
2250 4147 2338 4189 re·-

752 4222 1035 4295 quiratur,
1066 4226 1127 4276 ut
1166 4216 1476 4275 huiusmodi
1500 4216 1761 4289 epistolae
1788 4219 1896 4275 vim
1925 4217 2055 4292 legis
2081 4219 2337 4296 habeant,

754 4305 973 4371 dicetur
1002 4305 1381 4382 respondendo
1410 4306 1476 4365 ad
1505 4310 1743 4380 priorem
1774 4310 2116 4367 sententiam.

830 4402 1001 4477 Igitur
1026 4397 1095 4457 ad
1123 4414 1247 4471 cap.
1284 4401 1473 4465 Rae,
1515 4395 1583 4454 de
1610 4398 1851 4471 sponsal.
1884 4398 2256 4472 respondetur
2281 4402 2337 4457 in

752 4478 977 4568 primis,
1022 4490 1205 4564 potius
1250 4504 1319 4547 ex
1361 4488 1457 4547 illo
1496 4488 1749 4561 probari,
1794 4489 2016 4564 quando
2044 4490 2337 4549 consultus

742 4582 1000 4643 ‘Pontifex
1031 4578 1353 4652 respondet,
1392 4576 1519 4636 illud
1546 4594 1869 4652 responsum
1900 4578 2096 4637 habere
2124 4582 2234 4638 vim
2263 4582 2341 4639 le-

752 4676 839 4749 gis
856 4718 871 4749 ,
910 4678 1181 4745 quatenus
1208 4669 1415 4727 directe
1442 4668 1737 4726 satisfaciat
1760 4669 2181 4743 consultationi,
2212 4670 2340 4729 licet

751 4762 1085 4823 consultatio
1121 4759 1333 4831 privata
1359 4758 1539 4816 fuerit.
1570 4757 1645 4815 Et
1670 4758 1777 4817 hoc
1806 4767 2147 4833 supponunt,
2177 4766 2235 4817 et
2261 4760 2338 4817 fa·

750 4860 941 4912 tentur
964 4852 1291 4922 interpretes
1312 4848 1455 4905 illius
1478 4854 1662 4906 textus
1686 4842 1855 4921 su'pra
1874 4848 2339 4923 aliegati.Addunt

753 4952 961 5015 tamen,
984 4957 1081 5014 per
1109 4932 1420 4997 huiusmodi
1446 4954 1709 5011 responsa
1728 4940 2053 4997 Pontificum
2072 4937 2142 4996 ad
2169 4940 2338 4996 inter·

752 5036 1065 5108 rogationes
1102 5030 1275 5088 factas
1314 5031 1466 5086 circa
1505 5029 1727 5103 antiqua
1765 5030 1887 5093 iura
1922 5045 2029 5086 non
2054 5028 2335 5087 introduci

755 5139 950 5181 novam
980 5124 1177 5195 legem,
1200 5135 1339 5193 quae
1368 5126 1525 5176 antea
1554 5119 1855 5177 constituta
1876 5135 1984 5176 non
2006 5119 2222 5193 fuisset,
2237 5119 2334 5177 sed

752 5215 936 5271 solum
965 5212 1459 5283 interpretationem
1488 5211 1629 5281 eius,
1658 5210 1725 5268 de
1750 5226 1859 5285 qua
1883 5210 2062 5267 fuerat
2087 5210 2332 5268 Pontifex

756 5304 1069 5381 consultus,
1096 5302 1207 5360 sive
1234 5300 1324 5360 illa
1352 5303 1418 5360 sit
1442 5300 1836 5383 ecclesiastica,
1867 5302 1975 5359 sive
2002 5300 2201 5374 divina,
2231 5308 2327 5359 aut

2407 2319 2604 2378 borum
2634 2322 2682 2378 in
2714 2324 3079 2393 matrimonio,
3109 2329 3170 2379 ut
3190 2322 3440 2381 Ecclesia
3461 2325 3664 2381 certior
3683 2322 3752 2381 de
3775 2322 3868 2380 illo
3889 2325 4004 2397 fiat,

2408 2412 2640 2484 eiusque
2667 2411 2952 2470 clariorem
2983 2412 3359 2485 probationem
3389 2412 3603 2471 habeat.

2483 2506 2537 2559 4.
2569 2502 2652 2558 Ex
2699 2503 2898 2576 quibus
2945 2509 3132 2576 aperte
3174 2509 3412 2569 constat,
3463 2517 3569 2560 non
3601 2518 3801 2577 negare
3826 2503 4004 2562 dictos

2407 2598 2667 2650 auctores
2687 2634 2702 2665 ,
2734 2592 3020 2665 epistolam
3059 2594 3387 2666 pontificiam
3417 2592 3614 2651 habere
3642 2596 3748 2651 vim
3786 2594 3921 2667 legis
3952 2596 4005 2651 in

2405 2698 2472 2739 eo
2489 2724 2504 2753 ,
2535 2684 2686 2757 quod
2714 2684 2991 2755 decernit,
3024 2682 3121 2741 sed
3149 2697 3454 2755 proponere
3479 2684 3724 2757 regulam
3751 2683 3824 2741 ad
3849 2684 4007 2741 intel-

2407 2771 2680 2847 ligandum
2721 2772 2854 2847 quid
2894 2773 3168 2830 decernat.
3193 2771 3473 2830 ordinarie
3509 2774 3649 2830 enim
3681 2772 4006 2831 huiusmodi

2405 2863 2667 2934 epistolae
2707 2864 3044 2921 continentes
3075 2877 3342 2936 responsa
3367 2862 3838 2921 consultationum
3868 2870 4008 2920 sunt

2407 2954 2589 3027 potius
2619 2953 2967 3022 declarativa,
2991 2968 3156 3027 quam
3178 2953 3530 3011 constitutiva
3549 2954 3708 3025 iuris,
3739 2956 3869 3027 quia
3893 2970 4005 3009 non

2408 3045 2547 3102 solet
2583 3044 2795 3102 consuli
2823 3043 3065 3102 Pontifex
3083 3084 3098 3113 ,
3129 3059 3196 3099 an
3223 3043 3427 3116 aliquid
3453 3044 3631 3101 facere
3661 3044 3868 3115 iubeat,
3897 3058 4004 3101 nec

2406 3151 2496 3209 ne,
2525 3134 2622 3193 sed
2651 3150 2717 3192 an
2748 3133 2949 3209 aliquid
2977 3133 3288 3191 faciendum
3317 3134 3384 3191 sit
3410 3134 3720 3192 seeundum
3745 3136 3834 3190 ius
3860 3132 4006 3192 divi·
4113 3150 4130 3163 ·

2406 3240 2539 3282 num
2564 3224 2834 3295 naturale,
2861 3223 2945 3281 vel
2973 3223 3041 3281 ab
3063 3222 3314 3282 Ecclesia
3341 3222 3444 3281 iam
3469 3225 3843 3281 statutum.Et
3863 3232 4003 3281 tunc

2407 3313 2783 3389 respondendo
2808 3314 3051 3374 Pontifex
3083 3315 3472 3387 interpretatur
3499 3317 3608 3388 ius,
3623 3316 3752 3372 etin
3777 3314 3884 3371 boc
3907 3314 4004 3370 ba-

2407 3406 2500 3464 bet
2537 3408 2656 3463 eius
2697 3406 2977 3481 responsio
3019 3406 3402 3464 auctoritatem
3440 3404 3573 3478 legis
3614 3403 3902 3479 obligantis
3929 3404 4003 3460 ad

2407 3496 2552 3554 illam
2579 3498 3072 3570 interpretationem
3103 3495 3389 3553 tenendam
3409 3536 3426 3568 ,
3455 3494 3538 3552 vel
3569 3495 3637 3554 ad
3665 3494 4002 3551 servandum

2409 3588 2698 3660 antiquum
2725 3588 2846 3662 ius,
2889 3585 3197 3646 seeundum
3225 3585 3372 3644 illam
3397 3586 3916 3657 interpretationem
3944 3594 4006 3642 et

2407 3674 2513 3734 hoc
2558 3683 2673 3750 est,
2723 3674 2871 3752 quod
2917 3678 2973 3733 in
3018 3676 3254 3734 decretis
3282 3690 3449 3749 supra
3475 3675 3712 3749 allegatis
3739 3675 3994 3733 docetur.

2406 3768 2524 3824 Non
2567 3774 2742 3825 tamen
2773 3767 2948 3825 solent
2973 3781 3072 3840 per
3099 3766 3229 3825 talia
3257 3780 3526 3838 responsa
3553 3764 3793 3822 condere
3817 3767 4000 3823 Ponti-

2405 3858 2534 3916 fices
2563 3873 2733 3915 novas
2761 3856 2930 3931 leges,
2954 3872 3063 3915 non
3095 3857 3222 3931 quia
3247 3872 3352 3914 non
3374 3856 3607 3929 possint,
3622 3846 3718 3913 sed
3737 3856 3867 3931 quia
3885 3872 3998 3913 non

2405 3947 2512 4005 hoc
2540 3954 2675 4005 tunc
2703 3953 2902 4023 agunt,
2941 3963 3044 4005 nec
3070 3946 3138 4006 de
3166 3948 3271 4004 boc
3297 3945 3511 4004 consuli
3538 3946 3736 4018 solent,
3767 3953 3831 4003 ut
3853 3945 3992 4005 dixi.

2407 4038 2462 4095 Si
2514 4044 2694 4095 tamen
2738 4036 3029 4095 occasione
3076 4042 3296 4109 sumpta
3329 4051 3396 4094 ex
3431 4036 3862 4110 consultatione,
3891 4036 4000 4108 ipsi

2405 4128 2574 4185 velint
2600 4142 2797 4185 novam
2830 4127 3002 4201 legem
3030 4125 3403 4201 introducere,
3421 4127 3538 4183 sine
3565 4124 3733 4183 dubio
3760 4132 4000 4198 possunt

2402 4218 2496 4275 illo
2527 4218 2702 4300 modp,
2721 4217 2776 4274 id
2803 4208 3012 4290 facere‘,
3043 4215 3340 4274 dummodo
3367 4217 3484 4273 suis
3511 4214 3692 4273 verbis
3729 4214 3835 4271 hoc
3879 4214 3997 4271 suf·

2401 4308 2642 4365 ficienter
2669 4306 2970 4364 declarent.

2483 4404 2536 4457 5.
2570 4397 2842 4466 Quocirca
2878 4392 3099 4469 quando
3136 4394 3399 4470 epistolae
3436 4410 3543 4453 non
3572 4401 3703 4453 sunt
3721 4394 3998 4467 responsi-

2404 4501 2504 4545 vae
2544 4486 2614 4545 ad
2652 4485 3108 4544 consultationem
3131 4526 3146 4557 ,
3176 4483 3272 4542 sed
3297 4484 3504 4544 directe
3531 4488 3767 4557 scriptae
3793 4484 3863 4542 ad
3889 4501 3996 4559 gu-

2402 4578 2798 4649 bernationem,
2826 4585 2961 4634 tunc
2990 4573 3204 4632 facilius
3231 4573 3430 4633 habere
3449 4582 3692 4649 possunt
3718 4576 3826 4633 vim
3856 4574 3994 4649 legis

2401 4668 2787 4726 constitutivae
2813 4666 2881 4723 de
2899 4682 3067 4739 novo,
3081 4664 3229 4740 qnod
3251 4681 3318 4722 ex
3341 4673 3528 4724 tenore
3551 4666 3844 4724 verborum
3865 4682 3994 4740 spe·

2404 4757 2663 4816 ctandum
2685 4764 2793 4815 est.
2807 4754 3190 4831 Adiungendae
3209 4757 3372 4815 etiam
3393 4763 3526 4814 sunt
3543 4757 3992 4814 circumstantiae

2401 4849 2685 4923 temporis,
2715 4856 2771 4905 et
2797 4848 2926 4916 loci,
2955 4855 3014 4904 et
3041 4845 3506 4921 personarum,ad
3536 4860 3674 4921 quas
3702 4846 3987 4920 scribitur,

2401 4937 2469 4995 ad
2497 4937 2901 5011 intelligendum
2918 4976 2934 5008 ,
2966 4952 3034 4994 an
3062 4936 3148 4993 lex
3173 4936 3244 4993 sit
3269 4936 3585 4994 universalis
3613 4952 3712 5009 pro
3740 4944 3856 4995 tota
3881 4938 3992 4995 Ec-

2400 5028 2588 5101 clesia,
2618 5026 2702 5085 vel
2731 5042 2830 5101 pro
2859 5027 3042 5100 aliqua
3069 5030 3280 5098 tantum
3309 5027 3613 5099 provincia,
3644 5034 3745 5083 aut
3771 5026 3990 5085 dioece-

2401 5120 2465 5176 si.
2485 5120 2728 5193 Denique
2755 5117 3123 5175 necessarium
3151 5123 3256 5190 est,
3272 5123 3336 5173 ut
3363 5116 3482 5173 talis
3501 5117 3730 5189 epistola
3749 5132 3850 5191 per
3874 5123 3990 5174 tra·

2398 5209 2683 5279 ditionem,
2710 5207 2792 5265 vel
2821 5207 3238 5265 declarationem
3267 5208 3633 5280 posteriorum
3663 5208 3986 5266 Pontificum

2400 5298 2735 5357 sufficienter
2779 5300 2852 5357 sit
2897 5304 3056 5374 nota,
3100 5304 3155 5355 et
3194 5299 3249 5356 in
3275 5299 3604 5356 auctoritate
3635 5296 3846 5373 babita3
3878 5296 3984 5357 hoc
