4325 6267
1837 378 2047 427 CAPUT
2075 380 2203 427 xn.

388 510 600 567 mittere
630 509 713 566 vel
734 508 1110 579 indifferentia,
1135 524 1274 581 quae
1296 524 1403 564 non
1426 506 1696 580 prohibet,
1716 503 1799 562 vel
1822 505 1987 571 bona,

388 615 531 672 quae
573 600 867 672 approbat,
898 600 1023 656 licet
1050 614 1157 655 non
1185 598 1500 671 praecipiat,
1529 604 1727 654 neutra
1750 602 1836 652 est
1866 610 1990 666 pro-

388 689 506 763 pria
545 690 833 762 permissio
863 690 1048 761 legalis
1080 691 1180 765 (ut
1204 690 1282 746 sic
1310 687 1546 759 dicam),
1577 688 1705 761 quia
1732 687 1880 758 prior
1906 691 1992 741 est

388 796 529 852 pura
554 782 793 853 negatio,
811 779 1021 838 dicitur
1040 780 1182 836 enim
1207 795 1346 851 opus
1368 778 1693 849 indifferens,
1717 774 1863 849 quod
1886 789 1986 831 nec

387 871 723 943 praecipitur
742 913 757 941 ,
796 885 899 927 nec
929 869 1274 943 prohibetur,
1302 884 1403 925 nec
1430 870 1597 925 etiam
1625 866 1980 941 approbatur:

278 970 299 984 ⁷
386 960 661 1033 posterior
698 976 827 1018 vero
856 966 942 1017 est
968 959 1261 1032 plusquam
1288 958 1591 1031 permissio,
1626 958 1755 1032 quia
1782 962 1867 1013 est
1893 971 1985 1027 po-

388 1052 545 1107 sitiva
587 1050 907 1121 concessio,
950 1056 1013 1107 ut
1051 1064 1220 1123 supra
1260 1054 1469 1106 tactum
1496 1056 1603 1119 est,
1634 1054 1689 1106 et
1714 1046 1853 1103 infra
1877 1051 1987 1103 tra-

387 1141 591 1198 ctando
624 1139 695 1198 de
722 1142 843 1197 iure
863 1140 1110 1215 gentium
1138 1140 1300 1197 latius
1322 1140 1559 1197 dicatur.
1585 1137 1739 1205 Quod
1762 1138 1879 1193 siin
1902 1136 1989 1193 his

386 1233 627 1290 materiis
674 1231 1054 1289 consideretur
1083 1231 1168 1287 ius
1197 1231 1475 1303 naturale,
1508 1236 1775 1302 quatenus
1804 1227 1988 1298 dispo-

390 1327 501 1393 nit,
550 1322 830 1397 quomodo
867 1321 1220 1395 praestandae
1258 1323 1399 1391 sint,
1446 1326 1507 1377 ut
1533 1319 1758 1375 honeste
1788 1322 1845 1374 et
1875 1316 1990 1373 sine

388 1413 609 1472 macula
645 1414 804 1486 flant,
836 1414 943 1469 iam
972 1411 1105 1469 illud
1126 1412 1355 1485 pertinet
1377 1410 1441 1468 ad
1464 1410 1637 1484 legem
1661 1408 1989 1482 praecipien-

392 1514 501 1563 tem
546 1520 720 1562 unum
767 1503 992 1561 modum
1012 1544 1027 1575 ,
1055 1510 1113 1560 et
1141 1510 1412 1560 vetantem
1444 1502 1629 1572 alium,
1661 1502 1797 1557 utin
1828 1514 1990 1571 supe-

388 1595 623 1652 rioribus
676 1596 837 1651 etiam
880 1600 1089 1651 tactum
1123 1600 1244 1667 est,
1270 1599 1329 1650 et
1354 1591 1475 1651 ideo
1503 1590 1569 1649 de
1599 1590 1680 1648 his
1704 1589 1989 1650 effectibus

388 1684 515 1741 nihil
544 1682 851 1743 addendum
878 1686 1145 1742 occurrit.

476 1779 537 1833 2.
568 1774 760 1832 Solum
797 1790 927 1848 ergo
968 1779 1221 1847 superest
1245 1771 1657 1847 inquirendum,
1687 1770 1906 1846 quando
1934 1775 1990 1829 et

397 1866 680 1939 quomodo
714 1865 889 1939 possit
915 1866 1005 1921 ius
1032 1862 1277 1922 naturale
1304 1863 1503 1921 habere
1531 1865 1636 1921 vim
1664 1879 1773 1921 non
1802 1862 1987 1919 solum

397 1955 697 2029 obligandi,
721 1970 818 2012 seu
841 1954 1178 2027 prohibendi,
1206 1955 1303 2011 sed
1323 1955 1485 2011 etiam
1508 1952 1753 2011 irritandi
1774 1958 1985 2023 actum,

391 2046 487 2119 qui
515 2052 709 2103 contra
730 2044 893 2102 talem
920 2043 1297 2118 obligationem
1313 2045 1389 2102 fit.
1408 2043 1564 2113 Quod
1585 2044 1811 2102 dubium
1834 2058 1990 2115 prae·

392 2138 553 2210 cipue
594 2136 766 2193 habet
802 2135 985 2192 locum
1028 2136 1079 2191 in
1118 2135 1425 2209 praeceptis
1454 2135 1743 2208 negativis:
1773 2132 1992 2191 extendi

393 2241 527 2285 vero
561 2232 743 2299 potest
768 2224 836 2283 ad
864 2224 1207 2299 affirmativa,
1238 2232 1507 2301 quatenus
1534 2241 1603 2282 ex
1630 2224 1989 2298 consequenti

397 2317 691 2393 prohibent
731 2318 1004 2375 contraria
1032 2333 1244 2390 eorum,
1274 2332 1416 2391 quae
1441 2316 1801 2390 praecipiunt.
1833 2315 1990 2372 Ratio

399 2414 587 2465 autem
620 2408 900 2465 dubitandi
924 2416 1037 2481 est,
1068 2407 1196 2481 quia
1222 2408 1441 2465 irritare
1468 2424 1575 2464 non
1605 2414 1687 2464 est
1715 2408 1992 2480 praecipe·

391 2513 473 2570 re,
499 2498 595 2554 sed
618 2498 819 2571 sacere3
846 2498 929 2555 ius
952 2506 1136 2555 autem
1159 2497 1426 2571 naturale,
1442 2503 1505 2555 ut
1526 2500 1626 2570 sic,
1644 2497 1823 2554 solum
1846 2495 1993 2553 vide·

398 2594 492 2645 tur
519 2588 721 2647 habere
748 2590 857 2645 vim
885 2588 1265 2663 praecipiendi,
1288 2606 1395 2646 non
1419 2604 1547 2646 vero
1568 2588 1791 2646 tollendi
1818 2588 1989 2645 domi-

398 2677 573 2751 nium,
600 2694 655 2735 v.
681 2696 736 2751 g.
764 2679 850 2735 vel
872 2678 1099 2735 faciendi
1120 2678 1325 2752 aliquid
1344 2678 1533 2737 simile.
1557 2678 1874 2736 Confirmari
1897 2693 1990 2750 po-

402 2774 511 2825 test
539 2768 880 2843 inductione;
909 2784 1036 2826 nam
1067 2771 1153 2827 ius
1181 2777 1411 2827 naturae
1432 2769 1684 2842 prohibet
1704 2767 1992 2825 contrahe-

402 2874 463 2915 re
491 2860 905 2917 matrimonium
932 2866 1059 2932 post
1084 2860 1288 2917 sactum
1328 2866 1517 2917 votum
1560 2860 1862 2932 castitatis,
1906 2856 1993 2915 vel

404 2956 529 3022 post
568 2950 981 3023 promissionem
1020 2951 1354 3022 sponsalium
1392 2951 1594 3007 factam
1622 2949 1800 3021 alteri,
1827 2954 1885 3005 et
1911 2953 1992 3005 ta-

402 3057 526 3098 men
570 3043 982 3099 matrimonium
1021 3041 1269 3126 validum
1298 3048 1412 3099 est:
1445 3039 1694 3112 prohibet
1718 3042 1879 3097 etiam
1906 3038 1990 3095 lex

405 3140 637 3190 naturae
668 3132 901 3189 vendere
926 3149 1041 3189 rem
1062 3133 1207 3189 ultra
1228 3131 1433 3189 iustum
1456 3131 1709 3204 pretium,
1731 3136 1788 3187 et
1806 3129 1991 3186 nihilo-

406 3224 587 3279 minus
618 3223 739 3279 talis
766 3223 1001 3280 venditio
1029 3239 1137 3279 non
1158 3229 1251 3280 est
1277 3223 1427 3279 irrita
1452 3224 1568 3294 ipso
1596 3222 1715 3280 iure
1735 3228 1985 3293 naturae;

402 3328 539 3386 ergo
568 3312 709 3370 idem
738 3314 841 3370 erit
864 3316 918 3369 iu
949 3313 1201 3371 omnibus
1230 3311 1511 3370 similibus.
1535 3314 1673 3371 Nam
1693 3313 1991 3370 efficacitas

406 3402 541 3459 iuris
578 3410 811 3460 naturae
839 3402 1029 3461 eadem
1054 3410 1141 3461 est
1165 3404 1218 3460 in
1247 3403 1520 3476 omnibus,
1550 3419 1725 3477 neque
1754 3402 1991 3476 peculia-

407 3494 487 3550 ria
516 3494 680 3551 verba
710 3494 893 3569 habet,
923 3510 1020 3568 per
1048 3506 1189 3568 quae
1218 3493 1521 3567 prohibeat,
1549 3501 1612 3551 ut
1632 3500 1855 3565 propter
1875 3491 1990 3548 illo-

408 3600 534 3641 rum
574 3583 952 3642 diversitatem
993 3584 1276 3657 dicamus,
1320 3582 1608 3656 aliquando
1649 3583 1895 3657 irritare,
1937 3589 1992 3641 et

407 3692 513 3731 non
545 3690 780 3747 semper,
814 3681 876 3731 ut
903 3673 1010 3732 dici
1041 3681 1243 3747 potest,
1275 3675 1327 3731 in
1354 3676 1473 3731 iure
1501 3673 1750 3745 positivo.

488 3770 543 3824 3.
568 3765 925 3822 Nihilominus
947 3771 1158 3821 certum
1179 3770 1284 3835 est,
1309 3772 1472 3821 actus
1494 3763 1664 3820 factos
1686 3763 1987 3820 contraius

399 3855 647 3913 naturale
684 3855 975 3929 aliquando
1004 3870 1109 3911 non
1138 3855 1317 3911 solum
1345 3854 1539 3925 malos,
1564 3852 1661 3909 sed
1686 3854 1849 3911 etiam
1874 3853 1994 3910 irri-

400 3955 483 4004 tos
512 3963 653 4005 esse.
695 3948 815 4004 Hoc
844 3953 1110 4019 tanquam
1138 3952 1351 4003 certum
1382 3949 1697 4017 supponunt
1734 3952 1992 4001 auctores

400 4038 455 4093 in
495 4036 745 4111 pluribus
780 4035 1217 4111 quaestionibus,
1259 4050 1396 4109 quas
1437 4036 1491 4090 in
1529 4032 1845 4105 particulari
1882 4040 1993 4091 tra·

402 4135 587 4200 etant,
631 4133 693 4183 ut
732 4144 802 4184 an
831 4125 952 4184 talis
978 4134 1160 4200 actus,
1192 4142 1245 4181 v.
1277 4142 1333 4199 g.
1366 4132 1687 4182 contractus
1715 4124 1895 4181 sactus
1923 4138 1991 4179 ex

405 4224 579 4292 metu,
609 4218 887 4290 violentia,
917 4216 1062 4290 dolo,
1088 4216 1171 4275 vel
1192 4232 1319 4273 cum
1344 4216 1447 4273 alia
1475 4215 1778 4274 conditione
1806 4212 1988 4285 simili,

404 4308 475 4366 sit
502 4308 688 4366 nullus
714 4310 837 4368 iure
856 4316 1114 4383 naturae,
1145 4308 1229 4365 vel
1259 4312 1471 4365 tantum
1501 4308 1765 4381 positivo,
1791 4320 1993 4377 suppo-

405 4407 545 4456 nunt
578 4414 743 4472 ergo,
784 4414 851 4455 ex
892 4396 1130 4471 utroque
1160 4397 1339 4469 capite
1366 4412 1525 4470 posse
1552 4396 1749 4453 habere
1778 4392 1990 4451 nullita-

404 4495 535 4546 tem.
566 4489 840 4547 Probatur
864 4486 1056 4545 deinde
1082 4486 1339 4559 exemplis
1357 4528 1373 4561 ,
1404 4503 1527 4544 nam
1550 4483 1855 4543 secundum
1878 4500 1993 4543 ma-

402 4581 717 4638 trimonium
759 4579 999 4651 sactum,
1029 4579 1245 4636 vivente
1285 4578 1451 4651 priori
1479 4577 1745 4651 coniuge,
1776 4592 1845 4635 ex
1868 4578 1990 4635 iure

404 4677 636 4728 naturae
672 4669 887 4728 nullum
914 4676 1021 4728 est.
1051 4668 1197 4727 Idem
1226 4673 1313 4727 est
1340 4684 1529 4726 verum
1554 4666 1621 4725 de
1652 4668 1993 4725 matrimonio

406 4778 463 4819 v.
492 4778 551 4835 g.
584 4762 725 4819 inter
752 4761 981 4835 fratres,
1010 4766 1068 4817 et
1092 4759 1274 4817 adhuc
1303 4759 1512 4815 certius
1538 4758 1677 4816 inter
1704 4764 1914 4831 patrem
1939 4764 1997 4815 et

409 4851 606 4922 tiliam3
638 4858 965 4909 contractus
992 4850 1150 4909 etiam
1180 4852 1472 4921 usurarius
1514 4850 1631 4906 iure
1665 4855 1894 4906 naturae
1921 4849 1993 4906 ir-

406 4944 555 4999 ritus
596 4957 697 4999 seu
736 4942 924 5002 nullus
963 4948 1079 5016 est,
1124 4940 1307 5015 quoad
1347 4956 1547 4999 usurae
1596 4940 2011 5013 obligationem,

406 5030 551 5087 idem
587 5037 676 5088 est
711 5032 779 5089 de
812 5039 1107 5090 contractu
1134 5032 1281 5089 sacto
1322 5047 1417 5104 per
1446 5030 1631 5089 dolum
1660 5046 1910 5105 gravem,
1940 5038 1997 5087 et

410 5120 605 5179 similia
630 5128 763 5179 sunt
786 5122 980 5180 multa.
1009 5125 1081 5182 Ut
1105 5128 1291 5180 autem
1316 5121 1579 5180 rationem
1600 5120 1917 5194 reddamus,
1940 5126 1997 5177 et

409 5212 620 5287 priores
659 5212 989 5271 obiectiones
1030 5213 1337 5286 solvamus,
1380 5198 1597 5287 oportet
1624 5213 1872 5286 regulam
1900 5211 1999 5269 ali-

410 5318 577 5378 quam
599 5305 879 5377 assignare
905 5301 970 5361 ad
994 5302 1441 5378 cognoscendum
1462 5303 1681 5380 quando
1703 5308 1863 5363 actus
1880 5301 1996 5361 iure

573 5414 769 5466 Suana.
792 5416 850 5461 De
866 5415 1046 5470 Leuibus
1060 5436 1113 5447 -
1124 5414 1229 5459 Pars
1245 5414 1281 5459 l.

3442 356 3558 423 121

2060 511 2286 561 naturae
2326 503 2633 577 prohibitus
2678 504 2748 561 sit
2785 501 2996 560 validus
3037 501 3121 558 vel
3157 502 3374 572 irritus,
3423 517 3549 558 nam
3576 516 3642 557 u-

2060 600 2323 667 trumque
2346 611 2504 667 posse
2525 593 2772 652 accidere
2795 592 3090 651 ostendunt
3111 592 3349 650 adducta
3371 591 3638 665 exempla3

2057 684 2358 743 differentia
2385 693 2568 743 autem
2601 702 2706 743 non
2736 693 2913 759 potest
2939 686 3083 743 sumi
3109 700 3174 741 ex
3200 684 3378 741 verbis
3400 683 3553 756 legis,
3579 689 3644 739 ut

2055 782 2206 833 recte
2233 776 2506 833 obiectum
2533 784 2645 849 est3
2677 777 2823 834 unde
2849 792 2980 851 ergo
3007 775 3152 832 illam
3179 772 3502 831 sumemus?

2133 872 2188 926 4.
2224 869 2372 925 Duae
2399 867 2623 941 regulae
2651 868 2940 940 praecipue
2968 873 3298 926 occurrunt.
3329 866 3512 923 Prima
3537 870 3642 937 est,

2059 957 2282 1032 quando
2321 964 2480 1015 actus
2510 956 2834 1030 prohibetur
2861 959 2983 1015 iure
3011 964 3240 1015 naturae
3268 957 3337 1013 ob
3365 954 3646 1013 defectum

2054 1050 2360 1122 potestatis,
2385 1048 2470 1107 vel
2492 1049 2563 1107 ob
2585 1048 2843 1107 materiae
2867 1048 3300 1121 incapacitatem,
3329 1053 3464 1104 tunc
3487 1052 3646 1104 actus

2056 1146 2140 1197 est
2187 1140 2370 1197 nullus
2417 1146 2472 1197 et
2517 1140 2707 1198 irritus
2752 1156 2819 1197 ex
2867 1147 3066 1199 natura
3105 1153 3225 1195 sua.
3266 1139 3380 1194 Hoc
3409 1135 3650 1195 ostendit

2056 1230 2367 1303 exemplum
2405 1228 2534 1289 illud
2575 1229 2642 1287 de
2679 1228 2924 1287 secundo
2954 1226 3331 1299 matrimonio,
3364 1227 3494 1284 etin
3527 1227 3648 1283 uni·

2060 1337 2282 1378 versum
2309 1320 2375 1378 de
2403 1320 2696 1380 donatione
2723 1320 2969 1379 eiusdem
2996 1320 3074 1377 rei
3098 1319 3243 1377 sacta
3262 1324 3388 1391 post
3407 1318 3644 1391 priorem

2057 1410 2292 1468 validam
2328 1416 2386 1468 et
2423 1419 2859 1484 permanentem
2895 1416 2983 1468 est
3009 1409 3153 1468 enim
3180 1406 3351 1483 nulla,
3382 1410 3512 1482 quia
3539 1409 3646 1482 ille,

2058 1500 2151 1574 qui
2190 1500 2432 1558 secundo
2469 1500 2668 1575 donat,
2700 1502 2784 1560 vel
2815 1500 3009 1573 tradit,
3042 1504 3148 1558 iam
3174 1516 3284 1556 non
3311 1498 3477 1557 habet
3501 1506 3652 1571 pote-

2057 1596 2254 1649 statem
2284 1592 2334 1647 in
2364 1590 2526 1649 talem
2555 1607 2690 1649 rem.
2722 1591 2872 1650 Unde
2896 1590 3224 1663 intelligetur
3246 1590 3546 1647 differentia
3569 1590 3652 1646 in-

2056 1688 2141 1739 ter
2167 1680 2509 1739 traditionem
2537 1680 2738 1739 factam
2769 1689 2892 1753 post
2918 1682 3154 1754 priorem
3179 1679 3540 1754 traditionem,
3563 1679 3651 1736 vel

2054 1778 2270 1829 tantum
2291 1776 2426 1843 ‘post
2453 1772 2692 1843 priorem
2714 1772 3150 1847 promissionem3
3175 1786 3307 1827 cum
3330 1771 3476 1828 enim
3501 1777 3651 1827 utra-

2056 1880 2162 1937 que
2192 1864 2261 1920 sit
2286 1869 2478 1921 contra
2504 1863 2590 1919 ius
2613 1868 2863 1932 naturae,
2887 1878 2998 1919 una
3016 1868 3102 1919 est
3121 1861 3296 1920 valida
3315 1868 3374 1919 et
3392 1878 3500 1918 non
3524 1860 3645 1933 alia,

2056 1953 2186 2027 quia
2225 1955 2376 2027 prior
2416 1951 2632 2010 traditio
2673 1952 2896 2011 abstulit
2938 1952 3276 2026 dominium,
3305 1958 3363 2010 et
3389 1953 3462 2009 ita
3485 1953 3651 2009 etiam

2058 2044 2286 2103 abstulit
2314 2051 2672 2117 potestatem3
2704 2044 2994 2117 promissio
3024 2057 3154 2101 vero
3185 2058 3294 2099 non
3319 2042 3456 2101 tollit
3474 2041 3650 2100 domi-

2057 2135 2230 2209 nium,
2260 2142 2315 2194 et
2343 2135 2464 2193 ideo
2493 2152 2602 2192 non
2631 2134 2773 2191 tollit
2799 2140 3147 2207 potestatem,
3173 2135 3421 2207 quamvis
3443 2132 3647 2205 obliget

2060 2226 2129 2284 ad
2170 2226 2430 2285 utendum
2472 2226 2558 2284 illa
2601 2226 2691 2283 tali
2729 2225 2912 2284 modo.
2955 2224 3160 2283 Eadem
3197 2226 3404 2283 ratione
3431 2231 3652 2282 coutra-

2060 2323 2190 2376 ctus
2219 2334 2316 2375 seu
2344 2333 2648 2375 consensus
2674 2333 2774 2389 per
2801 2317 2990 2375 dolum
3020 2316 3429 2377 substantialem
3455 2317 3549 2391 (ut
3569 2317 3649 2373 sic

2059 2406 2274 2479 dicam)
2311 2415 2589 2479 extortus,
2629 2406 2812 2465 nullus
2853 2416 2940 2465 est
2966 2409 3082 2466 iure
3109 2415 3360 2478 naturae,
3393 2408 3521 2479 quia
3546 2404 3648 2463 do-

2058 2498 2147 2555 lus
2187 2498 2413 2572 impedit
2438 2515 2630 2557 verum
2658 2515 3012 2572 consensum,
3041 2506 3095 2557 et
3121 2506 3319 2557 causat
3341 2496 3650 2556 involunta-

2059 2588 2235 2662 rium3
2279 2589 2392 2646 sine
2433 2590 2710 2647 voluntate
2750 2597 2934 2647 autem
2975 2606 3084 2647 non
3124 2596 3302 2663 potest
3326 2595 3649 2646 contractus

2059 2677 2335 2737 humanus
2362 2680 2569 2753 perfici,
2599 2687 2658 2738 et
2685 2680 2766 2737 sic
2795 2678 2863 2738 de
2884 2680 3020 2737 aliis.
3045 2682 3126 2740 Ex
3149 2680 3346 2754 quibus
3371 2680 3540 2737 facilis
3562 2685 3651 2737 est

2059 2771 2198 2827 ratio
2241 2771 2490 2843 regulae,
2534 2772 2662 2845 quia
2683 2824 2686 2829 ,
2704 2771 2755 2826 in
2782 2770 2866 2827 his
2891 2778 2948 2828 et
2975 2770 3235 2827 similibus
3262 2770 3480 2828 casibus
3507 2769 3649 2827 tolli·

2062 2868 2155 2919 tur
2195 2862 2519 2934 principium
2559 2860 2911 2919 substantiale
2953 2864 3060 2937 (ut
3089 2861 3167 2918 sic
3195 2858 3405 2933 dicam)
3445 2859 3648 2917 valoris

2060 2960 2247 3019 actus,
2272 2952 2422 3027 quod
2448 2959 2535 3010 est
2562 2959 2804 3025 potestas
2830 2953 3070 3025 moralis,
3101 2951 3152 3009 id
3181 2960 3268 3009 est
3290 2967 3430 3026 quae
3457 2949 3652 3007 habeat

2058 3042 2371 3101 adiunctam
2413 3043 2774 3101 sufficientem
2815 3042 3184 3114 voluntatem3
3227 3043 3343 3099 sine
3379 3046 3649 3115 potestate

2060 3141 2247 3192 autem
2273 3141 2330 3192 et
2354 3135 2629 3192 voluntate
2657 3148 2768 3190 non
2795 3139 2881 3191 est
2908 3140 3067 3190 actus
3093 3131 3323 3190 validus.

2140 3232 2194 3284 5.
2229 3224 2483 3283 Secunda
2523 3222 2713 3297 regula
2745 3229 2859 3295 est,
2896 3223 3117 3297 quando
3143 3230 3301 3280 actus
3328 3221 3646 3295 prohibetur

2058 3322 2285 3390 propter
2312 3315 2666 3373 indecentiam
2689 3313 2772 3370 vel
2802 3312 3189 3385 turpitudinem
3210 3312 3262 3369 in
3283 3313 3509 3370 materia
3526 3314 3646 3370 eius

2058 3408 2358 3479 inventam,
2389 3412 2522 3464 tunc
2549 3406 2713 3462 etiam
2739 3410 2823 3460 est
2843 3404 3056 3477 irritus,
3081 3402 3298 3476 quando
3317 3402 3506 3460 eadem
3527 3409 3651 3459 tur-

2058 3497 2254 3571 pitudo
2280 3496 2445 3554 durat
2469 3496 2525 3552 in
2553 3495 2670 3567 ipso
2690 3494 2888 3551 effectu
2903 3533 2920 3567 ,
2943 3493 3064 3567 vel,
3088 3500 3152 3551 ut
3171 3493 3387 3550 iuristae
3412 3492 3647 3567 loquun-

2060 3596 2186 3661 tur,
2225 3586 2444 3661 quando
2486 3586 2647 3644 habet
2676 3600 2902 3643 causam
2928 3590 3270 3657 perpetuam.
3301 3584 3452 3641 Hanc
3481 3599 3647 3657 regu-

2059 3678 2167 3735 lam
2204 3694 2364 3735 sumo
2403 3692 2435 3735 a
2472 3676 2630 3733 simili
2659 3692 2725 3733 ex
2754 3675 2944 3733 Glossa
2969 3677 3023 3733 in
3049 3674 3314 3732 Clement.
3350 3676 3397 3731 1.
3429 3660 3644 3731 de'iure

2060 3774 2332 3842 patronat.
2372 3768 2526 3825 verb.
2563 3766 2914 3835 inhibentes,
2957 3766 3008 3822 in
3038 3766 3140 3823 fine
3160 3808 3176 3841 ,
3203 3772 3260 3823 et
3283 3780 3348 3822 ex
3376 3765 3566 3822 Glossa
3595 3765 3650 3820 in

2062 3873 2187 3930 cap.
2224 3856 2426 3926 Vides,
2461 3857 2589 3915 dist.
2624 3861 2712 3929 to,
2742 3858 2909 3914 Decio
2937 3856 2991 3913 in
3015 3872 3138 3929 cap.
3169 3861 3225 3916 2.
3249 3860 3344 3921 ⁸De
3372 3855 3565 3914 testib.
3593 3863 3650 3914 et

2062 3948 2200 4021 aliiS,
2230 3964 2374 4021 quos
2398 3948 2569 4006 refert
2596 3949 2821 4005 Covarr.
2845 3948 2898 4003 in
2928 3952 2983 4006 4.
3016 3950 3230 4005 Decret.
3255 3952 3311 4005 2.
3344 3963 3400 4019 p.
3427 3963 3479 4003 c.
3513 3951 3566 4005 6.
3591 3948 3649 4003 in

2061 4039 2237 4111 princ.
2271 4055 2325 4094 n.
2376 4042 2439 4112 6,
2481 4048 2536 4096 et
2575 4035 2851 4111 colligitur
2889 4052 2958 4095 ex
2996 4038 3150 4111 lege,
3191 4040 3243 4095 si
3267 4036 3544 4111 stipulor,
3577 4036 3646 4095 de

2063 4129 2212 4186 verb.
2244 4126 2464 4202 obligat.
2505 4127 2675 4205 Quod
2711 4126 2861 4203 leqes
2893 4128 3117 4203 (inquit)
3143 4126 3288 4201 fieri
3307 4126 3637 4203 prohibent,

2060 4222 2115 4276 si
2132 4224 2480 4293 perpetuam
2502 4234 2756 4276 causam
2777 4222 3154 4275 servaturum
3173 4222 3278 4285 est,
3301 4220 3495 4275 cessat
3507 4216 3650 4274 obli-

2062 4312 2245 4383 qatio‚
2277 4315 2352 4385 ut·
2370 4312 2422 4367 si
2446 4324 2707 4369 sororem
2735 4309 2849 4365 sibi
2875 4312 3202 4384 nupturam
3223 4306 3444 4383 aliquis
3466 4312 3650 4384 stipu-

2063 4398 2238 4457 letur.
2267 4399 2368 4458 Ubi
2395 4398 2582 4458 Glossa
2609 4398 2863 4469 advertit,
2893 4398 3056 4457 talem
3084 4399 3494 4471 promissionem
3521 4414 3644 4455 esse

2062 4490 2274 4547 irritam
2304 4492 2419 4563 ipso
2448 4490 2566 4548 iure
2593 4497 2840 4548 naturae.
2870 4490 2940 4547 Et
2966 4492 3044 4547 ita
3073 4490 3433 4547 confirmatur
3459 4490 3651 4563 regula

2065 4579 2311 4653 exemplo
2353 4580 2530 4653 posito
2565 4579 2633 4638 de
2669 4580 3008 4645 matrimonio
3035 4586 3320 4637 contracto
3350 4580 3492 4637 inter
3518 4596 3652 4638 con-

2063 4671 2390 4743 sanguineos
2416 4670 2469 4726 in
2496 4670 2668 4743 primo
2696 4670 2902 4746 gradu3
2934 4686 3059 4728 nam
3085 4671 3156 4728 ibi
3183 4687 3293 4728 non
3320 4670 3474 4729 deest
3499 4678 3652 4746 pote·

2066 4767 2211 4834 stas,
2255 4758 2308 4816 id
2345 4767 2433 4817 est
2472 4760 2768 4818 dominium
2795 4761 2879 4818 sui
2909 4760 2978 4819 ad
3008 4776 3066 4818 se
3095 4760 3423 4819 tradendum
3451 4763 3504 4819 in
3533 4779 3648 4819 ma-

2066 4851 2405 4922 trimonium,
2425 4866 2525 4907 nec
2547 4849 2700 4908 deest
2713 4850 2983 4925 voluntas,
3008 4859 3281 4925 quantum
3303 4859 3476 4910 estex
3496 4860 3654 4925 parte

2066 4940 2537 5013 contrahentium,
2565 4946 2743 4997 tamen
2765 4940 2852 4998 illa
2872 4939 3140 4999 naturalis
3163 4942 3488 5017 indecentia,
3511 4959 3653 5016 quae

2065 5031 2196 5088 facit
2232 5031 2339 5088 tale
2379 5032 2785 5089 matrimonium
2820 5048 2939 5089 esse
2978 5032 3344 5107 prohibitum,
3387 5041 3654 5107 perpetuo

2066 5120 2250 5195 durat,
2286 5122 2329 5179 si
2359 5123 2762 5181 matrimonium
2790 5123 2896 5181 tale
2922 5121 3119 5200 duret3
3151 5126 3274 5183 ideo
3301 5124 3461 5182 etiam
3489 5124 3657 5181 dura-

2066 5215 2143 5271 tio
2182 5215 2300 5286 ipsa
2338 5213 2607 5286 prohibita
2632 5219 2749 5286 est,
2777 5219 2832 5271 et
2857 5214 2962 5271 hoc
2989 5220 3072 5273 est
3097 5232 3218 5273 esse
3244 5216 3476 5273 irritam.
3504 5215 3654 5273 Idem

2066 5306 2326 5367 cernitur.
2351 5306 2404 5362 in
2441 5304 2687 5377 exemplo
2726 5304 2794 5362 de
2835 5321 3038 5380 usura,
3082 5321 3222 5379 quae
3249 5306 3518 5381 prohibita
3543 5312 3647 5381 est,

3143 5412 3198 5457 16
