4325 6267
1757 350 1972 402 CAPUT
1998 353 2120 400 XX.

299 469 608 529 donationis
627 511 644 544 ,
677 477 775 530 aut
801 471 1020 530 tandem
1048 473 1513 546 praescriptionis,
1543 475 1796 548 quaestio
1822 480 1910 532 est

301 561 531 620 alterius
573 561 710 636 loci,
755 577 922 636 quam
961 551 1199 622 sortasse
1227 565 1559 638 attingemus
1587 565 1643 622 in
1673 580 1905 640 sequen-

299 649 470 708 tibus.

385 746 441 798 8.
471 739 590 797 Alia
615 741 865 814 exceptio
891 746 1008 814 est,
1039 741 1083 798 si
1111 742 1222 814 lex,
1253 743 1506 816 quamvis
1536 759 1645 801 non
1672 744 1744 801 sit
1770 742 1910 800 iniu-

303 837 408 900 sta,
427 831 498 888 sit
519 835 700 890 tamen
724 832 950 888 nimium
976 830 1116 889 dura
1136 841 1192 891 et
1212 834 1488 907 gravis,et
1515 833 1636 890 talis
1660 847 1908 890 commu-

299 921 446 978 niter
485 934 518 976 a
543 905 778 992 populo,
809 935 907 976 seu
935 921 1218 992 republica
1255 921 1568 995 iudicetur3
1600 929 1734 979 ωηο
1763 921 1906 978 enim

299 1008 594 1068 verisimile
623 1006 839 1066 videtur
864 1051 880 1083 ,
915 1025 1026 1065 non
1064 1009 1302 1084 obligare
1337 1011 1604 1084 populum
1639 1010 1705 1068 ad
1747 1025 1908 1068 acce-

303 1097 594 1170 ptandum,
621 1113 722 1156 nec
743 1113 976 1172 peccare
997 1115 1116 1171 eos,
1141 1103 1246 1174 qui,
1265 1101 1532 1173 incipiunt
1555 1117 1662 1159 non
1690 1116 1910 1160 servare

307 1185 504 1260 legem.
534 1187 670 1255 Quia
697 1192 829 1244 tunc
859 1188 1218 1246 verisimiliter
1241 1192 1632 1263 praesumitur,
1658 1205 1766 1247 non
1787 1205 1910 1247 esse

303 1273 474 1332 latam
501 1274 678 1348 legem
700 1275 846 1332 illam
869 1292 898 1332 a
920 1276 1164 1350 principe
1183 1291 1314 1335 cum
1335 1280 1636 1335 intentione
1660 1277 1912 1336 absolute

306 1362 611 1436 obligandi,
655 1364 753 1422 sed
791 1365 972 1423 solum
999 1367 1333 1440 experiendi,
1365 1367 1644 1441 quomodo
1673 1368 1792 1425 talis
1825 1369 1910 1426 lex

307 1467 340 1508 a
377 1450 582 1524 populo
626 1453 944 1525 recipiatur.
983 1454 1136 1513 Unde
1177 1457 1342 1514 etiarn
1383 1455 1586 1513 subditi
1630 1455 1907 1528 videntur,

307 1539 471 1597 simili
509 1541 808 1600 intentione
851 1559 1016 1615 posse
1052 1545 1294 1617 incipere
1323 1561 1431 1602 non
1460 1561 1681 1604 servare
1707 1547 1907 1619 legem,

3358 333 3493 399 231·

1979 473 2254 533 scandali:
2303 481 2436 533 tunc
2479 476 2625 533 enim
2662 474 2860 532 merito
2886 473 3305 532 excusabuntur
3332 477 3580 548 particu-

1975 564 2118 621 lares
2147 579 2450 637 personae,
2480 566 2609 638 quia
2637 565 2744 622 iam
2772 563 2896 621 talis
2926 564 3271 621 observantia
3296 580 3404 622 non
3432 572 3581 624 esset

1978 652 2126 710 utilis
2155 655 2439 711 communi
2461 653 2629 724 bono,
2653 658 2710 709 et
2731 653 2985 726 princeps
3010 653 3123 725 ipse
3146 652 3420 711 tenebitur
3441 661 3577 712 tunc

1977 741 2152 815 legem
2196 742 2418 816 tollere,
2449 743 2643 800 saltem
2672 748 2895 814 propter
2922 743 3134 799 maiora
3168 742 3310 800 mala
3336 741 3575 799 vitanda.

1976 831 2206 898 Quando
2236 846 2367 889 vero
2394 831 2669 889 censenda
2691 832 2762 888 sit
2779 831 2864 888 lex
2888 829 3150 914 derogata
3170 847 3267 904 per
3288 831 3428 888 hanc
3451 830 3581 888 sub-

1974 920 2215 978 ditorum
2253 922 2647 993 resistentiam,
2683 919 2936 978 dicemus
2962 920 3306 979 commodius
3342 924 3397 978 in
3434 921 3576 979 libro

1980 1012 2234 1085 sequenti
2270 1014 2439 1085 capit.
2470 1011 2590 1068 XVI
2611 1052 2627 1083 ,
2660 1011 2790 1084 quia
2819 1011 2867 1067 in
2898 1010 3005 1068 hoc
3034 1011 3341 1068 communis
3368 1017 3455 1068 est
3481 1012 3580 1070 do·

1979 1101 2157 1159 ctrina
2185 1104 2410 1176 utrique
2439 1100 2546 1175 legi
2573 1101 2869 1158 canonicae
2897 1105 2954 1158 et
2980 1099 3143 1157 civili.

2550 1275 2829 1346 CAPUT
2858 1275 3013 1344 XX.

2091 1471 2306 1530 Utrum
2333 1472 2579 1528 intentio
2606 1467 2984 1543 teqtslatorts,
3022 1485 3127 1527 seu
3150 1473 3315 1528 ratio
3341 1467 3484 1545 leqis

2369 1561 2447 1616 sit
2470 1561 2799 1616 intrinseca
2808 1555 3025 1629 forma
3054 1562 3197 1616 eius.

307 1643 374 1686 ne
403 1629 505 1686 sibi
532 1645 825 1703 gravamen
849 1632 1104 1706 inserant,
1130 1633 1214 1690 vel
1238 1638 1386 1691 certe
1408 1636 1792 1708 unusquisque
1814 1650 1914 1706 po·
1987 1645 2000 1658 ·

308 1717 440 1775 terit
477 1719 624 1776 licite
661 1726 987 1794 expectare,
1015 1724 1072 1778 in
1113 1736 1277 1794 quam
1307 1731 1517 1795 partem
1547 1725 1911 1781 communitas

309 1807 499 1880 populi
524 1807 780 1883 inclinet,
812 1817 870 1868 et
899 1811 1116 1868 interim
1142 1826 1250 1868 non
1280 1828 1500 1870 servare
1522 1813 1714 1888 legem.
1762 1815 1911 1883 Quae

309 1899 558 1969 exceptio
607 1904 693 1957 est
731 1900 1058 1971 probabilis,
1100 1903 1420 1973 praesertim
1467 1904 1673 1962 utendo
1713 1903 1764 1960 iu
1805 1905 1912 1962 hoc

307 2001 480 2043 sensu
507 1987 679 2060 priori
699 1990 983 2062 sententia,
1007 1991 1134 2064 quia
1157 1991 1349 2050 saltem
1373 1994 1476 2051 sub
1495 1994 1602 2052 hoc
1625 2001 1911 2068 praetextu

307 2075 531 2134 videtur
570 2077 806 2136 multum
835 2095 945 2137 usu
980 2087 1223 2152 recepta.
1253 2083 1452 2141 Tamen
1483 2081 1535 2140 in
1564 2085 1749 2158 rigore
1776 2085 1911 2141 iuris

309 2163 459 2222 aliud
497 2166 788 2236 videbatur
827 2167 1152 2242 dicendum,
1196 2173 1324 2244 quia
1362 2173 1407 2229 si
1442 2170 1526 2229 lex
1556 2179 1815 2230 censetur
1840 2173 1913 2229 ita

309 2253 478 2328 dura,
505 2263 574 2314 ut
597 2257 829 2315 excedat
853 2265 1204 2334 potestatem,
1227 2263 1335 2318 iam
1355 2267 1443 2318 est
1463 2262 1683 2336 iniusta,
1705 2269 1763 2320 et
1783 2278 1913 2335 pro-

310 2345 459 2403 cedit
497 2350 676 2418 prima
711 2348 993 2406 limitatio:
1037 2351 1084 2406 si
1112 2357 1296 2407 autem
1327 2351 1416 2408 illa
1444 2351 1740 2409 difficultas
1768 2367 1911 2409 sem-

310 2449 411 2506 per
436 2443 524 2493 est
547 2439 694 2495 intra
722 2437 1062 2495 latitudinem
1094 2440 1271 2496 iustae
1299 2439 1453 2513 legis,
1479 2440 1699 2498 videtur
1719 2456 1915 2514 paren·

313 2517 446 2582 dum
475 2526 600 2600 legi,
629 2528 783 2585 iuxta
808 2522 940 2584 illud
968 2527 1176 2599 Ulpiani
1203 2531 1258 2585 in
1288 2528 1328 2586 l.
1351 2533 1693 2604 prospexit,
1729 2527 1786 2586 ff.
1817 2531 1913 2603 qui

311 2619 370 2670 et
409 2629 440 2670 a
478 2615 708 2687 quibus:
748 2615 922 2692 Quod
945 2615 1182 2696 quidem.
1209 2633 1508 2692 perquam
1545 2619 1766 2675 durum
1804 2624 1907 2686 est,

313 2701 420 2760 sed
454 2706 548 2760 ita
583 2701 682 2762 lex
709 2708 943 2779 scripta
970 2710 1076 2763 est.
1105 2709 1240 2764 Nam
1269 2707 1396 2764 licet
1422 2705 1628 2764 durum
1655 2708 1726 2764 sit
1754 2723 1918 2779 supe-

313 2791 476 2859 tiaris
505 2793 846 2864 mandatum,
878 2793 1243 2852 obediendum
1271 2801 1380 2868 est,
1406 2802 1470 2852 ut
1496 2795 1631 2853 dixit
1651 2795 1842 2853 Glossa
1861 2798 1916 2853 in

316 2883 486 2954 capit.
515 2885 617 2940 Ex
636 2887 836 2958 parte.
867 2888 923 2941 2.
955 2882 1022 2939 de
1050 2883 1199 2940 offic.
1232 2883 1468 2959 delegat.
1501 2885 1842 2959 Quapropter
1863 2887 1919 2942 in

315 2971 633 3031 huiusmodi
669 2987 808 3030 casu
845 2973 1152 3031 consultius
1189 2975 1297 3032 erit
1321 2976 1523 3031 instare
1557 2990 1748 3031 coram
1774 2976 1921 3047 prin·

315 3062 474 3134 cipe,
503 3069 567 3119 ut
594 3061 767 3135 legem
799 3062 1046 3133 auferat,
1073 3063 1158 3120 vel
1189 3061 1528 3133 moderetur,
1559 3063 1776 3120 interim
1808 3079 1921 3121 ser-

317 3148 498 3208 vando
527 3150 693 3222 illam,
727 3152 772 3206 si
806 3159 1022 3222 tempus
1047 3160 1262 3225 urgeat,
1294 3159 1348 3210 et
1367 3167 1624 3224 princeps
1648 3153 1922 3213 interdum

315 3239 592 3296 tenebitur
620 3239 942 3314 connivere3
975 3241 1018 3297 si
1059 3247 1241 3298 tamen
1267 3243 1322 3298 in
1353 3242 1620 3298 sententia
1653 3241 1918 3315 persistit,

318 3328 590 3385 servanda
625 3337 715 3386 est
749 3328 832 3386 lex
869 3336 928 3387 et
951 3331 1310 3404 acceptanda,
1341 3333 1470 3405 quia
1498 3332 1551 3387 in
1583 3331 1764 3404 rigore
1793 3347 1926 3406 sup-

317 3418 545 3490 ponitur
579 3433 702 3475 esse
732 3418 938 3493 valida,
979 3435 1112 3478 cum
1141 3436 1250 3478 non
1279 3427 1664 3494 supponantur
1699 3422 1920 3479 iniusta.

399 3510 456 3565 9.
487 3507 670 3565 Tertia
708 3511 955 3582 exceptio
998 3525 1120 3567 esse
1158 3516 1372 3583 potest,
1402 3511 1446 3566 si
1476 3508 1542 3566 de
1571 3510 1716 3568 sacto
1752 3513 1925 3568 maior

317 3611 450 3669 pars
491 3597 678 3670 populi
717 3614 826 3655 non
865 3606 1048 3657 servat
1090 3600 1298 3673 legem3
1341 3614 1468 3656 nam
1510 3600 1640 3657 licet
1683 3600 1822 3658 sorte
1849 3601 1925 3657 illi

321 3688 705 3761 peccaverint,
747 3688 844 3762 qui
881 3690 1241 3762 inceperunt,
1270 3690 1446 3763 etqui
1475 3692 1714 3762 primum
1748 3692 1926 3750 secuti

321 3781 488 3848 sunt3
523 3780 702 3834 tamen
731 3784 1022 3850 postquam
1053 3793 1140 3836 res
1169 3779 1238 3836 ad
1267 3794 1397 3836 eum
1425 3787 1634 3837 statum
1654 3783 1923 3854 pervenit,

323 3869 388 3920 ut
427 3864 494 3922 de
538 3864 686 3923 racto
727 3881 760 3922 a
800 3869 992 3924 maiori
1031 3876 1185 3940 parte
1213 3884 1320 3925 non
1353 3874 1638 3942 servetur3
1675 3875 1808 3928 tunc
1837 3869 1928 3928 alii

321 3953 438 4011 sine
477 3962 707 4028 peccato
747 3963 1010 4028 poterunt
1050 3959 1243 4015 maiori
1287 3959 1426 4030 parti
1466 3959 1840 4036 conformari,
1872 3965 1930 4016 et

322 4046 609 4118 excusari,
644 4044 776 4103 licet
802 4045 943 4104 sorte
973 4045 1058 4104 lex
1085 4047 1326 4105 nondum
1359 4047 1514 4119 plene
1549 4057 1808 4106 revocata
1835 4051 1927 4124 sit,

322 4135 454 4208 quia
486 4150 589 4207 pro
622 4142 755 4194 tunc
785 4151 892 4193 non
922 4142 1153 4210 possunt
1180 4137 1468 4209 pauciores
1503 4137 1792 4196 commode
1813 4154 1932 4196 ser-

322 4239 456 4282 vare
493 4225 702 4297 legem,
733 4231 788 4282 et
829 4225 1030 4283 habent
1055 4226 1404 4284 commodam
1443 4239 1671 4285 causam
1697 4243 1930 4286 excusa-

324 4315 520 4385 tionis,
554 4321 620 4372 ut
645 4315 875 4372 Navarr.
907 4317 1006 4383 ait,
1040 4318 1172 4389 quia
1200 4315 1540 4372 observantia
1565 4317 1776 4388 privata
1803 4317 1928 4374 talis

323 4401 460 4476 legis
491 4403 598 4460 iam
625 4419 734 4462 non
763 4404 998 4478 pertinet
1025 4402 1094 4461 ad
1131 4419 1424 4463 commune
1453 4405 1690 4478 bonum,
1718 4421 1821 4462 nec
1851 4405 1929 4463 vi·

325 4491 488 4549 detur
511 4491 649 4551 'velle
673 4494 931 4567 princeps
955 4491 1198 4568 obligare
1222 4510 1393 4552 unum
1421 4493 1506 4552 vel
1531 4495 1696 4553 alium
1717 4535 1732 4567 ,
1752 4511 1928 4569 quan·

325 4579 398 4637 do
414 4583 781 4640 communitas
802 4598 910 4640 non
930 4582 1184 4640 observat
1200 4584 1392 4656 legem.
1406 4583 1801 4643 Verumtamen
1823 4584 1929 4642 hoc

326 4671 490 4728 etiam
517 4671 726 4745 indiget
754 4687 952 4746 magna
973 4673 1368 4746 moderatione,
1396 4675 1599 4746 alioqui
1623 4673 1828 4732 multae
1853 4675 1928 4731 le-

327 4775 422 4833 ges
443 4761 714 4821 humanae
736 4779 849 4821 non
872 4763 1178 4836 obligarent
1200 4767 1484 4820 timoratos
1504 4769 1560 4820 et
1579 4765 1780 4835 iustos,
1799 4765 1928 4837 quia

329 4851 506 4907 maior
531 4865 662 4924 pars
687 4851 1023 4926 reipublicae
1053 4869 1145 4910 eas
1173 4868 1284 4910 non
1310 4857 1528 4924 servat;
1560 4845 1711 4926 quod
1732 4852 1930 4909 absur-

329 4935 617 4997 dissimum
655 4949 832 5013 esset3
879 4940 1059 4998 solum
1096 4957 1230 5016 ergo
1269 4946 1454 5014 potest
1481 4940 1586 4998 boc
1617 4940 1818 4998 babere
1846 4940 1930 4998 lo·

329 5043 460 5085 cum
479 5067 496 5101 ,
538 5029 760 5102 quando
795 5045 904 5087 non
933 5031 1114 5089 solum
1141 5046 1249 5089 non
1279 5037 1535 5089 servatur
1563 5030 1646 5088 lex
1673 5045 1706 5087 a
1737 5031 1928 5088 maiori

332 5123 522 5190 parte,
566 5119 663 5176 sed
702 5120 867 5176 etiam
907 5119 1024 5178 eius
1065 5119 1410 5177 observantia
1461 5119 1926 5193 perturbationem

332 5213 561 5282 generat
605 5209 660 5267 in
709 5209 991 5284 republica
1031 5223 1170 5270 cum
1211 5209 1462 5283 periculo
1502 5203 1784 5270 seditionis
1837 5209 1926 5270 vel

2540 1735 3030 1801 summarium

1981 1920 2032 1972 1.
2058 1919 2223 1973 Verba
2248 1927 2369 1973 sunt
2395 1921 2611 1972 materia
2636 1927 2691 1972 et
2715 1933 2903 1986 corpus
2926 1923 3078 1986 legis,
3106 1936 3247 1976 mens
3272 1925 3589 1990 legislatoris

2049 1992 2234 2042 anima.
2269 2017 2341 2028 —
2375 1990 2427 2041 2.
2464 1991 2735 2042 conclusio
2768 1992 3087 2044 affirmativa.
3123 2021 3193 2030 —
3226 1995 3401 2046 Omnis
3441 2003 3588 2047 actus

2049 2061 2258 2112 moralis
2281 2061 2472 2126 pendet
2496 2061 2841 2111 essentialiter
2866 2063 2932 2112 ab
2956 2063 3390 2117 intentione—3.
3419 2065 3473 2116 ln
3500 2080 3587 2117 vo-

2053 2130 2253 2182 luntate
2289 2129 2599 2194 legislatoris
2632 2130 2734 2182 duo
2766 2137 2888 2181 sunt
2920 2131 3303 2184 consideranda.
3331 2162 3401 2172 —
3426 2135 3589 2186 4..1n-

2049 2201 2216 2250 tentio
2241 2200 2553 2263 legislatoris
2577 2212 2778 2264 semper
2797 2205 2877 2262 est
2896 2201 3282 2266 praesumenda,
3302 2205 3403 2255 nisi
3423 2205 3588 2256 aliun-

2049 2269 2114 2320 de
2139 2275 2343 2320 constet
2378 2270 2597 2320 intentio
2620 2270 2897 2320 contraria.
2923 2297 2995 2308 —
3019 2271 3070 2321 5.
3099 2271 3383 2325 obiectioni
3410 2287 3589 2325 occur-

2051 2341 2209 2390 ritur.
2236 2365 2306 2376 —
2330 2340 2383 2391 6.
2410 2339 2561 2391 Ratio
2591 2339 2721 2402 legis
2755 2345 2849 2389 est
2868 2341 3014 2403 quasi
3050 2340 3210 2392 forma
3232 2347 3323 2392 aut
3348 2351 3588 2394 mensura

2048 2410 2339 2460 extrinseca
2363 2415 2544 2460 tenens
2568 2421 2625 2459 se
2648 2409 3012 2472 quodammodo
3034 2423 3097 2460 ex
3116 2417 3263 2474 parte
3282 2413 3473 2464 obiecti
3495 2426 3583 2463 vo-

2051 2479 2268 2530 luntatis
2300 2479 2601 2542 superioris.
2635 2505 2707 2518 —-
2742 2479 2792 2529 7.
2830 2478 3063 2532 obiectio
3096 2482 3245 2545 parvi
3266 2483 3507 2566 momenti
3532 2487 3588 2532 et

2052 2548 2166 2600 eius
2189 2545 2525 2600 confirmatio.
2554 2575 2623 2586 -
2646 2546 3016 2613 Respondetur.

2075 2708 2128 2764 1.
2157 2703 2537 2778 Explicuimus
2577 2719 2673 2775 ea,
2716 2721 2858 2778 quae
2884 2710 3161 2768 externam
3190 2690 3423 2765 sormam
3450 2707 3588 2782 legis

1986 2783 2324 2853 concernere
2367 2796 2483 2852 visa
2524 2801 2685 2867 sunt,
2730 2805 2984 2869 superest
3024 2797 3319 2855 dicendum
3360 2797 3429 2854 de
3480 2797 3584 2872 his,

1987 2899 2129 2957 quae
2163 2884 2233 2942 ad
2272 2885 2503 2942 formam
2529 2886 2649 2942 eius
2678 2884 2947 2943 internam
2976 2893 3033 2943 et
3058 2888 3217 2959 quasi
3246 2886 3589 2960 spiritualem

1987 2974 2288 3047 pertinent3
2322 2973 2399 3029 sic
2425 2973 2571 3029 enim
2598 2973 2709 3030 duo
2732 2975 2784 3029 in
2809 2974 2926 3047 lege
2947 2989 3068 3032 esse
3088 2974 3471 3050 distinguenda
3496 2990 3589 3032 su-

1988 3077 2088 3134 pra
2131 3063 2441 3133 posuimus.
2484 3063 2847 3135 sumiturque
2882 3077 2948 3119 ex
2987 3065 3269 3121 communi
3312 3063 3476 3122 modo
3508 3065 3588 3122 lo·

1987 3150 2191 3224 quendi
2215 3151 2679 3225 iurisperitorum,
2710 3150 3059 3226 distinguunt
3084 3153 3225 3210 enim
3246 3156 3299 3209 in
3320 3153 3589 3226 legemr·

1994 3239 2062 3296 ba
2102 3246 2160 3297 et
2201 3247 2441 3298 mentem
2481 3239 2838 3314 legislatoris,
2890 3247 2948 3296 et
2988 3241 3223 3313 primum
3253 3240 3446 3299 dicunt
3470 3256 3590 3299 esse

1991 3329 2151 3402 quasi
2183 3331 2463 3386 materiam
2491 3336 2547 3384 et
2575 3342 2779 3400 corpus
2808 3328 2963 3402 legis,
2995 3329 3303 3386 secundum
3326 3347 3449 3388 esse
3476 3333 3589 3402 spi-

1991 3419 2161 3476 ritum
2181 3424 2237 3475 et
2256 3419 2493 3475 animam
2517 3417 2669 3491 legis.
2688 3416 2872 3474 Tradit
2890 3416 3041 3475 Bald.
3060 3419 3115 3474 in
3137 3417 3175 3474 1.
3200 3422 3352 3477 scire
3374 3422 3577 3482 etiam.

1995 3506 2053 3563 ff.
2095 3503 2165 3564 de
2205 3521 2401 3565 excus.
2444 3513 2550 3565 tut.
2596 3506 2862 3579 Rogerius
2903 3507 2954 3562 in
2983 3513 3152 3565 tract.
3184 3506 3251 3563 de
3280 3509 3383 3564 iur.
3416 3509 3585 3566 inter.

1992 3611 2046 3670 q.
2088 3600 2140 3669 1,
2172 3613 2231 3654 n.
2269 3600 2335 3655 16
2365 3604 2424 3654 et
2450 3595 2755 3670 sequentib.
2785 3594 3095 3668 Stephanus
3132 3594 3201 3653 de
3228 3596 3446 3655 Freder.
3480 3604 3593 3656 tra·
3637 3652 3647 3662 ,

1992 3691 2125 3743 ctat.
2166 3685 2241 3744 de
2275 3688 2651 3760 interpretat.
2692 3683 2802 3758 leq.
2839 3700 2895 3757 p.
2934 3691 2984 3758 1,
3016 3700 3049 3743 a
3074 3699 3131 3742 n.
3163 3691 3220 3744 2.
3251 3687 3449 3772 60013.
3482 3689 3591 3744 Na·

1992 3775 2142 3836 tham
2171 3777 2225 3834 in
2250 3782 2413 3835 tract.
2444 3775 2517 3833 de
2541 3779 2781 3844 statuto,
2812 3791 2869 3848 q.
2903 3777 2960 3845 4,
2994 3791 3049 3832 n.
3080 3778 3212 3846 346,
3234 3773 3509 3848 Tiraquel.
3534 3778 3589 3833 in

1993 3864 2033 3923 Ι.
2076 3869 2130 3924 si
2166 3882 2451 3940 unquam,
2499 3853 2667 3923 verbo
2696 3867 2750 3922 si
2775 3863 3035 3932 libertus,
3070 3879 3101 3920 a
3128 3880 3183 3920 n.
3218 3868 3313 3923 45.
3342 3865 3455 3922 Nos
3485 3879 3585 3922 au·

1995 3961 2105 4013 tem
2133 3971 2307 4028 supra
2342 3957 2393 4013 in
2432 3954 2612 4012 verbis
2633 3954 2781 4028 ‚ipsis
2805 3952 2917 4010 duo
2946 3951 3316 4025 distinximus,
3346 3953 3583 4026 scilicet,
3620 4007 3623 4010 ,

1995 4043 2293 4106 materialia
2334 4043 2497 4102 verba
2536 4049 2593 4100 et
2634 4041 3110 4116 significationem,
3150 4057 3248 4114 per
3274 4057 3441 4114 quam
3470 4057 3592 4100 sen-

1996 4150 2120 4192 sum
2162 4132 2431 4207 reddunt,
2472 4139 2531 4189 et
2568 4139 2806 4189 mentem
2840 4129 3167 4204 legislatoris
3195 4129 3511 4202 declarant,
3540 4139 3597 4188 et

1996 4225 2084 4282 illa
2119 4223 2232 4281 duo
2272 4223 2412 4280 inter
2440 4236 2500 4278 se
2527 4219 2920 4295 comparando,
2949 4219 3213 4292 diximus,
3244 4218 3591 4292 significatio-

1995 4328 2119 4370 nem
2159 4326 2283 4370 esse
2318 4309 2545 4369 formale
2585 4315 2845 4382 respectu
2874 4307 3241 4366 materialium
3270 4307 3590 4378 vei-borum

1996 4415 2148 4459 nunc
2190 4404 2378 4457 autem
2416 4397 2584 4456 verba
2622 4398 2740 4472 ipsa
2774 4398 2940 4456 etiam
2968 4403 3033 4454 ut
3061 4396 3418 4471 significantia
3444 4401 3599 4455 com-‘-

1995 4505 2257 4564 paramus
2297 4487 2367 4546 ad
2404 4489 2715 4546 interiorem
2756 4493 2997 4545 mentem
3035 4484 3399 4560 legislatoris,
3429 4485 3593 4543 etsie

1995 4579 2259 4651 dicimus,
2290 4593 2349 4635 se
2377 4576 2576 4634 babere
2603 4583 2669 4634 ut
2694 4590 2902 4650 corpus
2930 4581 2988 4634 et
3016 4577 3299 4634 materiam
3334 4581 3595 4649 respectu
3642 4627 3649 4632 ,

1997 4669 2208 4728 formae
2236 4681 2336 4724 seu
2364 4667 2609 4739 spiritus.

2075 4761 2299 4815 Praeter
2343 4755 2479 4813 baec
2518 4770 2647 4813 vero
2684 4755 2739 4812 in
2772 4753 2889 4828 ipsa
2925 4760 3106 4812 mente
3132 4752 3457 4828 legislatoris
3486 4753 3600 4812 duo

1996 4846 2420 4921 distinguimus,
2450 4844 2664 4902 scilicet
2690 4844 3026 4901 voluntatem
3054 4849 3110 4902 et
3135 4843 3424 4934 rationem,
3457 4855 3599 4917 quae

1996 4935 2153 4995 Bald.
2198 4941 2254 4994 et
2279 4941 2536 4993 auctores
2564 4949 2736 5006 supra
2762 4932 2910 4990 citati
2948 4931 3202 4990 videntur
3232 4913 3599 5005 confundere,

1999 5035 2057 5086 et
2082 5041 2256 5101 aeque
2285 5026 2352 5083 de
2380 5024 2485 5083 illis
2514 5022 2776 5081 iudicare.
2808 5020 2964 5092 Quod
2990 5024 3158 5080 etiam
3184 5021 3348 5080 docet
3366 5023 3518 5079 Bart.
3544 5021 3599 5080 in

1999 5116 2040 5177 l.
2073 5129 2211 5174 cum
2247 5113 2489 5182 vaniter,
2536 5113 2594 5171 tr.
2638 5111 2807 5171 solut.
2850 5113 3093 5171 matrim.
3134 5127 3235 5186 per
3262 5117 3475 5172 textum
3500 5111 3595 5170 ibi.

1999 5207 2150 5270 Idem
2176 5219 2307 5266 vero
2332 5205 2480 5264 Bart.
2510 5201 2567 5262 in
2594 5201 2633 5263 l.
2661 5207 2717 5280 3,
2742 5207 2775 5271 s
2794 5203 2848 5262 si
2858 5215 3108 5279 parens,
3132 5201 3189 5262 ff.
3216 5201 3459 5280 delegit.
3484 5205 3593 5266 tut.
