4325 6267
1753 329 1968 382 mm·
1992 334 2191 384 XXIV.

341 459 438 519 ubi
461 459 799 532 constiterit,
822 456 1036 515 nullum
1058 469 1180 514 esse
1202 455 1310 515 tale
1328 456 1660 531 periculum
1684 464 1774 517 est
1790 461 1940 517 enim

337 551 530 610 eadem
555 549 716 608 ratio.

417 637 803 713 Respondetur
823 635 1071 712 negando
1094 637 1422 697 antecedens
1442 639 1762 713 generaliter
1789 657 1941 699 sum-

341 737 518 806 ptum.
549 731 690 787 Nam
729 727 817 786 lex
855 727 1146 801 prohibens
1181 729 1392 787 deferre
1431 746 1585 788 arma
1609 737 1782 789 noctu
1809 747 1942 806 pro-

341 827 464 896 pter
503 819 854 879 incommoda
885 820 1194 893 iurgiorum
1217 863 1232 892 ,
1271 820 1358 878 vel
1395 821 1752 895 iniuriarum,
1797 837 1940 896 quae

341 913 466 970 inde
511 911 668 987 sequi
709 910 906 985 solent,
936 910 1140 985 obligat
1163 927 1376 984 omnes,
1405 914 1616 970 etiamsi
1642 913 1805 970 nulla*
1819 915 1940 971 rixa

341 1002 624 1060 timeatur.
657 1002 791 1059 Item
813 1001 898 1059 lex
919 1000 1214 1074 prohibens
1238 1001 1436 1060 babere
1459 1001 1617 1075 plura
1637 1002 1818 1060 officia
1837 1003 1942 1060 rei-

343 1092 632 1166 publicae,
661 1097 886 1166 propter
912 1091 1193 1149 vitandum
1228 1091 1644 1166 incommodum
1668 1093 1940 1154 indebitae

343 1182 842 1255 administrationis,
883 1182 1085 1257 obligat
1109 1185 1273 1242 etiam
1301 1182 1475 1258 illum,
1507 1183 1562 1240 in
1589 1200 1701 1258 quo
1729 1186 1834 1244 tale
1859 1188 1941 1243 in-

342 1273 701 1331 commodum
743 1278 956 1345 cessat,
983 1261 1124 1347 'quia
1159 1273 1439 1331 sufficiens
1475 1279 1564 1331 est
1602 1273 1669 1331 ad
1697 1275 1788 1333 illa
1815 1291 1938 1349 per·

341 1363 642 1420 rectissime
679 1361 1123 1421 administranda.
1153 1363 1310 1422 Unde
1336 1365 1518 1437 potius
1548 1371 1734 1439 potest
1759 1372 1940 1424 retor-

341 1455 502 1528 queri
543 1459 932 1527 argumentum
973 1452 1040 1510 ad
1086 1453 1512 1512 confirmandam
1561 1457 1937 1514 assertionem.

339 1546 480 1603 Nam
509 1544 557 1600 si
581 1542 669 1601 lex
697 1543 980 1616 prohibeat
1007 1543 1206 1618 aliquid
1232 1550 1459 1618 propter
1485 1544 1832 1603 incommoda
1858 1545 1935 1603 vi-

343 1634 530 1708 tanda,
565 1632 771 1706 obligat
799 1635 854 1689 in
882 1633 1195 1705 particulari
1225 1649 1386 1706 casu,
1410 1635 1618 1692 etiamsi
1637 1637 1692 1692 in
1716 1635 1806 1693 illo
1829 1652 1938 1695 non

343 1723 686 1781 inveniantur
706 1745 723 1798 3
761 1736 892 1797 ergo
918 1722 1186 1798 similiter,
1211 1731 1323 1782 etc.
1347 1726 1632 1783 Praeterea
1654 1733 1942 1801 retorque-

343 1822 442 1871 tur
466 1815 607 1871 ratio
636 1813 782 1870 illius
809 1813 1106 1870 sententiae
1121 1853 1136 1882 ,
1167 1813 1295 1888 quia
1321 1812 1454 1872 licet
1478 1821 1695 1873 cessent
1716 1817 1942 1887 pericu-

345 1903 422 1976 la,
453 1903 536 1961 vel
562 1901 932 1972 incommoda,
961 1917 1178 1976 semper
1201 1909 1285 1961 est
1305 1903 1600 1963 honestum
1621 1920 1840 1963 servare
1861 1905 1936 1963 le-

345 2009 494 2068 gem,
521 1999 580 2051 et
605 2001 694 2051 est
721 1993 853 2050 utile
879 1992 950 2051 ad
975 1996 1238 2051 maiorem
1264 1993 1395 2068 legis
1415 1995 1656 2069 vigorem
1675 2003 1732 2053 et
1752 1995 1944 2054 obser-

348 2085 604 2142 vantiam.
635 2084 770 2141 Item
799 2081 928 2156 quia
955 2089 1018 2141 ut
1038 2083 1126 2143 lex
1153 2084 1530 2143 universaliter
1557 2086 1779 2161 obliget,
1806 2089 1938 2145 satis

346 2183 456 2248 est,
485 2173 637 2250 quod
664 2182 728 2232 ut
754 2175 809 2230 in
835 2175 1130 2248 plurimum
1158 2181 1460 2250 sequantur
1496 2176 1844 2235 incommoda
1870 2194 1937 2238 ex

347 2266 622 2325 contrario
665 2273 816 2325 actu.
859 2266 1133 2335 Quocirca
1152 2308 1168 2337 ,
1211 2273 1277 2324 ut
1309 2268 1362 2323 in
1393 2264 1576 2342 aliquo
1601 2282 1738 2326 casu
1764 2275 1945 2327 cesset

351 2357 604 2431 obligatio
645 2356 776 2431 legis
809 2355 949 2414 latae
975 2355 1046 2413 ad
1072 2355 1292 2414 vitanda
1317 2356 1688 2429 incommoda,
1717 2374 1827 2415 non
1855 2375 1942 2417 sa-

349 2451 424 2506 tis
449 2455 537 2506 est
559 2491 574 2522 ,
605 2455 670 2506 ut
693 2446 1040 2504 incommoda
1065 2453 1313 2517 cessent,
1345 2446 1441 2505 sed
1469 2454 1723 2522 oportet,
1759 2456 1820 2506 ut
1845 2464 1940 2505 oc·

350 2545 581 2597 currant
621 2536 802 2612 aliqua
825 2537 1014 2611 gravia
1040 2537 1408 2612 incommoda,
1440 2554 1580 2612 quae
1608 2539 1662 2595 in
1691 2538 1783 2596 tali
1809 2555 1943 2597 casu

351 2617 675 2702 sequantur,
711 2630 758 2684 si
785 2627 873 2685 lex
901 2634 1176 2698 servetur,
1206 2635 1262 2686 et
1289 2627 1408 2685 ideo
1438 2643 1534 2701 per
1563 2629 1785 2687 modum
1811 2630 1942 2704 epii-

353 2719 470 2776 kiae
514 2734 734 2776 cessare
767 2725 1080 2776 censeatur.
1126 2719 1197 2776 Et
1229 2720 1306 2775 ita
1345 2717 1564 2776 videtur
1600 2720 1942 2793 interpretari

353 2811 630 2866 Navarrus
660 2823 816 2866 suam
843 2811 1185 2880 sententiam,
1211 2808 1278 2864 de
1305 2823 1416 2880 quo
1441 2815 1650 2881 puncto
1676 2808 1838 2882 plura
1866 2810 1943 2867 di-

353 2914 545 2956 cemus
575 2898 734 2970 inl'ra,
767 2897 1051 2955 tractando
1076 2896 1142 2955 de
1165 2899 1630 2972 interpretatione,
1657 2901 1740 2957 vel
1761 2915 1946 2958 cessa-

353 2992 504 3046 tione
536 2987 878 3062 obligationis
905 2987 1061 3061 legis.

438 3084 493 3139 6.
524 3080 656 3137 Dico
686 3076 958 3136 secundo:
996 3076 1221 3147 Quando
1262 3077 1346 3136 lex
1388 3078 1649 3138 fundatur
1697 3081 1750 3138 in
1790 3096 1945 3154 prae·

355 3173 674 3244 sumptione
704 3167 973 3226 definitiva
999 3185 1098 3227 seu
1126 3169 1274 3242 iacti,
1297 3185 1405 3226 non
1434 3170 1659 3245 obligat,
1685 3186 1790 3228 non
1813 3173 1944 3230 sub-

353 3261 580 3318 sistente
603 3258 1066 3332 praesumptione,
1085 3273 1183 3316 seu
1206 3260 1438 3316 veritate
1459 3259 1607 3342 (acti.
1627 3259 1786 3318 quta
1804 3261 1946 3320 hanc

355 3349 711 3409 assertionem
753 3347 1054 3424 procedere
1099 3356 1284 3422 potest
1327 3351 1635 3406 communis
1685 3353 1948 3410 sententia

355 3458 526 3516 supra
551 3443 745 3514 citata,
782 3455 1014 3516 eamque
1044 3440 1345 3514 significare
1377 3439 1590 3497 videtur
1617 3440 1836 3498 Felinus
1864 3442 1944 3499 di-

355 3540 450 3590 cto
479 3548 536 3589 u.
563 3535 658 3589 40.
686 3531 855 3588 verbo
873 3529 1414 3603 hancsallentiam.
1444 3531 1534 3588 ubi
1557 3540 1812 3590 numerat
1833 3541 1946 3591 tres

358 3638 548 3696 casus,
579 3623 634 3678 iu
677 3621 880 3697 quibus
920 3620 1005 3678 lex
1044 3637 1150 3678 non
1182 3620 1384 3694 obligat
1417 3621 1472 3678 in
1501 3625 1866 3694 conscientia,
1894 3633 1949 3682 et

357 3713 572 3770 omissis
613 3710 860 3769 secundo
899 3709 966 3768 de
1003 3711 1118 3785 lege
1155 3712 1388 3784 iniusta,
1432 3718 1489 3769 et
1529 3714 1688 3770 tertio
1728 3712 1795 3771 de
1829 3715 1949 3788 lege

355 3802 566 3876 poenali
604 3801 783 3875 quoad
815 3799 1138 3859 solutionem
1166 3817 1394 3875 poenae,
1425 3802 1518 3877 qui
1545 3801 1614 3860 ad
1641 3819 1755 3860 rem
1792 3820 1952 3877 prae-

356 3901 566 3952 sentem
599 3907 709 3949 non
733 3892 1030 3965 pertinent,
1058 3893 1264 3964 primus
1305 3898 1362 3950 et
1396 3894 1592 3951 unicus
1622 3894 1768 3968 apud
1797 3896 1948 3954 illum

353 3991 476 4058 est,
507 3981 747 4058 quando
773 3982 872 4040 lex
891 3979 1200 4056 fundatur
1227 3998 1404 4058 super
1418 3989 1856 4062 praesumptis,
1893 3990 1950 4044 et

353 4092 476 4132 non
508 4090 684 4150 super
719 4074 917 4134 certis.
959 4079 1022 4131 ut
1059 4072 1450 4147 ille-loquitur.
1497 4074 1567 4133 Ut
1607 4074 1824 4149 quando
1864 4076 1951 4135 lex

353 4165 628 4240 praecipit
671 4164 892 4222 obedire
939 4165 1269 4234 sententiae,
1320 4180 1484 4238 quam
1529 4169 1828 4237 praesumit
1865 4167 1951 4224 iu-

356 4263 534 4330 stam3
570 4271 696 4314 nam
725 4257 774 4312 si
803 4259 1043 4326 constet,
1073 4270 1181 4310 non
1209 4270 1332 4311 esse
1358 4254 1580 4324 iustam,
1609 4271 1716 4312 nou
1746 4255 1952 4331 obligat

357 4346 483 4404 talis
511 4346 597 4403 lex
617 4343 686 4402 ad
709 4341 1102 4402 observandam
1127 4343 1272 4400 illam
1299 4344 1642 4417 senteutiam,
1676 4345 1804 4418 quia
1831 4345 1952 4402 sun·

359 4437 600 4495 daturin
623 4434 1062 4507 praesumptione
1081 4434 1208 4492 talis
1237 4434 1364 4492 sacti
1393 4435 1446 4490 in
1471 4434 1745 4493 individuo
1762 4477 1778 4509 ,
1809 4437 1950 4494 scili-

357 4535 451 4585 cet
469 4567 486 4598 ,
517 4525 668 4601 quod
699 4525 814 4584 talis
841 4526 1104 4582 sententia
1131 4526 1274 4582 iusta
1299 4527 1386 4581 sit.
1420 4526 1489 4583 Et
1516 4524 1656 4583 idem
1685 4527 1952 4601 significat

359 4617 512 4677 Bald.
557 4619 610 4674 in
650 4615 798 4674 dicta
837 4613 876 4673 l.
915 4631 1052 4673 oum
1089 4619 1250 4689 quis,
1285 4615 1337 4671 in
1363 4615 1626 4689 exemplis
1672 4618 1948 4691 omnibus,

359 4726 501 4786 quae
540 4707 781 4767 adducit.
822 4708 1077 4776 Quamvis
1117 4707 1204 4764 alii
1245 4711 1472 4763 utantur
1510 4706 1626 4764 aliis
1665 4709 1949 4783 exemplis,

357 4816 499 4876 quae
538 4799 664 4874 plus
703 4797 972 4870 indicant,
1011 4804 1069 4854 et
1107 4795 1437 4854 admittenda
1473 4813 1584 4854 non
1625 4805 1776 4868 sunt,
1811 4800 1954 4856 utin

355 4891 449 4949 lib.
481 4891 547 4948 V.
587 4889 752 4946 latius
793 4886 989 4945 dicam.
1034 4886 1355 4958 Exemplum
1393 4891 1576 4944 autem
1613 4885 1684 4944 de
1723 4887 1953 4946 haerede

357 4998 466 5039 non
491 4978 722 5037 faciente
756 4976 1150 5049 inventarium,
1182 4975 1420 5032 admissa
1457 4975 1546 5033 illa
1587 4975 1855 5049 opinione,
1885 4974 1954 5034 ad

357 5073 508 5130 hunc
551 5085 774 5127 sensum
811 5065 972 5125 debet
1005 5065 1430 5124 accommodari.
1471 5067 1542 5124 Et
1569 5066 1734 5125 babet
1758 5066 1954 5126 funda·

359 5169 606 5222 mentum
638 5160 692 5216 in
718 5157 1044 5216 Anthentica
1071 5157 1139 5214 de
1161 5155 1435 5213 haeredib.
1460 5164 1518 5214 et
1537 5157 1713 5214 salcid.
1740 5173 1864 5230 cap.
1890 5162 1948 5216 2.

360 5253 462 5311 ibi:
495 5255 576 5312 Et
601 5265 716 5308 non
737 5263 848 5325 per
873 5263 964 5316 ea,
994 5243 1320 5322 quaesorte
1339 5249 1687 5321 surripiunt,
1713 5245 1806 5304 vel
1825 5264 1954 5306 ma-

3385 315 3511 390 245

2009 457 2312 535 liquamen·
2337 457 2714 517 introducere
2746 461 3109 534 pertentant.
3139 458 3211 518 Et
3233 456 3405 516 intra:
3442 460 3600 517 Cum

2005 554 2203 624 utique
2239 553 2293 608 si
2328 548 2483 608 nihil
2520 547 2845 623 malignati
2881 552 3087 612 essent,
3120 545 3416 622 monforte
3444 565 3601 606 cont-

2003 645 2241 716 peteret.
2273 639 2373 697 Vel
2411 641 2548 698 sorte
2575 640 2669 698 illa
2696 639 2780 698 lex
2806 639 2965 713 quasi
2993 639 3233 714 poenalis
3262 646 3349 698 est
3374 647 3599 714 propter

2007 729 2390 803 negligentiam
2416 729 2647 788 faciendi
2674 732 3063 803 inventarium,
3093 737 3151 789 et
3176 730 3300 788 ideo
3329 746 3436 789 non
3468 732 3601 790 obli-

2007 826 2106 894 gat
2146 821 2201 877 in
2245 821 2583 880 conscientia
2618 827 2741 879 ante
2776 820 2972 879 iudicis
3008 823 3360 895 sententiam3
3403 822 3602 896 poterit

2011 916 2197 967 autem
2225 916 2361 968 tunc
2386 911 2530 968 iuste
2567 913 2691 985 cogi
2730 910 2919 969 haeres
2956 927 3052 984 per
3087 911 3354 986 iudicem,
3383 919 3442 970 et
3464 917 3601 970 tunc

2007 1000 2285 1058 tenebitur
2313 1001 2367 1056 in
2396 999 2734 1058 conscientia
2763 1016 2986 1074 parere:
3018 1017 3195 1076 neque
3222 1001 3366 1059 aliud
3390 1003 3601 1075 disponi

2007 1089 2227 1148 videtur
2255 1106 2353 1163 per
2382 1090 2527 1148 illam
2553 1091 2754 1166 legem.
2787 1092 3011 1149 Omissis
3040 1106 3171 1149 vero
3197 1092 3484 1167 exemplis,
3514 1109 3601 1149 ra-

2011 1181 2087 1238 tio
2126 1180 2444 1239 assertionis
2484 1188 2605 1252 est,
2650 1181 2776 1255 quia
2816 1179 3034 1256 quando
3074 1180 3160 1238 lex
3198 1181 3459 1239 fundatur
3496 1183 3600 1240 hoc
3668 1195 3673 1200 ·

2007 1268 2173 1327 modo
2202 1271 2253 1327 in
2282 1271 2723 1345 praesumptione
2743 1313 2759 1341 ,
2790 1269 3074 1328 deficiente
3107 1271 3331 1328 veritate
3350 1312 3365 1343 ,
3394 1271 3607 1330 tollitur

2009 1360 2225 1417 omnino
2268 1359 2687 1419 fundamentum
2722 1359 2881 1434 legis,
2910 1366 2966 1417 et
2991 1359 3111 1418 ideo
3138 1376 3365 1419 necesse
3392 1367 3509 1435 est,
3538 1368 3604 1422 ut

2007 1457 2191 1509 cesset
2230 1450 2483 1525 obligatio
2522 1451 2661 1510 eius.
2704 1452 2765 1508 ln
2802 1467 2914 1527 quo
2956 1459 3042 1510 est
3078 1467 3271 1525 magna
3304 1451 3603 1510 differentia

2005 1543 2154 1600 inter.
2182 1541 2325 1599 banc
2364 1541 2536 1615 legem
2573 1547 2631 1599 et
2665 1540 2841 1612 illam,
2882 1556 3026 1616 quae
3060 1541 3321 1600 fundatur
3358 1544 3413 1599 in
3448 1557 3601 1614 prae-

2011 1633 2323 1704 sumptione
2350 1631 2600 1704 periculi,
2629 1633 2758 1707 quia
2782 1633 2834 1688 in
2866 1632 3053 1705 priori,
3076 1638 3327 1688 cessante
3350 1632 3597 1704 veritate,

2005 1723 2193 1782 deficit
2226 1722 2642 1782 fundamentum
2681 1722 2845 1794 legis,
2885 1724 2941 1779 in
2968 1723 3263 1797 posteriori
3292 1730 3475 1780 autem
3505 1721 3601 1780 mi·

2009 1815 2181 1886 nime,
2210 1815 2344 1887 quia
2373 1829 2585 1885 semper
2610 1819 2701 1871 est
2721 1828 2915 1870 verum
2936 1812 3138 1884 dicere,
3162 1819 3349 1870 actum
3367 1828 3489 1870 esse
3511 1829 3604 1886 pe-

2005 1903 2310 1962 riculosum
2328 1945 2343 1974 ,
2372 1905 2585 1961 etiamsi
2618 1919 2728 1960 non
2762 1903 2978 1961 eveniat
3018 1903 3267 1962 effectus.
3296 1903 3449 1962 Unde
3478 1920 3603 1978 pro·

2007 1996 2123 2068 prie
2165 1993 2470 2069 loquendo,
2516 1993 2603 2050 illa
2642 1995 2779 2051 ratio
2819 1994 3047 2069 periculi
3080 2009 3189 2051 non
3222 1999 3330 2051 tam
3356 2009 3422 2051 ex
3450 2010 3605 2066 prae-

2007 2086 2355 2158 sumptione,
2398 2101 2563 2160 quam
2604 2100 2672 2142 ex
2710 2099 2880 2158 vero,
2924 2091 2981 2142 et
3006 2091 3159 2143 certo
3186 2084 3389 2142 iudicio
3414 2085 3483 2142 de
3510 2085 3605 2143 tali

2007 2175 2255 2249 periculo
2284 2177 2537 2234 timetur:
2572 2191 2735 2233 secus
2763 2191 2895 2244 vero
2922 2183 3042 2246 est,
3071 2175 3291 2250 quando
3320 2191 3604 2248 praesum-

2008 2267 2122 2340 ptio
2163 2273 2253 2324 est
2292 2265 2359 2324 de
2399 2267 2517 2339 ipso
2554 2265 2737 2339 tacto,
2782 2265 2932 2341 quod
2970 2265 3297 2339 simpliciter
3330 2267 3605 2324 incertum

2009 2363 2116 2430 est,
2148 2356 2279 2414 licet
2303 2363 2715 2429 praesumatur,
2748 2355 2893 2414 uude
2923 2371 3053 2414 cum
3082 2345 3429 2413 non'tantum
3457 2355 3603 2428 peri-

2011 2446 2233 2518 culum,
2274 2445 2369 2504 sed
2404 2447 2568 2504 etiam
2604 2448 2901 2519 ipsummet
2935 2446 3143 2504 sactum
3180 2447 3251 2502 sit
3289 2445 3603 2503 fundamen-

2012 2544 2132 2594 tum
2168 2537 2293 2595 talis
2321 2537 2476 2611 legis,
2502 2537 2728 2609 merito,
2758 2544 3005 2595 cessante
3034 2539 3265 2594 veritate
3290 2537 3455 2608 iacti,
3486 2551 3606 2594 ces-

2010 2633 2098 2684 sat
2135 2627 2388 2701 obligatio
2415 2626 2568 2703 legis.
2600 2627 2853 2697 Accedit,
2884 2627 3029 2700 quod
3057 2628 3223 2685 etiam
3260 2633 3397 2684 tunc
3426 2630 3608 2684 cessat

2012 2717 2239 2774 materia
2265 2717 2421 2791 legis,
2454 2717 2593 2774 utin
2622 2731 2759 2774 casu
2784 2716 2851 2776 de
2873 2719 3236 2790 matrimonio,
3262 2721 3309 2776 si
3337 2717 3424 2776 lex
3450 2734 3605 2792 prae-

2011 2809 2177 2880 cipiat
2216 2823 2538 2881 permanere
2573 2824 2703 2865 cum
2732 2809 2959 2866 muliere
2987 2809 3201 2884 cognita
3228 2815 3355 2883 post
3378 2824 3605 2883 sponsa-

2011 2896 2113 2970 lia,
2143 2905 2202 2954 et
2227 2899 2542 2972 contingat,
2584 2914 2692 2955 non
2720 2898 2890 2957 fuisse
2917 2901 3193 2974 cognitam
3222 2901 3423 2959 affectu
3449 2901 3607 2958 mari-

2015 2986 2142 3048 tali.
2186 2994 2370 3043 cessat
2396 2989 2451 3043 in
2480 2989 2817 3046 conscientia
2842 2989 3100 3064 obligatio
3128 2990 3248 3048 talis
3278 2990 3411 3065 legis
3431 3032 3447 3063 ,
3478 2992 3602 3066 quia

2015 3091 2075 3134 re
2102 3092 2231 3133 vera
2258 3083 2440 3134 cessat
2465 3080 2688 3135 materia
2714 3079 2863 3136 eius:
2895 3095 3019 3138 nam
3047 3081 3274 3137 intentio
3298 3081 3604 3156 illius‘legis

2013 3174 2100 3226 est
2136 3168 2454 3241 praecipere
2486 3184 2779 3226 accessum
2808 3166 2878 3226 ad
2906 3185 3063 3227 suam
3090 3170 3405 3244 coniugem,
3434 3179 3491 3230 et
3518 3171 3607 3229 illa

2013 3275 2125 3316 non
2151 3263 2240 3315 est
2266 3260 2506 3328 coniux3
2537 3260 2614 3315 ita
2638 3274 2771 3332 ergo
2799 3260 2961 3317 estin
2988 3260 3241 3317 omnibus
3270 3260 3553 3318 similibus.

2093 3351 2143 3406 7-
2190 3347 2379 3406 Solum
2424 3354 2608 3421 potest
2655 3349 2885 3407 ulterius
2931 3349 3283 3424 interrogari,
3331 3351 3605 3424 quomodo

2013 3437 2433 3496 discernendum
2462 3439 2565 3513 sit,
2595 3439 2815 3512 quando
2844 3439 2929 3497 lex
2957 3439 3219 3498 fundetur
3254 3441 3304 3498 in
3333 3443 3605 3514 praeiudi-

2015 3531 2102 3588 cio
2132 3529 2360 3604 periculi
2388 3535 2621 3605 tautum,
2654 3545 2751 3586 seu
2782 3530 2832 3586 in
2863 3545 2952 3602 eo,
2978 3531 3127 3604 quod
3155 3531 3493 3604 frequentius
3516 3549 3607 3590 ac-

2019 3618 2175 3693 cidit,
2204 3619 2289 3678 vel
2325 3619 2491 3677 etiam
2529 3620 2583 3676 in
2620 3609 3064 3693 praesumptione
3090 3621 3252 3694 sacti,
3279 3621 3429 3696 quod
3452 3624 3527 3681 ita
3552 3625 3607 3681 in

2015 3724 2074 3766 re
2101 3712 2221 3782 ipsa
2236 3724 2367 3767 esse
2396 3716 2751 3783 supponatur.
2784 3711 2862 3768 De
2888 3710 2995 3769 hoc
3019 3727 3151 3769 vero
3180 3728 3289 3770 non
3310 3729 3606 3787 possumus

2015 3807 2226 3858 certam
2272 3799 2521 3874 regulam
2568 3802 2621 3856 in
2672 3801 2988 3874 particulari
3034 3803 3327 3876 assignare.
3371 3804 3608 3861 Dicimus

2015 3905 2174 3963 ergo,
2202 3906 2269 3948 ex
2298 3893 2551 3963 materia,
2582 3898 2640 3949 et
2678 3891 2855 3948 verbis
2898 3890 3061 3965 legis,
3100 3893 3358 3950 adiuncto
3390 3910 3527 3968 usu,
3554 3900 3611 3952 et

2017 3979 2469 4052 interpretatione
2490 3979 2784 4039 doctorum
2806 3981 2861 4038 id
2881 3996 3001 4038 esse
3020 3981 3406 4056 colligendum.
3424 3984 3611 4042 Altera

2017 4069 2285 4128 dubitatio
2320 4069 2389 4128 de
2423 4072 2717 4129 intentione
2756 4070 3112 4146 legislatoris,
3142 4073 3363 4146 quaein
3390 4073 3493 4132 alio
3522 4091 3609 4132 ar-

2020 4167 2283 4234 gumento
2324 4161 2623 4235 superioris
2659 4162 2851 4235 capitis
2880 4162 3187 4235 petebatur,
3219 4170 3345 4237 post
3372 4181 3607 4239 sequens

2019 4258 2191 4324 caput
2217 4250 2561 4317 commodius
2590 4252 2936 4310 tractabitur.

2544 4428 2821 4500 CAPUT
2864 4431 3107 4502 XXIV.

2104 4613 2324 4672 Utrum
2352 4609 2450 4670 lex
2475 4609 2668 4670 civilis
2695 4609 2933 4687 obliqet,
2968 4612 3059 4672 vel
3083 4614 3341 4691 obliqare
3360 4571 3549 4696 possit

2083 4701 2092 4710 ‘
2380 4703 2489 4762 sub
2514 4709 2689 4761 reatu
2716 4702 2989 4762 mortalis
3015 4705 3249 4784 culpae.

2587 4869 3047 4934 summarium

2023 5045 2074 5098 1.
2093 5044 2366 5098 eontentio
2390 5043 2527 5094 inter
2550 5041 2806 5107 doctores,
2828 5056 2891 5094 an
2917 5044 2997 5095 lex
3014 5045 3183 5098 civilis
3201 5047 3429 5099 includat
3446 5048 3611 5101 solum

2089 5116 2339 5167 rationem
2372 5114 2631 5180 praecepti
2667 5115 2771 5166 late
2804 5115 3024 5180 sumpti,
3050 5116 3132 5167 vel
3154 5118 3314 5182 possit
3336 5131 3399 5169 ex
3422 5131 3613 5183 genere

2089 5199 2184 5237 suo
2205 5186 2367 5248 magis
2400 5185 2648 5250 obligare,
2675 5191 2729 5234 et
2754 5185 3013 5250 imponere
3036 5188 3395 5240 necessitatem
3418 5191 3498 5240 vel
3524 5203 3611 5256 pa-

2091 5255 2270 5319 rendi,
2310 5255 2391 5306 vel
2426 5255 2713 5306 mortaliter
2750 5254 3008 5320 peccandi.
3034 5283 3106 5294 -·
3128 5256 3181 5308 2.
3216 5257 3319 5309 Lex
3348 5258 3519 5314 civilis
3548 5274 3611 5313 ex
