4325 6267
1654 321 1863 371 INDEX
1892 320 2123 373 Pluma:
2150 320 2390 369 mnus

2046 444 2176 501 Cn».
2207 443 2416 499 XXVH.
2459 472 2533 484 —
2563 443 2778 501 Utrum
2835 442 3120 515 obliqatio
3187 442 3334 517 leqis
3392 446 3504 503 hu-

944 443 1205 501 eiusdem
1224 447 1535 519 potestatis
1562 450 1619 501 et
1645 442 1809 517 kaie,
1847 466 1856 473 ·

938 538 1006 589 ut
1038 536 1103 589 in
1143 549 1308 605 pura
1332 536 1590 599 natura,
1638 529 1729 587 vel
1754 532 1821 588 in

942 621 1211 693 qentibus
1236 624 1495 695 spectari
1509 626 1723 696 potest.
1758 637 1815 692 p.
1868 624 1970 680 193

3452 306 3578 370 377

2627 546 2852 589 manae
2865 574 2880 597 ,
2911 530 3115 604 quoad
3148 537 3504 605 qravitatem

2622 622 2776 683 eius,
2811 634 2888 675 ex
2915 622 3234 678 intentione
3261 620 3499 693 leqisla-

371 718 503 773 Cn.
534 696 669 772 ΧΙΙ.’
800 742 867 753 -
895 712 1115 769 Utrum
1148 708 1300 782 leqes
1335 708 1542 767 civiles
1585 712 1653 767 in
1692 707 1824 765 sola
2623 711 2770 763 toris
2787 706 3050 780 pendeat
3081 750 3096 765 .
3181 749 3198 765 .
3281 748 3300 766 .
3369 726 3496 784 pag.
3542 717 3654 772 253

940 802 1206 856 materia
1238 800 1493 857 honesta
1515 802 1826 854 versentur
2050 797 2180 854 Cn.
2215 797 2442 853 xxvnl.
2461 826 2534 837 —
2565 799 2778 855 mrum
2817 793 2916 851 lex
2961 797 3236 856 humana
3272 803 3330 854 et
3363 802 3503 856 civi-

944 890 1233 943 virtutum
1310 890 1576 943 omnium
1648 889 1826 941 actus
2625 883 2700 941 tis
2739 884 2950 959 obliget
2987 886 3092 943 sub
3121 886 3386 955 mortali,
3438 894 3508 944 ut

937 974 1380 1051 praecipiendo,
1404 974 1495 1031 vel
1512 977 1669 1031 vitia
1688 989 1825 1029 con-
2627 989 2704 1031 ex
2743 979 3081 1047 contemptu
3113 991 3234 1032 nou
3259 974 3510 1033 violetur

945 1067 1145 1121 traria
1166 1061 1549 1136 prohibendo.
1601 1103 1613 1117 .
1703 1102 1717 1117 .
1806 1102 1821 1116 .
1872 1060 1969 1117 197
2623 1066 2810 1121 etiam
2835 1068 2899 1120 in
2924 1066 3214 1121 minimis.
3283 1106 3296 1119 .
3385 1106 3398 1122 .
3485 1108 3499 1121 .
3545 1072 3656 1126 258

374 1162 505 1217 Cu».
539 1159 674 1217 ΧΙΙΙ.
781 1186 857 1199 --
877 1160 973 1211 An
998 1152 1097 1209 leae
1130 1152 1323 1209 civilis
1364 1156 1601 1209 tantum
1642 1152 1826 1223 possit
2052 1155 2182 1211 Cn.
2214 1154 2399 1211 XXIX.
2467 1182 2542 1194 —
2574 1154 2788 1212 Utrum
2827 1151 2927 1209 lex
2973 1152 3248 1211 humana
3299 1154 3512 1227 obliqet

948 1246 1223 1299 eoeternos
1257 1245 1431 1299 aetus
1451 1242 1815 1314 praecipere,
2626 1239 2712 1297 ad
2736 1239 2978 1298 modum
2997 1246 3259 1304 virtutis,
3291 1249 3348 1300 et
3369 1260 3506 1300 eon-

946 1336 1059 1388 aut
1072 1329 1407 1405 prohibere.
1504 1370 1519 1385 .
1606 1370 1621 1385 .
1705 1368 1719 1381 .
1806 1368 1821 1383 .
1866 1330 1975 1384 203
2625 1336 2931 1401 sequenter
2948 1347 3065 1403 quo
3090 1337 3233 1389 actu
3263 1332 3512 1406 implea-

376 1430 508 1487 Ωιι».
539 1426 677 1485 xlv.
786 1454 862 1467 -
892 1425 1105 1483 Utrum
1126 1425 1295 1478 actus
1316 1421 1679 1494 praeteritus
1693 1430 1830 1490 pos·
2630 1424 2734 1475 tur
2785 1459 3512 1479 ........
3558 1426 3669 1481 264

950 1514 1029 1569 eit
1046 1526 1171 1567 esse
1188 1526 1267 1566 ex
1285 1510 1553 1567 materia
1568 1505 1710 1580 ἱερὴ
1723 1505 1831 1562 hu·
2058 1511 2191 1567 Cn’.
2221 1509 2380 1565 XXX.
2471 1538 2549 1549 —
2575 1510 2788 1567 Utrum
2813 1507 2915 1567 lea*
2940 1511 3216 1568 humana
3233 1516 3289 1568 et
3315 1511 3508 1571 civilis

957 1614 1193 1657 manae.
1206 1635 1827 1655 .......
1870 1596 1981 1653 206
2628 1602 2819 1673 possit
2833 1600 3102 1674 obliqare
3119 1600 3204 1659 ad
3215 1603 3312 1659 sui
3330 1601 3522 1659 obser-

378 1698 509 1753 Cn».
541 1693 655 1753 XV.
802 1720 879 1733 —-
904 1690 1076 1764 Quae
1122 1686 1341 1760 forma
1385 1692 1673 1755 eoeterna,
1726 1702 1832 1743 seu
2630 1691 2928 1745 nationem
2954 1706 3089 1745 cum
3112 1690 3384 1763 periculo
3412 1706 3518 1746 cu·

950 1775 1241 1835 sensibilis
1290 1774 1593 1835 servanda
1637 1778 1715 1831 sit
1765 1778 1833 1832 iu
2633 1780 2982 1849 iuscumque
3005 1784 3342 1836 nocumenti
3375 1784 3520 1835 tem-

935 1864 1207 1938 serenda
1230 1864 1355 1939 leqe
1377 1866 1657 1923 humana
1713 1906 1728 1918 .
1815 1903 1829 1917 .
1874 1862 1985 1919 210
2626 1864 2888 1939 poralis,
2921 1870 3110 1924 etiam
3137 1872 3343 1924 mortis
3399 1909 3412 1923 .
3499 1911 3513 1924 .
3556 1871 3662 1927 267

382 1962 511 2017 Cu».
546 1959 683 2017 xvl.
792 1986 871 1999 -
898 1958 1071 2030 Quae
1108 1952 1521 2029 promulqatio
1566 1966 1837 2008 necessa·
2062 1960 2192 2016 Cn.
2222 1956 2404 2013 XXXI.
2475 1984 2554 1997 -
2581 1957 2796 2013 Utrum
2828 1953 2982 2027 leqes
3007 1956 3312 2013 humanae
3347 1971 3518 2028 qene-

948 2046 1051 2101 ria
1090 2046 1169 2099 sit
1206 2041 1291 2101 ad
1323 2039 1659 2116 perfectam
1696 2056 1831 2096 eon·

952 2134 1317 2189 stitutionem
1342 2130 1489 2205 leyis
1516 2128 1730 2186 civilis.
1817 2168 1829 2182 .
1875 2130 1983 2185 217

384 2227 514 2283 Cn».
547 2222 707 2283 xvu.
796 2250 873 2265 -
899 2218 1159 2295 Quando
1188 2224 1244 2277 et
1267 2216 1556 2291 quomodo
1582 2219 1837 2290 {recipiat

960 2308 1231 2381 obliqare
1256 2322 1333 2365 ex
1356 2311 1587 2363 natura
1606 2320 1723 2363 sua
1742 2304 1840 2361 lea·

956 2396 1179 2471 civilis!
1202 2401 1529 2471 postquam
1555 2399 1641 2451 est
1670 2392 1865 2468 suffio
1906 2408 1917 2417 ·

958 2489 1181 2545 cienter
1197 2483 1591 2560 promedqata
1620 2525 1634 2539 .
1720 2524 1735 2539 .
1823 2524 1837 2539 .
1882 2488 1987 2542 221

390 2582 521 2639 cn.
550 2577 735 2637 xvnl.
805 2606 883 2619 --
900 2578 990 2633 De
1014 2580 1273 2647 tempore
1291 2618 1305 2640 ,
1331 2576 1401 2630 in
1428 2588 1545 2645 quo
1570 2570 1671 2628 lex
1699 2572 1845 2629 inci·

357 2684 369 2695 ·
958 2667 1051 2739 pit
1096 2660 1361 2735 obliqare
1387 2660 1715 2719 seeundum
1747 2664 1844 2718 ius

960 2752 1135 2810 civite
1138 2789 1841 2809 ........
1884 2751 1997 2807 225

806 2872 885 2885 -
914 2846 1129 2903 Utrum
1166 2843 1499 2914 acceptatio
1513 2836 1729 2914 populi
1766 2840 1848 2895 sit

962 2932 1307 2987 necessaria
1330 2932 1395 2985 in
1421 2927 1545 3001 leqe
1574 2924 1751 2993 civili,
1778 2930 1845 2984 ut

960 3016 1223 3093 per-secte
1289 3018 1685 3073 constituatur
1706 3057 1723 3081 ‚
1796 3018 1853 3071 et

967 3110 1093 3163 vim
1116 3105 1337 3163 habeat
1364 3101 1671 3177 obliqandi
1728 3142 1745 3160 .
1830 3144 1844 3158 .
1890 3106 2000 3161 228

803 3226 880 3239 -
911 3198 1125 3257 Utrum
1169 3195 1417 3251 intentio
1462 3191 1841 3265 leqislatoris,

970 3297 1075 3339 seu
1094 3284 1255 3340 ratio
1275 3281 1417 3355 leqis
1438 3283 1516 3338 sit
1530 3282 1856 3337 intrinseca

954 3367 1174 3441 sorma
1197 3372 1322 3425 eius
1328 3406 1849 3424 ......
1893 3371 1995 3425 231

808 3491 885 3503 -
914 3460 1129 3519 Utrum
1156 3456 1255 3514 lea*
1292 3456 1482 3515 civilis
1499 3459 1694 3531 possit
1720 3455 1856 3513 sub-

976 3545 1132 3604 ditos
1159 3545 1424 3619 obltqare
1463 3548 1527 3601 in
1552 3545 1853 3601 conscien-

980 3639 1102 3692 tiae
1108 3632 1255 3706 soro
1260 3672 1853 3691 .......
1898 3635 2003 3690 234

406 3731 539 3786 Cn.
568 3728 733 3785 xxn.
822 3753 901 3768 --
928 3726 1144 3784 Utrum
1194 3726 1386 3780 omnis
1435 3720 1535 3778 lem
1584 3722 1864 3779 humana

981 3829 1086 3870 seu
1135 3810 1326 3868 civilis
1370 3809 1582 3884 obliget
1617 3814 1682 3867 in
1719 3826 1854 3866 con-

391 2848 520 2904 Cn.
549 2845 691 2902 XIX.

392 3205 523 3261 Cn.
552 3199 665 3257 XX.

398 3468 529 3522 Cn.
561 3464 700 3523 XXI.

981 3903 1248 3967 scientia,
1285 3904 1397 3957 aut
1415 3900 1605 3972 possit
1623 3913 1747 3955 esse
1764 3914 1862 3954 oe·
2088 3902 2220 3957 Cn.
2256 3899 2296 3955 1.

979 4004 1060 4045 ra
1076 3986 1177 4044 lea·
1195 3992 1321 4045 sine
1343 3986 1456 4047 tali
1475 3987 1851 4061 obliqatione.
1898 3990 2009 4043 239

404 4084 535 4137 Cn.
563 4080 745 4136 xxm.
820 4106 894 4117 —
924 4077 1143 4134 Utrum
1192 4073 1289 4131 lea·
1328 4074 1515 4132 civilis
1566 4078 1633 4131 in
1676 4089 1864 4149 prae·

984 4166 1313 4237 sumptione
1330 4160 1613 4235 fundata
1651 4163 1865 4237 obliqet

983 4255 1050 4307 in
1076 4254 1437 4308 conscientia
1443 4291 1861 4308 .....
1905 4254 2014 4309 243

336 4336 357 4377 -“
412 4346 544 4402 Cu».
573 4341 757 4400 XXW.
825 4370 905 4383 —
932 4341 1149 4399 Utrum
1174 4337 1275 4397 lex
1298 4337 1494 4397 civilis
1521 4338 1749 4411 obliqet,
1778 4338 1871 4395 vel

998 4427 1261 4501 obliqare
1304 4431 1498 4502 possit
1545 4428 1655 4485 sub
1692 4433 1873 4485 reatu

986 4515 1260 4575 mortalis
1286 4515 1501 4590 culpae
1546 4556 1559 4571 .
1647 4558 1660 4571 .
1749 4558 1761 4571 .
1848 4555 1862 4570 .
1908 4518 2019 4572 2⁴5
2088 4521 2219 4577 cst.
2249 4518 2339 4574 m.

413 4611 545 4666 Cn.
576 4608 737 4665 XXV.
825 4636 903 4647 —
932 4606 1145 4665 Utrum
1172 4605 1271 4662 lex
1296 4607 1598 4671 humana,
1633 4610 1701 4662 ut
1727 4602 1869 4660 obli-

983 4700 1079 4765 ρει
1104 4693 1211 4751 sub
1231 4692 1475 4753 mortali
1496 4692 1692 4767 culpa,
1723 4708 1863 4765 qra-

982 4798 1109 4839 vem
1139 4785 1463 4840 materiam
1482 4785 1778 4854 requirat,
1813 4785 1871 4837 et

2090 4168 2223 4224 Cn.
2255 4166 2322 4221 11.

991 4886 1145 4945 quae
1170 4869 1286 4927 ula
1308 4873 1385 4927 su
1444 4910 1865 4927 .....
1910 4874 2022 4928 248
2095 4874 2226 4930 cst.
2259 4852 2348 4927 ΝΖ

416 4966 545 5023 Cn.
577 4961 761 5019 XXVI.
824 4990 900 5001 ·-
920 4967 1017 5016 An
1051 4974 1127 5015 ea·
1151 4955 1343 5015 verbis
1384 4956 1531 5030 leqis
1559 4958 1875 5032 coltiqatur

992 5043 1278 5118 obliqatio
1287 5044 1371 5103 ad
1384 5046 1655 5115 mortale,
1665 5052 1880 5121 etquae

991 5134 1171 5193 verba
1197 5134 1281 5192 ad
1304 5135 1415 5193 hoc
1438 5133 1771 5208 sufficiant.
1858 5176 1872 5187 .
1917 5141 2023 5194 251
2101 5136 2233 5192 Cn.
2265 5135 2328 5191 V.

2635 2040 2853 2100 raliter
2879 2048 2934 2100 et
2959 2042 3372 2115 indifferenter
3397 2061 3519 2101 om·
3617 2104 3632 2117 ‚

2633 2146 2736 2187 nes
2759 2130 3021 2188 subditos
3047 2131 3312 2205 obltqent.
3397 2172 3414 2189 .
3500 2173 3514 2188 .
3558 2134 3670 2190 272

2068 2224 2198 2279 Cn.
2227 2220 2433 2277 xxxn.
2485 2248 2562 2261 —
2589 2222 2802 2279 Utrum
2837 2219 2990 2291 ques
3023 2225 3313 2296 propriae
3337 2220 3528 2279 alteu-

2643 2311 2738 2365 ius
2763 2312 2934 2381 reqni
2959 2306 3049 2366 vel
3066 2312 3353 2367 territorii
3379 2309 3526 2368 obli-

2643 2402 2784 2469 qent
2801 2399 3071 2455 homines
3095 2396 3267 2455 illiue
3293 2402 3528 2456 territo-

2652 2488 2768 2553 rii,
2828 2483 3068 2560 quando
3128 2491 3310 2546 extra
3372 2484 3530 2544 illud

2643 2579 2965 2632 versantur
3001 2616 3526 2633 ......
3572 2577 3684 2633 274

2070 2666 2200 2723 Ωιι».
2230 2664 2468 2725 xxxm.
2484 2692 2561 2705 —
2591 2665 2802 2723 Utrum
2829 2662 2982 2736 leqee
3014 2667 3301 2738 propriae
3328 2661 3522 2721 alim-

2643 2755 2743 2807 ius
2769 2755 3058 2809 territorii
3077 2751 3334 2825 obliqent
3351 2751 3529 2809 adve-

2648 2856 2782 2907 nae,
2814 2838 2962 2897 dum
2985 2840 3075 2898 ibi
3098 2844 3360 2898 existunt
3407 2882 3422 2897 .
3511 2882 3525 2896 .
3570 2842 3677 2900 277

2074 2931 2208 2988 Cn.
2240 2928 2470 2987 xxxlv.
2487 2958 2566 2973 --
2593 2930 2806 2988 Utrum
2863 2926 3019 3001 leqes
3077 2928 3278 2986 civiles
3326 2932 3526 2986 iustae

2649 3014 2906 3089 obliqent
2931 3014 3376 3075 ecclesiasticas
3395 3032 3535 3091 per·

2647 3120 2849 3162 sonas.
2905 3146 2920 3161 .
3005 3147 3019 3161 .
3572 3108 3678 3162 281

2076 3198 2206 3255 Cn.
2239 3195 2446 3253 XXXV.
2497 3226 2574 3236 —
2600 3196 2812 3254 Utrum
2859 3146 3172 3267 leqislator
3213 3144 3342 3251 sui}
3387 3140 3534 3268 leqi:

2654 3280 2761 3339 bus
2789 3281 3075 3357 obttqetur
3107 3322 3530 3341 .....
3575 3284 3686 3339 288

2582 3485 2810 3549 LIBER
2838 3486 3196 3561 QUARTUS

2458 3700 2534 3751 De
2559 3698 2688 3763 lego
2711 3696 2972 3763 positiva
2997 3697 3304 3750 canonica.

2505 3926 2583 3937 —-
2605 3900 2700 3951 An
2721 3898 2884 3951 sitin
2903 3892 3182 3953 Ecclesia
3200 3891 3540 3969 epiritualis

2658 3988 2922 4057 potestas
2970 3982 3056 4039 ad
3093 3985 3424 4039 canonicas
3463 3980 3542 4038 le·

2662 4069 3070 4144 qesserendas
3119 4112 3540 4127 .....
3587 4074 3693 4129 297

2505 4192 2581 4204 —-
2601 4168 2696 4217 An
2729 4162 2880 4217 haec
2901 4166 3164 4235 potestas
3189 4164 3267 4217 sit
3286 4164 3539 4235 propria

2663 4247 2811 4323 leqis
2835 4252 3105 4322 qratiae,
3136 4249 3229 4306 vel
3255 4254 3332 4307 sit
3356 4253 3542 4307 etiam

2663 4337 2737 4395 de
2774 4336 2898 4411 leqe
2937 4344 3223 4405 natiuae,
3269 4342 3326 4394 et
3345 4336 3550 4411 fuerit

2660 4430 2961 4501 inscripta
3019 4468 3544 4484 ......
3593 4431 3694 4485 301

2506 4544 2584 4557 —-
2613 4513 2839 4589 Quibus
2860 4518 3134 4590 personis
3161 4512 3542 4586 datafuerit,

2677 4600 2772 4659 vel
2807 4619 2969 4659 ’tuuc
2993 4608 3177 4661 etiam
3204 4603 3378 4661 detur
3403 4605 3554 4661 haee

2666 4696 2930 4766 potestas
2949 4692 3292 4751 immediate
3312 4709 3357 4750 a
3373 4694 3553 4751 Chri-

2671 4785 2760 4838 sto
2787 4784 3058 4838 Domino.
3125 4824 3144 4845 ,
3225 4824 3239 4837 .
3327 4822 3342 4839 .
3425 4824 3442 4841 .
3531 4824 3544 4838 .
3591 4786 3700 4840 304

2516 4900 2594 4911 -
2612 4872 2880 4927 Possitne
2903 4874 3304 4944 unusquisque
3328 4874 3555 4945 episeo-

2670 4973 2788 5031 pus
2833 4960 2898 5014 in
2941 4956 3060 5015 sua
3104 4958 3357 5016 dioecesi
3407 4957 3559 5032 leqes

2661 5041 2854 5115 serre,
2889 5052 2944 5102 et
2969 5062 3084 5119 quo
3111 5049 3266 5103 iure.
3328 5089 3343 5103 .
3427 5087 3441 5102 .
3531 5086 3546 5101 .
3593 5050 3702 5103 309

2513 5162 2590 5174 -
2611 5132 2983 5191 Deciduntur
3019 5134 3316 5193 nonnulla
3341 5132 3544 5203 dubia,
