4325 6267
830 322 957 423 3⁵⁶

742 476 1011 552 cularem,
1038 471 1095 537 id
1120 478 1229 550 est,
1254 486 1365 533 non
1392 466 1731 533 redundante
1756 468 1810 531 ln
1836 466 2129 543 perniciem
2156 468 2326 529 totius

740 569 1044 641 Ecclesiae,
1072 573 1129 627 et
1150 564 1273 625 ideo
1299 579 1409 623 non
1435 567 1709 638 repugnat
1735 559 2050 637 contigisse.

817 659 973 730 Quod
995 658 1041 715 si
1058 657 1295 715 tortasse
1319 652 1582 713 iudicium
1600 651 1737 711 illud
1765 651 1867 713 ruit
1884 667 1982 726 per
2004 650 2328 711 sententiam

743 749 907 811 latam
936 748 989 807 in
1023 747 1205 821 aliqua
1229 742 1541 820 particulari
1577 757 1749 802 causa
1777 741 1931 817 (licet
1960 741 2013 800 id
2048 757 2160 799 non
2195 756 2330 799 con-

743 838 1197 915 stet),dicendum
1216 842 1323 911 est,
1336 833 1481 894 illam
1502 835 1825 893 sententiam
1847 847 1954 892 non
1974 832 2143 891 tuisse
2166 830 2328 891 latam

740 926 1141 1004 interpretando
1158 944 1226 985 ex
1253 924 1515 985 cathedra
1536 925 1619 982 ius
1640 924 1905 993 divinum,
1920 922 2017 981 sed
2037 920 2329 981 iudicando

742 1023 811 1081 de
826 1022 976 1082 facto
1004 1016 1315 1079 secundum
1345 1016 1648 1090 opinionem
1686 1014 1949 1088 privatam
1966 1018 2053 1085 ,et
2073 1013 2194 1072 ideo
2223 1028 2330 1070 non

744 1112 991 1189 potuisse
1006 1106 1265 1167 inducere
1279 1104 1585 1181 generalem
1602 1104 1797 1179 legem.
1810 1105 1994 1176 Atque
2007 1103 2085 1160 ita
2104 1116 2332 1175 respon·

746 1206 840 1263 det
863 1202 1093 1261 Covarr.
1118 1204 1174 1259 2.
1200 1215 1256 1272 p.
1280 1196 1493 1268 Quarti,
1520 1211 1644 1269 cap.
1680 1198 1735 1267 7,
1762 1200 1795 1262 s
1825 1198 1879 1263 3,
1910 1207 2065 1251 num.
2093 1198 2182 1252 15.
2213 1192 2330 1249 Non

746 1302 835 1355 est
856 1294 987 1353 item
1013 1304 1261 1362 necesse,
1291 1286 1519 1345 verbum
1544 1282 1858 1344 iudicandi
1885 1283 2087 1342 referre
2115 1282 2183 1339 ad
2211 1296 2332 1339 sen-

749 1386 976 1445 tentiam
1004 1380 1241 1439 alicuius
1259 1392 1461 1437 causae
1476 1376 1822 1449 definitivam,
1846 1373 1942 1432 sed
1962 1373 2031 1432 ad
2058 1374 2332 1447 privatum

744 1474 1040 1545 iudicium,
1069 1469 1218 1547 quod
1257 1467 1528 1527 interdum
1554 1474 1639 1524 est
1677 1482 1776 1539 per
1804 1466 2110 1539 opinionem
2150 1465 2332 1537 priva-

747 1574 883 1636 tam,
912 1564 1073 1621 etita
1100 1561 1278 1635 potuit
1302 1561 1623 1631 contingere
1650 1557 1703 1614 in
1730 1556 1833 1615 illis
1864 1555 2234 1614 Pontificibus.
2264 1556 2336 1612 Et

748 1660 821 1717 ita
845 1653 1098 1730 exposuit
1121 1652 1269 1711 Cano
1297 1649 1388 1709 lib.
1404 1647 1548 1708 &de
1572 1650 1765 1717 Locis,
1796 1662 1851 1705 c.
1880 1652 1937 1717 8,
1959 1644 2025 1704 ad
2055 1650 2112 1720 3,
2134 1652 2194 1703 et
2217 1645 2335 1704 Bel-

749 1750 908 1807 larm.
939 1744 1030 1802 lib.
1054 1744 1112 1803 4.
1138 1739 1210 1799 de
1226 1754 1463 1799 roman.
1484 1734 1705 1811 Pontif.
1730 1751 1785 1795 c.
1817 1740 1906 1796 13.
1938 1736 1991 1793 in
2018 1738 2195 1809 princ.
2218 1735 2336 1793 lmo

746 1839 911 1899 etiam
930 1833 998 1893 de
1023 1829 1325 1891 Alexandro
1338 1830 1429 1889 111.
1444 1828 1595 1899 dicit,
1619 1843 1727 1885 non
1748 1826 2069 1901 definivisse,
2094 1826 2194 1885 sed
2216 1834 2337 1885 tan-

749 1938 869 1989 tum
898 1923 1031 2001 quid
1059 1924 1286 1982 sentiret
1308 1919 1667 1994 explicuisse,
1697 1918 1847 1976 sicut
1879 1917 2335 1992 praedecessores

747 2022 835 2079 sui
868 2018 1132 2076 fecerant.
1158 2011 1328 2088 quue
1354 2010 1536 2084 colligi
1568 2015 1755 2083 potest
1780 2023 1848 2066 ex
1884 2006 2063 2065 verbis
2090 2004 2335 2066 eiusdem

748 2106 1013 2171 Alexand.
1044 2107 1098 2165 in
1125 2102 1365 2163 concilio
1390 2099 1714 2159 lateranensi
1740 2114 1795 2171 p.
1820 2102 1875 2171 6,
1900 2114 1954 2155 c.
1974 2102 2030 2169 8,
2052 2096 2146 2155 uhi
2174 2095 2340 2155 habe-

748 2210 842 2262 tur
866 2200 1077 2273 integra
1102 2191 1361 2269 epistola,
1392 2204 1536 2266 quae
1562 2188 1717 2247 valde
1745 2188 2025 2247 familiaris
2053 2194 2170 2256 est,
2199 2195 2258 2246 et
2284 2188 2334 2245 in

746 2310 815 2351 ea
840 2290 1019 2349 solum
1044 2286 1208 2359 dicit,
1239 2298 1299 2341 se
1327 2280 1463 2341 velle
1488 2282 1698 2355 aperire
1712 2280 1847 2356 quid
1870 2280 2089 2352 sentiat,
2106 2286 2163 2337 et
2186 2286 2336 2353 post-

748 2402 815 2443 ea
840 2398 949 2440 non
986 2379 1233 2454 loquitur
1272 2374 1341 2433 de
1366 2373 1511 2433 omni
1541 2372 1887 2431 matrimonio
1906 2376 2050 2444 rato,
2076 2369 2173 2428 sed
2197 2368 2338 2428 mul-

752 2483 837 2533 tas
862 2471 1110 2545 adiungit
1131 2464 1574 2529 circumstantias
1600 2472 1658 2521 et
1683 2461 2051 2521 solemnitates
2067 2501 2083 2532 ,
2125 2474 2194 2517 ac
2220 2466 2336 2518 tan·

749 2565 875 2625 dem
896 2557 1197 2621 concludit:
1224 2556 1510 2633 Quamuis
1530 2550 1642 2612 alit
1662 2550 1841 2611 aliter
1858 2553 2131 2619 sentiam,
2156 2548 2340 2609 aliter

751 2660 935 2716 etiam
961 2668 1006 2711 a
1028 2644 1385 2725 quibusdam
1418 2640 1969 2721 praedecessoribus
2008 2644 2224 2699 nostris
2261 2643 2340 2699 sit

749 2742 1077 2821 aliquanao
1126 2736 1483 2797 iudicatum.
1527 2732 1635 2797 Sed
1674 2732 1804 2791 licet
1842 2730 1948 2789 hoc
1989 2731 2131 2789 sorte
2173 2731 2249 2789 ita
2284 2733 2336 2787 in

752 2834 1016 2913 principio
1044 2830 1226 2900 suerit,
1251 2824 1595 2885 nihilominus
1616 2830 1911 2897 postquam
1939 2822 2224 2895 responsio
2247 2819 2341 2879 illa

753 2927 857 2989 iuri
884 2921 1151 2983 canonico
1176 2932 1277 2992 per
1302 2917 1529 2990 Gregor.
1554 2914 1643 2971 IX.
1675 2916 1879 2970 inserta
1902 2916 2010 2987 est,
2034 2917 2092 2968 et
2116 2926 2217 2984 pro
2242 2926 2343 2985 ge-

752 3014 920 3077 nerali
947 3013 1066 3087 lege
1100 3007 1297 3068 tradita
1326 3007 1612 3064 universae
1635 3002 1953 3076 Ecclesiae,
1982 3018 2091 3060 non
2118 3006 2205 3059 est
2237 3000 2340 3059 du-

749 3111 903 3170 bium
940 3104 1071 3181 quin
1099 3102 1170 3159 sit
1208 3094 1529 3156 universalis
1556 3111 1621 3153 ac
1662 3109 1792 3152 vera
1839 3092 1957 3167 lex,
2004 3106 2070 3149 ac
2112 3090 2340 3149 subinde

755 3204 963 3259 certam
990 3192 1149 3253 fidem
1185 3190 1375 3261 faciat,
1410 3186 1539 3264 quia
1576 3200 1685 3245 non
1716 3190 1899 3259 potest
1934 3182 2344 3243 intollerabilem

753 3302 996 3350 errorem
1020 3284 1317 3343 continere.

822 3374 1085 3438 Secunda
1118 3372 1351 3432 obiectio
1385 3369 1559 3443 magis
1596 3364 1846 3440 procedit
1873 3372 2071 3424 contra
2102 3366 2344 3439 priorem

754 3468 1145 3531 resolutionem
1168 3461 1237 3521 de
1260 3458 1506 3535 epistolis
1530 3455 1921 3528 decretalibus,
1950 3446 2117 3529 quam
2144 3460 2344 3512 contra

752 3562 895 3620 hanc
920 3556 989 3616 de
1029 3551 1322 3624 sententia3
1353 3565 1478 3608 nam
1513 3546 1644 3606 illud
1682 3547 1891 3605 dictum
1916 3543 2207 3603 coelestini
2243 3542 2348 3603 fuit

754 3648 1037 3727 responsio
1054 3646 1175 3704 eiua
1194 3640 1265 3701 ad
1290 3637 1584 3715 quamdam
1612 3637 2093 3707 consultationem,
2118 3640 2182 3692 ut
2208 3649 2341 3693 con-

757 3750 867 3802 stat
889 3756 954 3799 ex
982 3740 1195 3811 integra
1220 3730 1434 3791 Antonii
1460 3729 1775 3804 Augustini.
1797 3728 1871 3785 Et
1903 3742 2023 3784 eam
2052 3742 2113 3785 se
2147 3723 2347 3783 vidisse

756 3832 925 3894 refert
947 3831 1139 3889 Castro
1165 3824 1257 3882 lib.
1283 3828 1332 3883 1.
1354 3826 1549 3881 contra
1576 3819 1789 3877 haeres.
1814 3833 1936 3890 cap.
1955 3819 2015 3889 4,
2032 3822 2091 3873 et
2118 3822 2348 3890 propter

755 3924 905 3985 illam
938 3917 1105 3979 audet
1128 3914 1345 3982 dicere,
1376 3912 1431 3969 in
1468 3927 1536 3970 eo
1563 3924 1781 3968 errasse
1806 3906 2171 3967 coelestinum
2191 3946 2207 3979 ,
2236 3920 2348 3962 non

758 4020 977 4074 tantum
1001 4024 1069 4067 ex
1093 4001 1415 4079 negligentia
1436 4044 1451 4075 ,
1482 4000 1557 4059 ita
1585 4007 1650 4058 ut
1673 3998 1824 4058 illum
1851 4010 2067 4057 errasse
2093 3995 2346 4056 dicamus

756 4102 913 4163 velut
934 4101 1205 4175 privatam
1229 4107 1546 4167 personam,
1575 4096 1632 4148 et
1657 4105 1763 4147 non
1792 4094 1857 4147 ut
1878 4092 2101 4161 Papam,
2131 4087 2264 4161 quia
2289 4087 2346 4143 in

759 4190 1004 4271 qualibet
1026 4202 1089 4247 re
1126 4185 1267 4244 seria
1292 4179 1589 4240 delinienda
1629 4185 1845 4239 tenetur
1870 4177 2161 4237 consulere
2202 4177 2346 4236 viros

760 4286 975 4353 doctos,
1004 4279 1153 4354 quio.
1175 4268 1514 4334 huiusmodi
1537 4268 1802 4345 definitio
1832 4268 2064 4344 (inquit)
2092 4266 2350 4326 habeba-

761 4372 954 4432 turin
976 4367 1239 4441 antiquis
1263 4358 1693 4421 Decretalibus.
1714 4358 1821 4417 Sed
1847 4357 2086 4431 excedit,
2110 4363 2171 4416 et
2197 4356 2347 4415 vide-

763 4472 859 4522 tur
882 4458 1019 4517 male
1047 4456 1247 4514 sentire
1276 4451 1344 4509 de
1370 4455 1639 4524 potestate
1664 4447 1921 4507 infallibili
1946 4449 2121 4521 Papae
2147 4445 2218 4506 ad
2257 4445 2350 4506 de·

762 4548 1022 4611 finiendas
1056 4561 1144 4605 res
1179 4541 1317 4603 fidei.
1342 4540 1530 4600 Melius
1566 4556 1699 4614 ergo
1724 4540 1871 4597 Cano
1896 4544 1953 4597 et
1986 4537 2348 4597 Bellarminus

766 4656 935 4716 supra
972 4634 1334 4713 respondent,
1372 4648 1482 4691 non
1522 4628 1854 4703 definiendo,
1897 4626 1993 4687 sed
2046 4627 2342 4701 opinando,

764 4732 1133 4793 coelestinum
1158 4726 1407 4785 locutum
1444 4722 1611 4781 tuisse
1630 4763 1646 4795 ,
1690 4722 2039 4795 potuisseque
2065 4721 2258 4787 Castro
2283 4732 2349 4777 ex

766 4822 950 4882 verbis
966 4812 1248 4879 coelestini
1272 4818 1475 4872 attente
1494 4810 1771 4885 perpensis
1790 4810 1843 4869 id
1864 4810 2145 4884 colligere3
2171 4808 2352 4867 solum

766 4914 911 4972 enim
937 4912 1040 4968 aitz
1070 4912 1202 4966 Non
1238 4906 1393 4962 enim
1418 4900 1652 4960 videtur
1676 4900 1844 4959 nobis
1860 4946 1875 4969 ,
1910 4898 2067 4976 quod
2092 4903 2146 4959 si
2180 4902 2350 4975 prior

765 5004 1021 5061 maritans
1046 4994 1270 5062 redeat,
1298 5000 1566 5066 etc.quae
1592 4992 1759 5050 verba
1779 4996 1910 5049 sunt
1934 4990 2207 5064 privatum
2229 5004 2350 5047 sen·

771 5108 897 5151 sum
922 5086 1233 5163 aperientis,
1253 5089 1311 5141 et
1332 5098 1463 5143 cum
1490 5081 1777 5140 tormidine
1803 5082 2096 5155 loquentis,
2120 5096 2230 5139 non
2256 5077 2351 5139 de·

768 5180 993 5240 ficientis
1008 5221 1025 5254 ,
1053 5183 1151 5237 aut
1172 5181 1381 5235 certam
1406 5172 1719 5232 doctrinam
1744 5170 2027 5231 tradentis.
2055 5171 2351 5244 Nunquam

768 5287 904 5347 ergo
939 5266 1221 5343 responsio
1253 5264 1348 5354 ‘illa
1387 5263 1574 5323 babuit
1599 5263 1706 5321 vim
1744 5261 1880 5337 legis
1918 5262 2020 5321 toti
2060 5260 2347 5321 Ecclesiae

2201 338 2404 397 mn
2431 342 2528 398 tv.

2393 470 2730 549 propositae,
2751 472 2881 551 quia
2904 486 3008 533 nec
3033 472 3088 533 in
3115 471 3231 551 ipsa
3255 470 3363 535 hoc
3387 472 3727 551 explicatum
3749 478 3860 551 est,
3881 487 3996 537 nec

2395 564 2471 622 ita
2494 563 2602 624 tuit
2626 570 2871 640 recepta,
2893 571 2992 625 aut
3016 564 3182 639 recipi
3209 566 3402 640 potuit.
3432 567 3615 637 Dices,
3639 566 3800 625 etiam
3828 567 3998 625 lnno·

2396 654 2634 713 centium
2648 656 2740 715 111.
2765 670 2930 713 suum
2956 671 3285 729 responsum
3305 656 3602 730 protulisse
3617 671 3715 731 per
3741 656 3830 715 illa
3856 672 3998 714 ver·

2397 746 2484 804 ba:
2499 750 2633 807 Non
2655 744 2967 815 credimus,
2983 744 3138 823 quod
3152 750 3220 805 in
3235 744 3340 806 illo
3355 754 3643 815 casmetc.
3657 747 3994 822 respondeo,

2395 836 2558 896 etiam
2583 852 2651 895 ex
2686 837 2740 895 vi
2765 837 3061 897 verborum
3085 838 3141 897 id
3176 854 3283 896 non
3308 838 3477 897 tuisse
3504 838 3572 897 ab
3607 838 3860 898 Ecclesia
3895 838 3997 898 de·

2339 996 2352 1011 ‚
2395 926 2628 999 finitum,
2657 934 2721 986 ut
2746 928 2908 986 etiam
2935 929 3186 987 Bellarm.
3205 928 3395 1000 sensit,
3418 934 3606 1002 postea
3632 944 3762 987 vero
3781 930 3868 989 lex
3893 929 3990 987 illa

2397 1017 2605 1076 firmata
2622 1023 2709 1075 est
2727 1033 2826 1091 per
2844 1018 3002 1091 Greg.
3018 1018 3106 1077 IX.
3130 1024 3187 1077 et
3206 1035 3316 1077 usu
3339 1017 3638 1089 declarata,
3664 1034 3730 1077 ac
3755 1018 3992 1094 denique

2396 1115 2466 1167 ut
2485 1110 2683 1167 veritas
2703 1107 2826 1166 fidei
2847 1107 3060 1167 definita
3073 1110 3128 1167 ln
3146 1124 3310 1167 conc.
3335 1107 3465 1167 trid.
3481 1124 3620 1167 sess.
3635 1112 3730 1182 24,
3755 1124 3888 1169 can.
3919 1116 3977 1169 5.

2478 1203 2530 1259 7.
2560 1198 2796 1257 Tandem
2823 1201 2972 1257 circa
2996 1198 3134 1256 haec
3154 1198 3264 1257 duo
3291 1206 3497 1273 puncta
3517 1200 3586 1257 de
3613 1202 3905 1271 sententia,
3929 1207 3992 1259 et

2397 1280 2656 1363 epistolae
2687 1287 2962 1348 Pontificis
2990 1288 3230 1348 dubitari
3257 1295 3470 1361 potest,
3499 1305 3565 1347 an
3593 1289 3734 1347 idem
3761 1304 3998 1347 censen-

2399 1377 2532 1437 dum
2559 1379 2630 1437 sit
2661 1376 2728 1436 de
2755 1378 3024 1452 episcopis
3053 1394 3183 1435 cum
3220 1379 3572 1452 proportione
3601 1394 3698 1451 pro
3725 1380 3842 1437 suis
3877 1380 4000 1453 epi·

2399 1469 2737 1543 scopatihus.
2771 1469 2906 1525 Nam
2944 1469 3254 1526 canonistas
3283 1470 3646 1527 communiter
3673 1468 3724 1525 in
3761 1467 3867 1525 hoc
3893 1468 4004 1527 dis-

2399 1558 2682 1616 serentium
2703 1558 3068 1631 constituunt,
3083 1565 3146 1616 ut
3169 1564 3320 1631 patet
3339 1572 3403 1613 ex
3427 1556 3739 1616 Fel.dict.c.
3762 1562 3836 1615 ln
3855 1575 4008 1617 cau-

2400 1650 2510 1717 sis,
2547 1664 2606 1706 n.
2631 1653 2687 1722 8,
2717 1650 2772 1707 in
2813 1648 2968 1706 rubr.
2984 1645 3054 1705 de
3082 1647 3383 1721 rescrip.et
3419 1648 3736 1722 aliis,‘quos
3772 1648 4000 1723 allegat.

2399 1736 2506 1797 Sed
2531 1739 2586 1795 in
2626 1738 2733 1797 hoc
2759 1737 2902 1796 idem
2940 1751 3072 1795 cum
3097 1737 3445 1811 proportione
3472 1738 3640 1796 sentio
3667 1737 3736 1796 de
3775 1738 3994 1812 episco-

2401 1830 2515 1903 pis,
2544 1827 2692 1904 quod
2717 1826 2826 1885 dixi
2851 1826 2922 1885 de
2948 1826 3352 1901 magistratibus
3378 1826 3625 1885 civilibus
3662 1827 3989 1885 habentibus

2400 1924 2727 1993 potestatem
2752 1916 2820 1976 ad
2846 1916 3092 1979 serendas
3113 1917 3261 1992 leges
3286 1933 3418 1976 cum
3445 1916 3890 1977 subordinatione
3917 1918 3993 1976 ad⁴

2403 2009 2638 2083 aliquem
2661 2008 3017 2081 ,superiorem
3059 2022 3244 2082 regem
3269 2050 3284 2081 ,
3325 2007 3410 2066 vel
3463 2008 3873 2081 imperatorem.
3915 2010 4002 2066 lta

2403 2102 2547 2159 enim
2575 2100 2822 2173 episcopi
2850 2104 3245 2171 comparantur
3271 2097 3338 2158 ad
3368 2114 3646 2157 summum
3673 2100 3998 2159 Pontificem

2404 2196 2460 2248 et
2489 2187 2557 2248 ad
2588 2190 2672 2247 ius
2695 2189 3190 2247 canonicum.Nam
3215 2194 3271 2246 et
3299 2187 3447 2265 leges
3472 2189 3616 2247 terre
3643 2197 3878 2262 possunt
3895 2206 4003 2264 pro

2404 2280 2519 2339 suis
2545 2278 2969 2354 episcopatibus,
2997 2284 3055 2335 et
3092 2294 3201 2335 non
3228 2287 3462 2351 possunt
3500 2281 3802 2338 contraius
3842 2296 4000 2338 com·

2404 2384 2568 2428 mune
2595 2376 2862 2444 statuere,
2886 2373 2983 2426 aut
3002 2370 3298 2427 sententias
3319 2367 3524 2427 dicere.
3543 2371 3601 2428 Si
3619 2384 3752 2443 ergo
3779 2377 4004 2429 senten·

2405 2462 2478 2518 tia
2505 2460 2587 2519 vel
2614 2475 2940 2534 responsum
2965 2459 3206 2533 episcopi
3233 2460 3305 2517 sit
3339 2466 3537 2531 contra
3563 2460 3649 2518 ius
3675 2476 3998 2533 commune,

2406 2550 2717 2610 non'solum
2737 2565 2847 2608 non
2876 2549 3103 2609 inducet
3121 2548 3320 2624 legem,
3345 2565 3538 2608 verum
3557 2554 3720 2610 etiam
3743 2551 3870 2611 nihil
3901 2567 3998 2610 va-

2407 2641 2558 2715 lebit3
2579 2641 2624 2698 si
2649 2656 2777 2699 vero
2798 2655 2896 2714 per
2921 2640 3245 2699 sententiam
3266 2641 3654 2715 interpretetur
3674 2659 3840 2701 suum
3869 2658 4002 2715 pro-

2405 2732 2588 2805 prium
2609 2732 2717 2801 ius,
2741 2730 2850 2788 vim
2871 2731 3034 2788 etiam
3055 2730 3259 2804 proprii
3279 2729 3414 2790 iuris
3434 2731 3636 2790 habere
3654 2732 3852 2805 poterit
3869 2747 3998 2791 sen-

2407 2824 2597 2889 tentia,
2619 2821 2750 2897 quia
2775 2821 2958 2897 quoad
2979 2820 3086 2879 hoc
3109 2820 3274 2881 habet
3295 2821 3544 2881 eamdem
3566 2830 3914 2898 potestatem,
3938 2832 4000 2883 et

2407 2912 2551 2969 idem
2577 2920 2664 2969 est
2701 2928 2832 2969 cum
2860 2912 3214 2985 proportione
3240 2910 3309 2970 de
3349 2915 3652 2986 rescripto,
3694 2914 3998 2973 dummodo

2409 3003 2542 3061 aliae
2565 3001 2899 3060 conditiones
2925 3008 3283 3070 concurrant,
3312 3003 3526 3062 scilicet
3550 3003 3698 3078 quod
3725 3020 3791 3063 ex
3819 3006 4002 3062 verbis

2408 3099 2466 3151 et
2497 3091 2661 3150 modo
2697 3090 2972 3150 scribendi
3010 3094 3140 3149 satis
3177 3099 3395 3151 constet
3424 3092 3493 3151 de
3529 3096 3706 3152 animo
3747 3100 4008 3153 statuen-

2409 3183 2496 3257 di,
2529 3189 2588 3241 et
2611 3181 2763 3259 quod
2791 3182 3015 3241 materia
3030 3224 3047 3255 ‚
3069 3188 3130 3243 et
3151 3184 3415 3243 sententia
3430 3224 3446 3257 ,
3470 3183 3554 3243 vel
3580 3183 3872 3245 decretum
3895 3188 4012 3259 epi-

2411 3275 2566 3348 scopi
2599 3272 2939 3334 sufflcienter
2980 3289 3081 3348 pro
3133 3274 3342 3332 ratione
3393 3290 3530 3334 suae
3573 3274 3842 3335 dioecesis
3879 3292 4011 3350 pro-

2411 3364 2709 3442 mulgetur.

2944 3526 3224 3600 CAPUT
3267 3527 3420 3601 XV.

2420 3728 2590 3803 Qrtae
2609 3722 3014 3803 promulqatio
3039 3726 3106 3781 in
3128 3722 3350 3798 legibus
3375 3728 3679 3785 canonicis
3705 3724 4000 3801 sufficiat,

2607 3822 2618 3833 ·
2783 3820 2853 3872 ut
2876 3818 2993 3873 vim
3021 3812 3325 3889 obltqaudi
3349 3814 3630 3875 habeant.

2967 3994 3454 4061 summarium

2417 4181 2467 4236 1.
2505 4182 2673 4236 Prima
2708 4183 2981 4235 sententia.
3005 4209 3072 4221 —
3089 4180 3143 4233 Ξ.
3178 4180 3487 4235 Authentica
3527 4179 3598 4238 m
3631 4187 3809 4251 tactos
3841 4199 4016 4241 novas

2481 4254 2897 4307 constitutiones.
2921 4281 2985 4291 -—
3005 4253 3059 4305 3.
3095 4252 3322 4305 Secunda
3369 4260 3424 4304 et
3472 4268 3594 4306 vera
3641 4259 3920 4310 sententia.
3942 4286 4014 4297 -

2484 4324 2538 4377 4.
2574 4325 2849 4376 Probatur.
2870 4350 2938 4360 —
2958 4322 3014 4375 5.
3051 4323 3214 4388 Leges
3261 4322 3550 4388 pontificiae
3591 4332 3645 4377 et
3693 4328 4012 4392 reliquorum

2481 4394 2824 4461 praelatorum
2841 4393 3094 4459 incipiunt
3112 4394 3363 4459 obligare,
3379 4396 3554 4446 statim
3571 4407 3633 4447 ac
3652 4398 4009 4462 publicantur,

2483 4465 2772 4517 successive
2795 4471 2968 4516 autem
2991 4463 3283 4516 diffundunt
3307 4464 3691 4530 obligationem.

2506 4629 2554 4684 1.
2582 4623 2912 4699 suppositis,
2935 4638 3075 4700 quae
3103 4624 3414 4682 communia
3437 4631 3568 4682 sunt
3585 4624 3690 4701 legi
3711 4624 4006 4695 humanae,

2417 4722 2482 4774 ut
2502 4714 2624 4775 talis
2645 4722 2751 4788 est,
2765 4722 2824 4773 et
2844 4714 2992 4772 dicta
3011 4721 3140 4773 sunt
3162 4712 3298 4772 libro
3322 4714 3694 4790 praecedenti,
3707 4718 4010 4791 c.XIV,hic

2415 4807 2594 4865 solum
2621 4812 2876 4880 superest
2912 4806 3185 4878 quaestio,
3217 4820 3284 4862 an
3323 4820 3424 4879 pro
3451 4805 3652 4879 quibus
3679 4809 3798 4864 suis
3835 4824 4008 4867 cano-

2409 4899 2553 4956 nicis
2579 4894 2862 4972 pontificiis
2889 4894 3128 4954 sufficiat
3155 4910 3264 4953 uua
3301 4895 3660 4970 promulgatio
3688 4898 3896 4956 Romae
3922 4900 4001 4957 sa-

2416 4996 2532 5061 cta,
2553 4988 2638 5045 vel
2667 4988 2728 5044 in·
2752 4986 2977 5062 singulis
3005 4984 3371 5059 dioecesibus,
3401 4992 3500 5045 aut
3523 4986 4009 5061 archiepiscopati·

2413 5080 2544 5153 bus,
2581 5077 2666 5137 vel
2706 5076 3001 5151 provinciis
3042 5075 3228 5148 plures
3267 5076 3604 5136 necessariae
3643 5077 3764 5136 sint.
3795 5080 3857 5137 ln
3895 5078 4004 5137 hoc

2414 5170 2556 5229 enim
2582 5169 2729 5226 varie
2768 5168 3012 5227 sentiunt
3049 5172 3328 5225 auctores.
3358 5170 3538 5226 Prima
3565 5170 3748 5241 opinio
3783 5176 3904 5244 est,
3947 5172 4004 5229 in

2416 5260 2624 5336 legibus
2645 5258 2922 5317 canonicis
2951 5252 3268 5316 servandam
3292 5273 3416 5317 esse
3441 5259 3690 5335 regulam
3717 5259 3906 5321 datam
3929 5262 4014 5349 gie
