4325 6267
1828 358 2041 410 CAPUT
2067 360 2169 409 lx.

342 490 541 550 habeat
556 488 903 564 episcopum,
931 494 994 546 ut
1018 486 1231 547 notavit
1248 488 1505 545 Panorm.
1524 486 1581 543 in
1604 501 1729 561 cap.
1744 486 1953 545 Perni-

344 584 592 647 ciacum,
627 578 697 638 de
715 578 877 652 {offic.
898 577 1421 651 ordin.n.1,etlate
1456 578 1606 635 Bart.
1634 577 1689 634 in
1724 578 1951 635 Extrav.

352 675 470 747 Qui
496 674 617 730 sint
640 667 906 738 rebelles,
939 670 1107 727 verbo
1140 666 1541 729 Lambardiae
1556 709 1573 730 .
1606 668 1735 741 quia
1762 666 1955 725 civita-

343 768 429 821 tes
454 760 799 833 antiquiores
825 764 958 818 sunt
982 760 1284 832 episcopis,
1316 772 1451 830 ergo
1488 759 1783 829 episcopus
1822 772 1955 828 sup-

343 852 497 926 ponit
523 850 823 917 civitatem,
853 864 963 906 non
991 847 1156 920 faeit3
1185 850 1295 906 imo
1324 847 1458 905 olim
1484 862 1593 905 non
1622 847 1679 903 in
1704 844 1953 919 pluribus

344 938 665 999 civitatibus
692 938 789 997 sed
818 938 997 997 solum
1034 940 1091 995 in
1131 937 1597 1012 frequentioribus
1635 943 1798 996 erant
1834 938 1951 1010 epi-

346 1032 523 1105 scopi.
548 1031 781 1090 Minores
807 1044 941 1087 vero
963 1030 1215 1088 civitates
1236 1028 1504 1087 dicuntur
1525 1028 1599 1085 illi
1622 1027 1831 1101 populi,
1852 1026 1947 1099 qui

344 1123 448 1181 sub
474 1122 786 1180 civitatibus
814 1125 946 1178 sunt
967 1160 985 1192 ,
1014 1126 1069 1177 et
1100 1120 1169 1177 ab
1194 1118 1413 1179 illarum
1440 1118 1561 1177 foro
1602 1118 1945 1177 iudicantur.

341 1214 493 1283 Quae
534 1219 683 1271 nunc
721 1226 833 1269 non
871 1215 1147 1269 vocantur
1186 1210 1459 1284 civitates,
1503 1208 1601 1269 sed
1637 1209 1824 1281 villae,
1869 1205 1955 1267 vel

345 1309 556 1361 castra.

360 1426 369 1431 -
428 1396 519 1451 lo.
550 1394 627 1451 De
646 1387 865 1465 populis
892 1403 1021 1463 ergo
1041 1388 1209 1447 buius
1228 1389 1373 1448 tertii
1395 1389 1601 1464 gradus
1622 1388 1845 1449 videtur
1864 1404 1954 1446 res

346 1482 527 1555 clara,
570 1498 666 1541 eos
706 1496 815 1538 non
854 1480 1055 1537 habere
1094 1486 1419 1552 potestatem
1458 1479 1664 1538 serendi
1704 1479 1953 1553 proprias

345 1572 520 1647 leges.
548 1572 633 1630 lta
660 1570 825 1628 docet
848 1572 999 1627 Bart.
1024 1570 1077 1627 in
1101 1570 1142 1627 1.
1168 1586 1370 1630 omnes
1382 1568 1610 1646 pop-uli,
1641 1570 1697 1627 ff.
1724 1570 1791 1629 de
1814 1572 1949 1627 iust.

344 1671 405 1722 et
428 1664 537 1721 iur.
568 1662 623 1720 in
648 1661 934 1734 principio.
966 1660 1047 1717 Et·
1064 1660 1207 1719 ratio
1242 1666 1363 1733 est,
1394 1663 1527 1735 quia
1569 1676 1735 1733 supra
1773 1665 1955 1718 osten·

345 1768 473 1811 sum
498 1755 607 1825 est,
637 1766 749 1809 non
776 1766 939 1823 posse
964 1749 1108 1807 ferre
1138 1750 1338 1825 legem,
1366 1753 1590 1825 quinon
1616 1751 1779 1809 habet
1796 1750 1955 1809 iuris-

340 1842 660 1914 dietionem,
677 1842 789 1899 imo
816 1854 924 1899 nee
942 1854 1353 1914 quamcumque
1372 1840 1653 1911 sufficere,
1679 1840 1777 1899 sed
1793 1840 1953 1898 valde

340 1932 703 2005 superiorem,
732 1936 799 1988 ut
823 1945 959 1987 mox
988 1930 1153 1988 etiam
1178 1930 1602 2005 explicabimus3
1636 1929 1736 1988 sed
1772 1930 1825 1986 hi
1854 1945 1952 2002 po-

339 2022 457 2095 puli
484 2020 914 2080 iurisdictionem
939 2018 1103 2077 talem
1142 2034 1253 2077 non
1294 2020 1515 2093 habent,
1546 2023 1679 2095 quia
1717 2036 1823 2078 nec
1868 2020 1980 2102 fo·-

342 2128 473 2171 rum
492 2126 797 2171 causarum
818 2110 1041 2183 hahent,
1064 2116 1130 2168 ut
1152 2111 1481 2184 supponitur
1502 2111 1551 2167 in
1570 2109 1625 2167 d.
1642 2109 1680 2167 l.
1694 2108 1943 2183 siduas,

338 2202 429 2260 vel
455 2208 611 2261 certe
648 2203 697 2259 si
722 2200 962 2275 aliquem
989 2199 1218 2259 modum
1241 2200 1429 2259 iudicii
1458 2199 1689 2273 habent,
1720 2206 1807 2259 est
1830 2207 1954 2258 tan·

342 2297 466 2351 tum
492 2293 549 2349 in
580 2290 795 2365 levibus
824 2290 1031 2363 causis,
1059 2296 1269 2348 etcum
1290 2305 1490 2365 magna
1511 2288 1955 2348 subordinatione

342 2380 414 2439 ad
441 2380 623 2438 sorum
648 2379 909 2451 civitatis,
936 2378 1021 2436 vel
1048 2378 1277 2437 similem
1305 2381 1653 2452 superiorem
1678 2378 1937 2451 iudicem3

341 2486 479 2545 ergo
506 2484 619 2528 non
644 2476 730 2527 est
754 2468 1069 2543 verisimile,
1099 2468 1301 2527 habere
1332 2469 1431 2526 hos
1451 2467 1685 2542 populos
1706 2474 1952 2542 potesta-

344 2568 461 2620 tem
488 2557 757 2618 condendi
782 2559 952 2631 leges.
976 2559 1049 2616 Et
1076 2558 1180 2615 hoc
1208 2575 1276 2617 ex
1306 2558 1423 2616 aliis
1448 2558 1668 2616 duobus
1696 2558 1953 2616 membris

344 2651 519 2725 magis
546 2650 843 2708 constabit.
872 2648 1103 2707 Adhibet
1130 2655 1317 2707 autem
1346 2650 1718 2721 exceptionem
1754 2650 1946 2706 Barto-

342 2738 435 2798 lus
453 2738 664 2811 dicens,
682 2753 843 2812 posse
865 2738 1045 2795 facere
1066 2744 1273 2797 statuta
1295 2737 1364 2795 de
1385 2738 1489 2808 his,
1513 2753 1657 2812 quae
1679 2739 1951 2811 pertinent

345 2830 417 2889 ad
444 2843 675 2887 suorum
702 2829 975 2887 bonorum
1001 2826 1551 2885 administrationem.
1584 2826 1689 2885 Sed
1716 2843 1827 2885 non
1873 2834 1957 2886 est

344 2919 659 2977 necessaria
682 2906 946 2975 limitatio.
964 2918 1102 2975 Nam
1125 2916 1251 2974 talia
1271 2922 1479 2975 statuta
1500 2918 1547 2973 si
1570 2932 1677 2974 non
1702 2917 1809 2974 sint
1827 2933 1959 2975 cou-

345 3010 563 3067 firmata
591 3008 659 3066 ab
687 3007 920 3065 habente
947 3012 1306 3080 potestatem,
1340 3022 1446 3064 non
1487 3014 1723 3080 possunt
1761 3006 1959 3064 habere

344 3101 459 3157 vim
484 3106 543 3156 et
566 3099 830 3157 rationem
859 3098 1015 3172 legis,
1046 3099 1178 3172 quia
1202 3097 1270 3155 de
1298 3099 1510 3155 ratione
1537 3098 1669 3171 legis
1696 3098 1961 3171 positivae

347 3194 453 3261 est,
484 3195 549 3247 ut
572 3188 842 3262 procedat
870 3187 937 3244 ab
966 3185 1198 3245 habente
1228 3186 1682 3259 iurisdictionem,
1706 3193 1772 3245 ut
1792 3202 1956 3260 supe·

263 3270 283 3279 ’
346 3278 481 3337 riori
516 3277 655 3336 libro
693 3284 977 3335 ostensum
1004 3286 1110 3335 est.
1138 3279 1403 3335 Poterunt
1425 3292 1557 3350 ergo
1584 3291 1707 3333 esse
1750 3277 1837 3335 vel
1868 3293 1961 3349 pa-

347 3376 439 3427 cta
475 3367 748 3443 quaedam
782 3368 927 3424 inter
964 3382 1091 3439 eos,
1121 3368 1219 3441 qui
1254 3373 1387 3424 sunt
1426 3366 1494 3423 de
1532 3367 1953 3439 communitate,

350 3459 433 3517 vel
462 3464 757 3531 praecepta
799 3456 1039 3515 humana
1078 3456 1432 3531 temporalia,
1466 3457 1615 3514 sicut
1642 3464 1774 3514 sunt
1799 3474 1959 3531 prae-

348 3555 511 3621 cepta
537 3547 937 3622 patrisfamilias
964 3547 1016 3603 in
1044 3546 1206 3604 domo
1234 3562 1337 3605 sua
1357 3588 1373 3619 ,
1406 3553 1546 3605 teste
1576 3545 1633 3605 d.
1663 3547 1871 3606 Thema
1902 3565 1958 3623 q.

351 3645 445 3709 90,
477 3645 585 3697 art.
620 3644 679 3710 3,-
706 3654 817 3695 non
848 3644 1027 3695 tamen
1064 3641 1324 3710 poterunt
1359 3636 1560 3695 habere
1598 3638 1732 3712 legis
1770 3653 1961 3713 perpe·

347 3729 593 3787 tuitatem
622 3744 687 3785 ac
714 3727 999 3785 virtutem.

423 3822 501 3878 De
530 3818 848 3876 civitatibus
876 3821 1058 3875 autem
1088 3815 1339 3875 maximis
1379 3815 1962 3895 videtur-frequentius

348 3916 656 3983 receptum,
687 3921 851 3981 posse
877 3906 1117 3965 condere
1138 3907 1307 3979 leges.
1339 3908 1476 3965 Nam
1498 3908 1553 3963 in
1576 3906 1615 3963 l.
1640 3922 1840 3966 ovines
1852 3924 1963 3982 po·

298 4016 305 4023 ·
344 3999 497 4078 puli,
522 4000 577 4057 θ’.
590 3998 657 4056 de
679 3998 855 4056 instit.
876 4002 932 4053 et
956 3997 1096 4066 iure,
1126 3994 1353 4067 dicitur,
1384 4011 1839 4071 unumquemque
1866 4012 1962 4070 po·

350 4090 545 4165 pulum
570 4101 733 4163 posse
760 4086 863 4143 sihi
891 4086 975 4143 ius
1004 4087 1374 4143 constituere.
1406 4084 1564 4154 Quod
1592 4087 1755 4143 etiam
1797 4085 1964 4144 habe-

351 4186 445 4237 tur
472 4180 526 4237 in
551 4184 577 4253 g
604 4180 699 4235 ius
724 4180 926 4234 autem
951 4173 1143 4237 civile,
1177 4175 1354 4234 instit.
1378 4175 1447 4233 de
1468 4177 1591 4233 iure
1614 4182 1797 4234 natur.
1824 4192 1959 4251 gen·

352 4270 512 4343 tium,
540 4274 652 4327 etc.
683 4281 816 4339 ergo
854 4266 1089 4323 maxime
1126 4265 1287 4323 dehet
1323 4265 1523 4323 habere
1562 4265 1749 4325 locum
1786 4267 1839 4324 in
1878 4266 1961 4324 his

347 4359 603 4435 populis,
642 4357 737 4431 qui
771 4363 906 4415 sunt
941 4356 1278 4428 metropoles
1322 4356 1627 4413 civitatum.
1672 4358 1741 4415 Et
1780 4358 1953 4429 iuvat,

349 4450 499 4526 quod
528 4448 728 4508 dicitur
752 4448 804 4503 in
835 4446 873 4502 Ι.
902 4450 957 4519 9,
982 4446 1041 4503 ff.
1065 4445 1135 4503 de
1164 4446 1326 4521 legib.
1346 4450 1483 4503 Non
1502 4446 1844 4520 ambiqitwr,
1876 4463 1963 4505 se·

348 4544 563 4599 natum
588 4534 913 4609 iussaeere
930 4550 1137 4611 posse.-
1158 4536 1549 4593 Verumtamen
1574 4536 1724 4593 nulla
1740 4538 1961 4609 specia-

348 4632 419 4691 lis
444 4628 584 4688 ratio
616 4628 669 4686 in
697 4629 885 4701 rigore
908 4625 1183 4683 invenitur
1223 4625 1285 4697 in,
1313 4625 1399 4682 his
1438 4626 1685 4683 maximis
1722 4610 1953 4684 eivitati-

348 4722 477 4793 bus,
506 4718 677 4793 magis
704 4731 875 4790 quam
915 4716 971 4771 in
1008 4716 1332 4787 maioribus,
1362 4730 1504 4789 quae
1542 4722 1800 4789 respectu
1838 4717 1958 4775 illa·

352 4827 481 4870 rum
520 4807 764 4873 minores
801 4810 970 4878 sunt3
1010 4806 1161 4880 quod
1204 4807 1399 4863 attinet
1434 4805 1503 4863 ad
1538 4812 1863 4878 potestatem
1898 4822 1966 4865 ex

348 4903 403 4959 ri
428 4902 597 4973 iuris,
627 4897 762 4955 licet
796 4898 853 4953 in
890 4896 1039 4955 sacto
1078 4901 1137 4953 et
1174 4894 1581 4959 consuetudine
1616 4896 1793 4977 possit
1828 4897 1960 4954 assi-

350 4990 505 5067 gnari
530 4988 756 5063 aliquod
780 4985 1103 5059 discrimen,
1135 4992 1199 5043 ut
1224 4985 1494 5044 dicemus.
1512 4986 1689 5061 Igitur
1710 4986 1957 5044 absolute

350 5080 421 5139 de
438 5078 693 5138 omnibus
713 5076 953 5150 propriis
970 5074 1281 5134 civitatibus
1299 5082 1387 5135 est
1406 5077 1717 5134 communis
1738 5084 1959 5135 senten-

353 5172 449 5240 tia,
480 5182 642 5241 posse
670 5166 911 5224 condere
936 5167 1025 5223 ius
1053 5164 1411 5237 municipale,
1442 5165 1590 5239 quod
1619 5168 1857 5240 propriis
1887 5167 1961 5225 le·

352 5260 513 5335 gibus
544 5262 782 5317 constet.
814 5255 1122 5315 Dummodo
1151 5257 1263 5315 sint
1292 5255 1429 5314 tales
1458 5256 1603 5331 leges
1640 5257 1707 5315 de
1735 5258 1961 5316 materia

3431 344 3552 409 189

2025 483 2443 558 proportionata
2469 474 2768 561 unicuique
2791 486 3016 555 civitati,
3043 483 3094 543 id
3117 492 3205 544 est
3227 485 3447 559 propria
3465 485 3632 562 illius,

2024 582 2082 634 et
2107 591 2216 635 non
2242 576 2524 634 communi
2554 591 2686 635 cum
2715 576 2856 651 aliis,
2887 592 2990 635 nec
3017 584 3211 635 contra
3231 577 3404 635 bonos
3427 592 3632 651 mores,

2023 680 2125 723 nec
2152 672 2436 724 reservata
2469 666 2728 739 principi,
2771 673 2870 725 aut
2902 668 3010 725 iuri
3038 667 3183 726 civili
3219 668 3518 726 contraria.
3551 668 3635 726 lta

2022 756 2136 814 fere
2162 756 2302 813 Abb.
2334 756 2390 813 in
2415 772 2472 813 c.
2511 756 2686 833 Quod
2700 755 2950 827 clericis,
2975 757 3041 814 de
3069 759 3189 816 soro
3213 764 3457 832 compet.
3473 774 3630 816 num.

2024 846 2129 904 ult.
2162 845 2255 903 uhi
2279 847 2336 903 in
2364 845 2616 904 eamdem
2645 848 2974 905 sententiam
3001 848 3170 906 refert
3198 850 3348 905 ioan.
3383 848 3556 906 Andr.
3579 853 3639 906 et

2024 937 2306 1011 Speculat.
2337 935 2565 996 Videtur
2593 938 2759 996 etiam
2787 938 2928 996 idem
2970 939 3174 997 sentire
3201 939 3434 1017 Sylvest.
3469 938 3637 996 verbo

2024 1026 2150 1100 leae,
2181 1044 2237 1101 q.
2271 1033 2326 1087 4.
2360 1025 2463 1085 Sed
2493 1043 2555 1085 re
2579 1043 2716 1086 vera
2751 1044 2862 1085 non
2900 1028 3141 1101 persistit
3175 1030 3231 1084 in
3267 1028 3382 1085 illa.
3413 1030 3473 1085 In
3513 1044 3654 1100 eam,

2023 1118 2190 1176 etiam
2218 1116 2448 1175 inclinat
2473 1119 2700 1190 Gregor.
2734 1121 2911 1191 Lopez
2942 1118 2992 1173 in
3020 1118 3059 1174 l.
3097 1122 3200 1191 12,
3233 1120 3316 1175 tit.
3357 1122 3416 1192 1,
3448 1118 3632 1189 partit.

2030 1210 2052 1267 1
2082 1249 2097 1281 ‚
2128 1207 2322 1265 saltem
2352 1207 2536 1282 quoad
2573 1224 2668 1265 eas
2697 1207 2845 1282 leges
2867 1249 2883 1281 ,
2914 1224 3056 1282 quae
3084 1214 3337 1281 spectant
3357 1206 3427 1265 ad
3447 1224 3637 1267 rerum
3693 1274 3701 1279 ,

2024 1299 2468 1371 uniuscuiusque
2519 1298 2758 1356 civitatis
2808 1298 3354 1357 administrationem.
3409 1298 3638 1357 Probari

2027 1393 2212 1446 autem
2257 1386 2400 1445 solet
2448 1386 2750 1461 praecipue
2797 1389 2934 1447 baec
2985 1390 3254 1446 sententia
3302 1403 3368 1445 ex
3409 1387 3556 1446 dicta
3595 1388 3633 1443 l.

2028 1493 2234 1535 omnes
2255 1477 2484 1553 populi,
2521 1494 2666 1552 quae
2692 1478 2941 1553 loquitur
2969 1479 3291 1537 indistincte
3316 1477 3331 1552 (
3353 1483 3417 1536 ut
3439 1492 3640 1550 expen-

2024 1566 2105 1626 dit
2139 1566 2504 1642 Panormit.),
2535 1567 2657 1627 ideo
2702 1570 2770 1627 de
2805 1570 3059 1629 omnibus
3097 1570 3408 1629 civitatibus
3445 1569 3640 1627 intelli-

2022 1656 2203 1729 genda
2232 1663 2340 1713 est.
2375 1655 2521 1715 ldem
2561 1657 2759 1730 probat
2793 1658 2819 1729 ἒ
2847 1658 2950 1717 sed
2985 1658 3330 1727 naturalia,
3363 1658 3539 1716 Instit.
3569 1657 3638 1716 de

2022 1746 2139 1803 iure
2171 1751 2356 1802 natur.
2391 1746 2493 1803 ihi:
2525 1752 2640 1817 Ea,
2681 1764 2834 1821 quae
2853 1752 2992 1824 ipsa
3012 1748 3122 1806 sibi
3143 1764 3408 1824 quaeque
3427 1750 3638 1805 civitas
3673 1744 3678 1751 '

2022 1838 2349 1892 constitui-t.
2385 1838 2456 1893 Et
2495 1836 2550 1892 in
2583 1844 2616 1904 s
2657 1840 2752 1895 ius
2793 1842 3000 1896 autem
3037 1839 3250 1898 dictum
3291 1838 3502 1910 fuerat,
3534 1836 3642 1897 tale

2022 1938 2143 1981 esse
2171 1924 2257 1982 ius
2289 1925 2736 2001 uniuscuiusque
2764 1929 3030 2002 civitatis,
3052 1928 3354 2001 vocarique
3373 1928 3460 1985 ius
3482 1928 3640 1985 civile

2022 2014 2180 2089 quasi
2205 2014 2292 2071 ius
2314 2018 2603 2088 proprium
2643 2016 2818 2088 ipsius
2859 2018 3118 2075 civitatis.
3152 2018 3307 2075 Ratio
3343 2015 3498 2075 reddi
3541 2032 3639 2089 po·

2022 2108 2148 2178 test,
2174 2106 2306 2177 quia
2333 2121 2702 2180 unaquaeque
2742 2108 2941 2165 civitas
2981 2107 3187 2181 indiget
3214 2108 3318 2164 hac
3345 2113 3638 2181 potestate,

2024 2194 2156 2267 quia
2183 2209 2282 2268 per
2311 2196 2490 2253 solum
2521 2210 2815 2254 commune
2841 2197 2929 2256 ius
2955 2212 3064 2255 non
3087 2202 3272 2271 potest
3298 2197 3641 2255 sufficienter

2026 2284 2305 2357 provideri
2329 2286 2750 2344 necessitatibus
2774 2288 3047 2360 omnihus,
3068 2290 3288 2362 quaein
3311 2288 3534 2346 diversis
3563 2286 3641 2343 lo·

2023 2374 2105 2431 cis
2142 2390 2242 2447 pro
2278 2389 2474 2433 eorum
2504 2378 2656 2433 varia
2683 2377 2946 2451 qualitate
2970 2385 3029 2436 et
3053 2380 3408 2452 dispositione
3435 2394 3638 2436 occur-

2022 2471 2190 2536 runt,
2215 2479 2350 2537 ergo
2382 2472 2631 2537 oportet,
2663 2473 2729 2523 ut
2769 2468 2875 2525 hoc
2903 2469 3231 2541 suppleatur
3271 2484 3369 2542 per
3405 2470 3490 2526 ius
3519 2484 3639 2526 mu·

2024 2554 2274 2627 nicipale.
2297 2556 2686 2630 Confirmatur3
2708 2572 2834 2615 nam
2855 2558 3128 2631 quaelihet
3155 2559 3350 2616 civitas
3377 2564 3636 2616 censetur

2025 2647 2393 2703 communitas
2436 2646 2689 2719 perfecta
2729 2646 3037 2705 secundum
3079 2647 3460 2721 Aristotelem3
3503 2663 3638 2721 ergo

2026 2750 2123 2809 per
2149 2750 2210 2791 se
2237 2740 2421 2807 potest
2456 2735 2605 2810 leges
2648 2736 2917 2807 condere3
2956 2737 3052 2794 sed
3092 2740 3248 2796 circa
3273 2753 3362 2795 res
3389 2738 3638 2810 proprias

2026 2825 2224 2883 melius
2254 2831 2436 2898 potest
2462 2841 2826 2901 unaquaeque
2853 2828 3047 2887 civitas
3073 2833 3350 2901 statuere3
3393 2842 3525 2903 ergo
3552 2842 3640 2884 ra-

2027 2914 2157 2972 tioni
2200 2922 2632 2973 consentaneum
2673 2924 2792 2989 est,
2837 2924 2904 2975 ut
2942 2917 3042 2974 illis
3074 2917 3235 2993 suerit
3276 2918 3469 2975 relicta
3502 2915 3638 2975 haec

2028 3011 2295 3078 potestas,
2325 3022 2470 3080 quae
2503 3013 2722 3081 spectat
2747 3008 2818 3067 ad
2851 3024 3043 3066 rerum
3079 3008 3433 3081 propriarum
3469 3005 3639 3067 admi-

2026 3095 2432 3153 nistrationem.
2759 3122 2773 3135 ·

2106 3184 2213 3242 Sed
2243 3186 2295 3241 in
2320 3183 2428 3242 hoc
2451 3192 2662 3257 puncto
2685 3186 2964 3259 probanda
2983 3186 3202 3245 videtur
3222 3186 3472 3245 doctrina
3487 3185 3639 3245 Baldi

2027 3276 2081 3331 in
2110 3272 2258 3331 dicta
2287 3273 2325 3330 l.
2356 3290 2557 3331 omnes
2581 3274 2805 3349 populi,
2841 3292 3010 3351 quam
3039 3278 3201 3335 etiam
3234 3276 3439 3349 refert,
3469 3284 3527 3335 et
3551 3293 3638 3335 se-

2028 3364 2222 3439 quitur
2249 3364 2465 3422 Silvest.
2500 3381 2692 3439 supra,
2724 3366 2984 3425 videlieet
3021 3383 3468 3443 unamquamque
3505 3370 3641 3427 civi-

2032 3460 2200 3512 tatem
2239 3461 2455 3512 tantum
2493 3455 2694 3513 habere
2732 3456 2800 3514 de
2839 3462 3108 3528 potestate
3146 3456 3416 3515 condendi
3463 3458 3637 3531 legem

2030 3544 2115 3603 vel
2142 3551 2440 3619 statutum,
2469 3552 2740 3619 quantum
2765 3546 2932 3605 habet
2956 3546 3024 3604 de
3055 3545 3535 3606 iurisdictione.Et
3553 3563 3641 3605 ra-

2029 3638 2107 3693 tio
2144 3637 2384 3694 sumitur
2421 3652 2493 3693 ex
2519 3636 2702 3709 dictis,
2734 3640 2864 3711 quia
2901 3644 3146 3709 potestas
3183 3639 3455 3697 condendi
3493 3638 3639 3713 leges

2033 3726 2115 3801 (ut
2146 3726 2240 3784 lib.
2271 3728 2316 3798 1,
2346 3740 2472 3800 cap.
2504 3726 2646 3790 vul,
2675 3733 2734 3784 et
2761 3726 2850 3784 lib.
2886 3729 2954 3789 11.
2977 3744 3032 3785 c.
3058 3730 3100 3802 1,
3132 3728 3268 3803 dixi)
3309 3728 3639 3787 iurisdictio-

2030 3816 2115 3873 nis
2143 3823 2266 3887 est3
2296 3832 2430 3891 ergo
2459 3832 2562 3889 pro
2590 3832 2851 3875 mensura
2877 3818 3291 3892 iurisdictionis,
3319 3832 3485 3892 quam
3507 3818 3642 3874 eivi-

2029 3912 2117 3965 tas
2146 3906 2416 3978 habuerit,
2447 3905 2803 3966 indicandum
2831 3908 2938 3966 erit
2963 3908 3030 3965 de
3060 3908 3162 3966 hac
3183 3906 3636 3982 potestate.Unde

2031 3998 2100 4055 ad
2128 3996 2272 4055 hanc
2300 3998 2714 4070 resolutionem,
2743 4013 2842 4070 per
2863 4014 2922 4055 se
2943 3997 3240 4072 loquendo,
3266 4013 3378 4056 non
3401 3999 3638 4057 multum

2029 4088 2200 4146 refert
2225 4086 2505 4147 distinctio
2534 4086 2602 4144 de
2629 4087 2865 4145 maxima
2893 4088 2977 4146 vel
3009 4090 3201 4145 maiori
3229 4089 3479 4161 civitate,
3509 4090 3642 4162 quia

2029 4176 2145 4235 lieri
2168 4183 2372 4251 potest,
2393 4166 2668 4235 ut'civitas
2693 4178 2926 4236 secundi
2948 4178 3158 4237 ordinis
3183 4178 3375 4237 habeat
3395 4180 3535 4237 hanc
3555 4180 3642 4237 iu-

2029 4267 2425 4338 risdictionem,
2449 4274 2507 4325 et
2527 4284 2634 4325 non
2658 4269 2894 4327 maxima
2920 4270 3138 4328 civitas.
3154 4269 3342 4327 Potius
3361 4284 3494 4343 ergo
3517 4284 3638 4341 spe·

2029 4358 2294 4417 standum
2321 4363 2427 4430 est,
2456 4373 2526 4414 an
2557 4357 2748 4415 civitas
2775 4360 3009 4417 retineat
3045 4360 3101 4416 in
3129 4374 3190 4416 se
3217 4345 3642 4432 aliquam'pote-

2030 4454 2232 4507 statem
2269 4462 2562 4520 supremae
2597 4446 2968 4521 reipublicae,
2999 4460 3058 4506 et
3083 4462 3184 4520 per
3225 4448 3373 4505 illam
3401 4448 3638 4521 seipsam

2026 4539 2322 4613 gubernet,
2347 4537 2432 4595 vel
2455 4537 2602 4595 illam
2623 4538 2965 4596 transtulerit
2983 4538 3306 4611 simpliciter
3329 4540 3380 4595 in
3403 4538 3639 4611 aliquem

2029 4628 2356 4702 principem,
2385 4627 2469 4695 vel
2498 4627 2746 4702 quolibet
2772 4627 2874 4685 alio
2899 4630 3050 4687 iusto
3075 4628 3234 4686 titulo
3255 4628 3524 4685 translata
3545 4631 3633 4703 sit.

2028 4718 2216 4775 Omnis
2245 4733 2377 4793 ergo
2403 4718 2605 4775 civitas
2632 4718 2827 4790 prioris
2851 4718 3060 4777 ‘ordinis
3088 4724 3273 4792 potest
3307 4718 3424 4776 sine
3465 4717 3634 4776 dubio

2030 4808 2270 4867 condere
2296 4808 2468 4883 leges,
2497 4806 2816 4881 quia‘hahet
2843 4824 3158 4880 supremam
3197 4808 3630 4867 iurisdictionem

2029 4900 2182 4957 iuxta
2209 4897 2476 4971 principia
2505 4898 2684 4971 posita
2708 4898 2764 4953 in
2791 4899 2959 4971 priori
2987 4896 3146 4955 libro.
3163 4897 3234 4954 Et
3258 4896 3327 4954 de
3353 4896 3438 4954 his
3459 4912 3635 4970 popu·

2030 4989 2093 5046 lis
2122 4988 2308 5046 liberis
2338 4988 2582 5061 loquitur
2617 4984 2765 5045 dicta
2801 4987 2840 5046 l.
2889 5003 3090 5045 omnes
3123 4986 3352 5063 populi.
3381 4990 3518 5046 Nam
3561 4987 3638 5045 lo-

2030 5078 2224 5153 quitur
2260 5076 2332 5134 de
2369 5078 2494 5136 iure
2521 5074 2689 5152 civili,
2720 5083 2886 5149 prout
2933 5078 3404 5153 condistingaitur
3443 5094 3477 5134 a
3513 5079 3636 5136 iure

2028 5168 2308 5243 gentium3
2336 5168 2424 5226 ius
2459 5174 2645 5227 autem
2673 5168 2830 5226 civile
2867 5167 2962 5226 lllo
3001 5169 3164 5226 modo
3203 5174 3491 5241 sumptum
3524 5183 3635 5226 non

2030 5266 2117 5318 est
2142 5265 2356 5317 tantum
2381 5259 2466 5317 ius
2495 5258 2853 5332 municipale,
2883 5274 2983 5317 seu
3018 5257 3360 5335 particulare
3401 5256 3638 5317 alicuius
