4325 6267
1823 334 2035 391 CAPUT
2062 336 2132 385 V.

904 460 1186 534 CAPUT
1230 462 1318 532 V.

350 670 447 725 An
471 662 572 723 lea:
596 659 903 723 naturalis
926 663 1005 719 sit
1027 662 1168 737 ipsa
1190 657 1493 721 naturalis
1518 660 1681 719 ratio
1709 662 1893 718 recta.

901 840 1352 907 summarium

326 1037 379 1090 1.
406 1036 589 1090 Variae
620 1033 939 1099 opinationes
964 1034 1103 1083 circa
1128 1030 1392 1083 formalem
1412 1031 1664 1083 rationem
1687 1030 1816 1094 legis
1839 1041 1927 1081 na-

395 1108 603 1160 turalis.
630 1132 702 1143 —·
725 1099 778 1156 2.
806 1104 987 1168 Opinio
1019 1103 1299 1165 affirmans,
1327 1103 1493 1166 legem
1516 1102 1802 1154 naturalem
1825 1101 1930 1153 sor-

314 1190 321 1209 ¹
394 1180 604 1231 maliter
628 1175 909 1227 consistere
934 1175 987 1224 in
1011 1174 1116 1238 ipsa
1143 1179 1327 1222 natura
1350 1174 1607 1234 rationali,
1639 1178 1695 1223 ut
1719 1185 1819 1222 non
1837 1172 1929 1221 im-

396 1249 557 1315 plicat
591 1244 1075 1303 contradictionem,
1111 1250 1165 1294 et
1188 1250 1266 1293 est
1291 1242 1674 1293 fundamentum
1696 1242 1931 1292 honesta-

398 1320 469 1370 tis
504 1320 557 1369 in
590 1318 811 1368 actibus,
849 1341 919 1352 -
954 1315 1007 1366 3.
1035 1313 1340 1366 Excluditur
1371 1314 1533 1378 prima
1568 1313 1737 1378 opinio
1760 1311 1824 1361 de
1847 1324 1930 1362 ra-

399 1390 543 1441 tione
576 1388 706 1451 legis
739 1386 1009 1437 naturalis.
1034 1412 1105 1423 --
1129 1385 1184 1435 4.
1210 1384 1537 1448 lmpugnatur
1560 1382 1735 1433 eadem
1758 1382 1930 1446 opinio

402 1473 465 1510 ex
486 1458 755 1518 absurdis,
792 1468 925 1519 quae
958 1460 1265 1519 sequuntur.
1290 1480 1359 1490 -
1386 1454 1437 1504 5.
1464 1452 1693 1504 Secunda
1727 1457 1931 1504 senten-

401 1530 495 1591 tia,
522 1542 655 1594 quae
679 1526 884 1587 asserit,
910 1526 1074 1589 legem
1097 1524 1385 1576 naturalem
1407 1536 1520 1575 esse
1544 1525 1647 1574 vim
1664 1522 1933 1588 quamdam

398 1605 646 1659 naturae,
674 1610 827 1661 quam
848 1596 1159 1663 appeliamus
1182 1595 1431 1645 rationem
1454 1596 1756 1645 naturalem.
1783 1620 1853 1630 —
1874 1594 1928 1643 6.

403 1668 743 1723 Consti-matur
765 1679 827 1717 ex
844 1666 1145 1730 scripturis.
1165 1692 1237 1703 —-
1256 1664 1305 1715 7.
1327 1665 1401 1715 Ex
1420 1664 1673 1729 patribuS.
1695 1691 1764 1701 —
1784 1663 1836 1714 8.
1858 1662 1933 1714 Ex

399 1740 707 1793 rationibus·
734 1764 806 1774 —
830 1736 881 1787 9.
918 1737 997 1786 An
1030 1737 1113 1786 lex
1144 1735 1395 1786 naturalis
1426 1736 1673 1786 consistat
1704 1735 1758 1785 in
1786 1740 1927 1795 actu,

401 1812 484 1863 vel
511 1810 566 1861 in
592 1809 771 1860 habitu
794 1808 999 1859 mentis.
1026 1832 1098 1847 -—
1123 1807 1211 1858 10.
1240 1804 1489 1857 ludicium
1512 1806 1758 1866 auctoriS,
1780 1810 1834 1855 et
1855 1816 1934 1853 re·

402 1882 597 1935 solutio
626 1879 957 1945 quaestionis.
983 1904 1053 1913 ——
1079 1878 1163 1927 ¹1.
1192 1874 1447 1947 Quomodo
1477 1876 1826 1938 distinguatur
1852 1875 1933 1925 lex

402 1951 655 2003 naturalis
676 1960 707 1999 a
729 1948 1073 2001 conscientiae
1098 1948 1299 2011 regula.

412 2102 467 2159 1.
495 2096 748 2171 Aliquam
773 2108 895 2153 esse
914 2092 1228 2151 naturalem
1251 2091 1427 2165 legem
1449 2090 1502 2148 in
1522 2090 1674 2162 lib.l,
1700 2090 1929 2163 cap.111.

330 2188 749 2263 supposuimus,
780 2192 838 2243 et
864 2181 1230 2251 ostendimus,
1262 2182 1460 2255 fietque
1488 2181 1721 2251 certius,
1751 2181 1932 2254 inqui-

330 2280 503 2339 rendo
533 2277 663 2353 quid
692 2276 780 2333 sit.
811 2276 1078 2333 Dixerun't
1101 2289 1236 2353 ergo
1264 2271 1453 2347 aliqui,
1485 2272 1625 2330 hanc
1654 2272 1829 2345 legem
1854 2272 1935 2327 ni·
1968 2286 1970 2289 ⁴

332 2372 409 2429 hil
444 2368 594 2429 aliud
619 2383 773 2437 esse,
804 2382 971 2440 quam
999 2366 1173 2437 ipsam
1200 2373 1453 2421 naturam
1482 2362 1800 2422 rationalem
1822 2403 1838 2433 ,
1873 2368 1934 2419 ut

334 2462 459 2521 talis
484 2466 589 2518 est.
622 2460 739 2517 Hoc
762 2456 1015 2515 tamenin
1038 2455 1263 2512 diversis
1286 2453 1534 2512 sensibus
1558 2452 1815 2511 affirmari
1838 2467 1935 2524 po·

335 2558 481 2617 test,
518 2555 575 2608 et
600 2548 718 2606 ideo
746 2547 1027 2605 advertere
1056 2552 1304 2618 oportet,
1334 2544 1655 2602 rationalem
1680 2548 1933 2600 naturam

334 2641 626 2715 dupliciter
664 2638 904 2711 spectari
940 2650 1131 2709 posse:
1176 2650 1283 2691 uno
1312 2634 1473 2691 modo
1510 2633 1819 2692 secundum
1848 2646 1928 2703 se,

334 2732 393 2791 id
430 2738 549 2801 est,
588 2737 863 2804 quatenus
901 2728 1108 2785 ratione
1146 2723 1269 2782 talis
1304 2726 1603 2795 essentiae,
1645 2740 1812 2798 quam
1840 2724 1934 2780 ha·

338 2824 453 2896 bet,
482 2820 908 2894 quaedamsunt
938 2817 1007 2874 illi
1036 2814 1517 2887 convenientia,'et
1534 2816 1637 2873 alia
1654 2815 1935 2873 disconve-

282 2948 303 2969 0
336 2911 559 2983 nientia;
591 2909 694 2967 alio
722 2907 909 2980 modo,
939 2913 1209 2985 quatenus
1236 2906 1342 2962 vim
1372 2905 1537 2965 habet
1562 2904 1838 2963 iudicandi
1864 2904 1935 2962 de

338 3003 455 3074 his,
496 3014 638 3075 quae
676 2998 776 3055 sibi
816 2999 1182 3069 conveniunt,
1222 2996 1308 3053 vel
1346 2996 1791 3069 disconveniunt,
1822 3012 1933 3053 me-

336 3093 517 3151 diante
541 3090 745 3148 lumine
765 3087 1029 3153 naturalis
1050 3087 1296 3148 rationis.
1312 3088 1485 3156 Quam
1506 3086 1779 3159 duplicem
1801 3103 1937 3144 con-

340 3181 727 3241 siderationem
756 3178 1048 3235 insinuavit
1074 3176 1131 3234 d.
1162 3178 1395 3234 Thomas
1423 3177 1573 3234 dicta
1602 3193 1658 3251 q.
1692 3180 1795 3249 94,
1827 3183 1931 3235 art.

338 3278 399 3344 2,
428 3274 521 3329 ubi
550 3272 701 3344 prius
732 3269 1018 3342 distinguit
1043 3266 1220 3324 varias
1246 3266 1629 3323 inclinationes
1656 3266 1933 3323 naturales

338 3364 614 3421 humanae
635 3366 887 3431 naturae,
906 3355 1212 3415 secundum
1234 3372 1375 3430 quas
1397 3355 1531 3413 ratio
1551 3355 1724 3413 dictat
1742 3355 1811 3414 de
1828 3356 1932 3429 his,

338 3469 483 3529 quae
510 3458 644 3509 sunt
672 3452 834 3521 bona,
865 3449 949 3507 vel
978 3447 1121 3505 mala
1146 3446 1239 3504 tali
1265 3454 1518 3519 naturae,
1548 3451 1613 3503 ut
1638 3444 1763 3504 inde
1783 3446 1936 3504 colli-

338 3550 439 3618 gat
477 3547 767 3616 praecepta
806 3539 942 3613 legis
982 3536 1271 3594 naturalis.
1314 3536 1527 3609 Duplex
1567 3550 1702 3608 ergo
1740 3552 1936 3594 sensus

336 3650 460 3691 esse
501 3637 688 3705 polest
726 3628 1021 3687 sententiae
1064 3626 1387 3698 asserentis,
1428 3624 1601 3700 legem
1629 3626 1935 3683 naturalem

341 3740 466 3783 esse
494 3724 669 3795 ipsam
695 3726 949 3778 naturam
977 3718 1313 3775 rationalem.
1346 3718 1563 3775 Primus
1588 3724 1709 3790 est,
1740 3724 1803 3774 ut
1830 3717 1935 3775 hoc

340 3814 680 3888 intelligatur
706 3810 773 3868 de
810 3812 925 3883 ipsa
960 3815 1158 3866 natura
1195 3808 1498 3866 secundum
1538 3824 1628 3880 se,
1666 3816 1936 3883 quatenus

342 3907 555 3965 ratione
596 3918 729 3961 suae
768 3902 1035 3959 essentiae
1067 3899 1187 3956 talis
1215 3907 1322 3973 est,
1354 3907 1416 3956 ut
1443 3899 1492 3955 ei
1520 3913 1587 3956 ex
1613 3905 1811 3956 natura
1834 3915 1937 3955 sua

338 3999 477 4057 tales
500 3997 741 4055 actiones
763 3979 873 4050 sint
885 3992 1292 4060 convenientes,
1311 3996 1369 4047 et
1388 3990 1695 4047 contrariae
1719 3988 1937 4046 discon-

342 4092 645 4147 venientes.
684 4084 839 4144 Alter
871 4089 989 4154 est,
1029 4088 1093 4139 ut
1131 4080 1466 4154 intelligatur
1492 4079 1557 4136 de
1594 4082 1709 4152 ipsa
1735 4086 1937 4137 natura

341 4179 553 4237 ratione
590 4174 775 4235 iudicii
811 4172 1059 4243 rationis,
1090 4170 1237 4244 quod
1265 4171 1317 4226 in
1346 4171 1465 4240 ipsa
1491 4176 1577 4226 est
1602 4176 1933 4227 connatura-

344 4271 487 4343 liter,
517 4276 576 4325 et
602 4271 856 4338 respectu
882 4263 1023 4319 illius
1052 4260 1215 4318 hahet
1244 4261 1512 4317 rationem
1542 4258 1692 4333 legis.

420 4366 478 4419 2.
524 4359 625 4417 Est
664 4372 795 4429 ergo
835 4354 1007 4427 prima
1046 4352 1307 4409 sententia
1344 4350 1653 4421 affirmans,
1682 4356 1935 4408 naturam

338 4448 661 4509 rationalem
699 4436 1005 4503 secundum
1034 4458 1112 4514 se,
1143 4449 1199 4499 et
1228 4449 1290 4499 ut
1316 4458 1425 4497 non
1451 4439 1699 4513 implicat
1718 4447 1939 4499 contra-

340 4541 669 4608 dictionem,
722 4542 915 4610 estque
964 4532 1375 4591 tundamentum
1423 4532 1597 4588 omnis
1640 4532 1937 4590 honestatis

341 4639 577 4690 actuum
628 4627 1029 4691 humanorum,
1060 4623 1144 4680 vel
1190 4622 1627 4681 convenientium
1656 4623 1749 4680 tali
1778 4630 1937 4680 natu·

340 4738 458 4793 rae,
493 4719 581 4777 vel
608 4718 915 4775 contrariae
941 4714 1287 4788 turpitudinis
1312 4729 1509 4771 eorum
1536 4729 1630 4787 per
1650 4712 1939 4773 disconve-

342 4813 596 4873 nientiam
639 4806 707 4865 ad
742 4807 1025 4877 eamdem,
1054 4820 1175 4862 esse
1200 4807 1375 4877 ipsam
1402 4805 1576 4877 legem
1608 4805 1932 4863 naturalem.

349 4905 429 4961 lta
462 4899 658 4959 docuit
685 4899 933 4973 vasquez
967 4899 1015 4953 1.
1047 4901 1079 4953 2
1101 4936 1118 4967 ,
1159 4894 1305 4967 disp.
1350 4900 1488 4966 150,
1528 4910 1651 4967 cap.
1686 4898 1752 4965 3,
1792 4901 1847 4953 et
1882 4894 1938 4952 id

346 5007 509 5066 saepe
538 4988 732 5062 repetit
755 4989 811 5044 in
842 4993 954 5045 toto
981 4986 1237 5043 discursu
1266 4984 1427 5041 huius
1454 4987 1735 5058 materiae,
1770 4988 1939 5043 nemi·

344 5101 469 5143 nem
508 5088 693 5140 autem
722 5096 821 5153 pro
849 5077 951 5135 hac
981 5077 1247 5134 sententia
1272 5075 1455 5134 refert.
1489 5074 1933 5134 Fundamentum

346 5182 465 5248 est,
508 5173 637 5247 quia
674 5176 804 5227 sunt
830 5168 1042 5242 aliquae
1070 5169 1312 5225 actiones
1339 5166 1413 5222 ita
1441 5166 1736 5224 intrinsece
1764 5166 1937 5225 malae

350 5284 419 5327 ex
443 5270 643 5324 natura
670 5276 795 5334 sua,
824 5267 889 5318 ut
914 5257 1063 5318 nullo
1092 5257 1259 5317 modo
1284 5256 1554 5330 pendeant
1573 5255 1626 5314 in
1650 5257 1849 5315 malitia
1869 5274 1937 5316 ex

3421 328 3506 391 93

1986 461 2348 535 prohibitione
2374 462 2702 538 extrinseca,
2731 480 2832 523 nec
2852 482 2925 525 ex
2944 466 3166 540 indicio,
3190 466 3276 527 vel
3299 468 3581 529 voluntate

1990 551 2204 628 divina,
2240 561 2299 612 et
2333 555 2522 613 eadem
2559 556 2770 615 ratione
2797 567 2930 616 sunt
2957 558 3093 617 aliae
3121 560 3367 619 actiones
3396 562 3472 620 ita
3501 562 3581 619 in-

1990 644 2228 702 trinsece
2255 642 2430 703 bonae
2452 651 2506 703 et
2525 645 2804 721 honestae,
2834 649 2970 706 utin
3000 648 3106 707 hoc
3132 651 3293 709 etiam
3323 667 3430 709 non
3451 668 3584 725 pen-

1992 732 2157 793 deant
2176 750 2242 793 ex
2265 752 2434 793 eausa
2453 737 2787 795 extrinseca.
2808 739 2964 808 Quod
2982 758 3230 813 suppono
3247 758 3316 801 ex
3335 758 3584 801 commu-

1992 825 2049 881 ni
2078 826 2351 884 sententia
2378 826 2761 901 theologorum
2792 830 2847 885 in
2867 834 2900 887 2
2925 872 2940 901 ,
2961 829 3016 886 d.
3054 834 3120 890 37
3143 872 3158 903 ,
3181 839 3237 890 et
3263 850 3328 891 ex
3358 833 3413 891 d.
3444 834 3587 891 Tho·

1993 932 2083 972 ma
2116 920 2166 975 1.
2199 922 2230 975 2
2255 958 2270 988 ,
2314 933 2369 990 q.
2410 921 2545 991 100,
2583 925 2690 975 art.
2726 925 2789 993 8,
2821 926 2878 977 et
2901 922 3045 979 Vict.
3077 918 3278 981 relect!
3301 924 3373 982 de
3399 926 3587 985 homi-

1992 1004 2111 1063 cid.
2151 1010 2200 1065 1.
2235 1023 2290 1079 p.
2319 1008 2457 1064 etin
2485 1009 2842 1083 sequentibus
2861 1010 2927 1068 id·
2941 1013 3400 1072 confirmabimus.
3425 1018 3585 1075 Nune

1994 1095 2231 1155 breviter
2269 1098 2409 1156 ratio
2449 1105 2564 1170 est,
2609 1099 2740 1173 quia
2777 1107 2936 1158 actus
2967 1104 3202 1161 morales
3229 1105 3430 1163 habent
3456 1125 3587 1165 suas

1997 1188 2320 1245 intrinsecas
2357 1196 2612 1251 naturas,
2643 1195 2699 1247 et
2727 1192 2991 1248 essentias
3019 1192 3384 1253 immutabiles
3402 1238 3419 1270 ,
3447 1214 3587 1271 quae

1996 1294 2105 1335 non
2133 1279 2370 1351 pendent
2397 1295 2430 1336 a
2456 1295 2627 1337 causa
2656 1280 2738 1337 vel
2770 1282 3054 1339 voluntate
3087 1284 3395 1343 extrinseca
3415 1290 3586 1361 magis

1996 1384 2162 1442 quam
2203 1368 2334 1425 aliae
2361 1384 2552 1426 rerum
2577 1370 2866 1441 essentiae,
2898 1388 3042 1444 quae
3067 1388 3166 1443 per
3191 1389 3252 1431 se
3277 1390 3387 1431 non
3417 1377 3588 1449 impli-

1997 1464 2127 1516 cant
2157 1458 2671 1532 contradictionem,
2705 1468 2770 1519 ut
2796 1477 2944 1520 nunc
2971 1478 3038 1520 ex
3063 1463 3426 1543 metaphysica
3453 1484 3584 1541 sup-

1998 1564 2165 1621 pono.
3411 1612 3417 1620 .

2073 1640 2212 1695 Hine
2240 1654 2372 1714 ergo
2401 1640 2671 1697 formatur
2696 1641 2871 1715 prima
2892 1644 3065 1716 ratio;
3090 1646 3289 1701 namin
3311 1645 3394 1702 his
3417 1647 3584 1704 actio-

1998 1729 2160 1786 uibus
2189 1730 2461 1787 invenitur
2488 1728 2744 1787 honestas
2765 1772 2780 1803 ,
2809 1732 2894 1789 vel
2923 1734 3206 1806 turpitudo
3234 1751 3332 1807 per
3360 1736 3583 1794 consor·

2000 1820 2239 1878 mitatem
2279 1821 2349 1878 ad
2389 1820 2622 1894 aliquam
2657 1822 2864 1896 legem,
2895 1831 2953 1882 et
2977 1841 3084 1881 non
3115 1840 3212 1898 per
3238 1826 3589 1885 conformita-

1998 1918 2111 1969 tem
2152 1909 2221 1969 ad
2257 1911 2524 1969 iudicium
2563 1912 2820 1986 rationis3
2863 1930 2997 1989 ergo
3027 1932 3123 1989 per
3151 1916 3590 1977 conformitatem

1998 2001 2070 2060 ad
2098 2003 2270 2075 ipsam
2299 2002 2618 2060 rationalem
2645 2010 2933 2075 naturam,
2965 2020 3096 2079 ergo
3126 2007 3244 2078 ipsa
3279 2014 3477 2066 natura
3503 2025 3590 2066 se-

1998 2092 2244 2150 cundum
2271 2107 2330 2148 se
2349 2097 2435 2149 est
2461 2092 2544 2149 lex
2575 2093 2838 2150 naturalis
2858 2102 3114 2167 respectu
3139 2099 3417 2172 omnium,
3447 2114 3592 2173 quae

1999 2183 2418 2257 praecipiuntur
2437 2223 2452 2253 ,
2485 2182 2570 2239 vel
2598 2182 2990 2259 probibentur,
3023 2186 3103 2245 vel
3133 2188 3429 2259 probantur
3449 2232 3464 2263 ,
3493 2197 3594 2249 aut

2000 2275 2399 2345 permittuntur
2439 2273 2558 2346 lege
2597 2273 2855 2331 naturali.
2898 2276 3066 2334 Maior
3106 2281 3463 2352 supponitur,
3507 2278 3592 2338 vel

2000 2380 2068 2422 ex
2102 2365 2190 2422 illo
2221 2366 2451 2422 Roman.
2482 2369 2549 2424 ⁴:
2589 2364 2703 2425 Ubi
2728 2382 2846 2421 non
2872 2370 2958 2423 est
2982 2365 3110 2436 lem,
3148 2384 3254 2426 nec
3271 2373 3592 2444 praeuari-

2001 2460 2162 2514 catio
2175 2480 2194 2523 ‚·
2222 2456 2308 2513 vel
2335 2471 2400 2513 ex
2429 2456 2734 2514 deffinitione
2763 2458 2982 2529 peccati
3010 2457 3202 2514 tradita
3227 2460 3294 2516 ab
3324 2462 3590 2535 Augusti-

2002 2562 2072 2603 no
2100 2550 2194 2605 22.
2225 2551 2439 2603 contra
2463 2548 2783 2613 Faustum,
2816 2560 2942 2618 cap.
2969 2549 3034 2605 37
3057 2567 3070 2603 ε
3095 2552 3205 2606 Est
3227 2547 3592 2623 dictumsa-

2000 2641 2190 2705 ctum,
2223 2634 2312 2693 vel
2347 2638 2724 2711 concupitum
2761 2641 2973 2695 contra
3011 2636 3194 2711 leqem
3233 2642 3378 2708 Dei;
3409 2641 3493 2700 vel
3521 2656 3590 2701 ex

2001 2726 2091 2784 illo
2120 2727 2390 2784 Ambrosii
2417 2725 2510 2783 lib.
2536 2724 2608 2782 de
2643 2724 2962 2796 Par-adise,
2999 2743 3123 2801 cap.
3153 2733 3214 2786 8:
3240 2734 3373 2787 Non
3399 2736 3588 2789 consi·

2002 2822 2180 2874 steret
2194 2821 2526 2892 peccatum.
2553 2818 2608 2873 si
2629 2814 2972 2874 interdictio
2993 2816 3363 2890 nonsuisset;
3388 2821 3473 2879 vel
3495 2821 3590 2880 de·

2000 2909 2196 2981 nique,
2238 2907 2369 2981 quia
2407 2906 2583 2963 omnis
2625 2906 2878 2964 honestas
2919 2908 3132 2965 virtutis
3161 2909 3326 2967 habet
3353 2910 3592 2985 aliquam

2002 3013 2352 3070 mensuram,
2394 3013 2538 3071 quae
2577 2997 2739 3054 habet
2778 2998 3041 3056 rationem
3078 2999 3233 3073 legis.
3262 3002 3431 3060 Minor
3459 3020 3592 3061 vero

2001 3087 2300 3161 probatur3
2343 3088 2472 3161 quia
2513 3088 2728 3144 mentiri
2766 3103 2820 3143 v.
2863 3104 2924 3162 g.
2963 3104 3071 3146 non
3097 3090 3219 3148 ideo
3247 3092 3453 3150 malum
3479 3100 3585 3167 est,

2001 3178 2129 3253 quia
2168 3193 2264 3249 per
2303 3180 2568 3234 rationem
2611 3176 2888 3235 iudicatur
2927 3178 3166 3251 malum,
3210 3181 3307 3237 ssd
3343 3186 3529 3256 potius
3557 3200 3589 3241 e

2002 3283 2272 3324 converso
2291 3307 2308 3339 ,
2351 3267 2473 3325 ideo
2514 3282 2640 3323 vere
2673 3265 2950 3325 iudicatur
2977 3269 3218 3343 malum,
3249 3273 3377 3345 quia
3406 3288 3502 3345 per
3531 3290 3592 3332 se

2002 3357 2208 3415 malum
2236 3363 2359 3432 est3
2380 3372 2512 3431 ergo
2542 3372 2649 3413 non
2676 3365 2760 3414 est
2779 3357 3042 3416 iudicium
3063 3375 3322 3418 mensura
3351 3364 3587 3421 malitiae

2003 3454 2193 3521 actus,
2218 3464 2350 3521 ergo
2377 3463 2478 3504 nec
2501 3458 2587 3505 est
2607 3446 2693 3504 lex
2716 3447 3009 3522 prohibens
3035 3450 3191 3509 illud.
3221 3452 3374 3511 Unde
3396 3468 3428 3510 e
3456 3470 3590 3511 con·

2003 3554 2163 3595 verso
2196 3537 2498 3609 probantur
2525 3537 2658 3594 aliae
2687 3542 3142 3615 consequentiae,
3161 3542 3288 3615 quia
3316 3542 3402 3601 ille
3431 3550 3596 3602 actus

2005 3627 2125 3685 ideo
2158 3626 2336 3683 malus
2365 3632 2480 3697 est,
2511 3630 2640 3702 quia
2669 3628 2977 3686 secundum
3006 3646 3064 3686 se
3084 3637 3170 3688 est
3189 3632 3599 3693 disconveniens

2007 3724 2235 3776 naturae
2263 3717 2542 3792 rationali,
2567 3734 2702 3791 ergo
2731 3718 2847 3791 ipsa
2873 3727 3068 3778 natura
3093 3728 3178 3779 est
3203 3739 3464 3783 mensura
3477 3725 3599 3783 talis

2005 3816 2166 3866 aelus
2189 3851 2204 3881 ,
2233 3814 2290 3866 et
2315 3817 2718 3881 consequenter
2743 3816 2828 3866 est
2855 3810 2940 3867 lex
2967 3812 3254 3869 naturalis.

2081 3899 2340 3957 Secunda
2379 3900 2515 3956 ratio
2555 3914 2677 3956 esse
2705 3906 2920 3973 potest,
2950 3901 3078 3975 quia
3106 3910 3399 3977 praecepta
3425 3903 3594 3963 huius

2004 3988 2137 4063 legis
2178 3996 2309 4045 sunt
2334 3988 2418 4045 vel
2446 3988 2711 4062 principia
2739 4004 2837 4063 per
2859 4006 2918 4048 se
2945 3997 3076 4049 nota
3102 4007 3168 4049 ex
3199 3994 3468 4069 terminis,
3501 4000 3588 4055 vel

2006 4077 2387 4137 conclusiones
2401 4078 2634 4136 evidenti
2651 4080 2976 4137 necessitate
2991 4096 3056 4138 ex
3073 4081 3174 4138 illis
3194 4082 3427 4157 elicitae,
3446 4102 3590 4159 quae

2007 4177 2139 4227 sunt
2165 4167 2375 4241 priores
2402 4169 2546 4225 omni
2576 4168 2774 4226 iudicio
2800 4170 3060 4242 rationis,
3091 4189 3200 4229 non
3229 4174 3404 4231 solum
3433 4175 3592 4233 intel·

2005 4260 2184 4318 lectus
2211 4260 2403 4332 creati,
2431 4258 2528 4317 sed
2553 4259 2718 4316 etiam
2747 4259 2919 4331 ipsius
2947 4260 3253 4321 intellectus
3280 4261 3459 4339 divini3
3487 4266 3596 4323 sic·

2006 4357 2071 4410 ut
2108 4350 2249 4407 enim
2290 4349 2557 4407 essentiae
2598 4365 2815 4421 rerum,
2858 4359 3128 4424 quatenus
3167 4370 3276 4411 non
3315 4355 3596 4430 implicant

2006 4441 2525 4513 contradictionem,
2557 4448 2688 4497 sunt
2713 4442 2877 4515 tales,
2900 4443 2985 4500 vel
3015 4441 3149 4501 tales
3177 4446 3231 4501 in
3257 4460 3379 4503 esse
3407 4463 3596 4506 essen-

2004 4536 2111 4590 tiae
2139 4548 2205 4589 ex
2235 4548 2292 4589 se
2317 4537 2377 4588 et
2401 4540 2524 4588 ante
2552 4547 2767 4589 omnem
2795 4534 3178 4592 causalitatem
3200 4538 3323 4608 Dei,
3354 4544 3408 4595 et
3435 4542 3599 4613 quasi

2007 4620 2429 4695 independenter
2464 4621 2531 4677 ab
2554 4622 2706 4693 ipso,
2735 4623 2810 4678 ita
2837 4621 3092 4681 honestas
3121 4626 3358 4683 veritatis
3385 4634 3441 4684 et
3471 4636 3590 4686 tur·

2006 4712 2194 4787 pitudo
2236 4711 2502 4771 mendacii
2540 4712 2664 4769 talis
2703 4719 2789 4769 est
2827 4727 2893 4769 ex
2922 4730 2980 4770 se
3001 4722 3057 4770 et
3083 4714 3392 4773 secundum
3417 4726 3594 4777 aeter-

2006 4820 2133 4860 nam
2176 4803 2491 4876 veritatem3
2534 4817 2665 4875 ergo
2713 4807 2968 4875 respectu
3015 4804 3204 4861 talium
3243 4813 3472 4865 actuum
3511 4812 3598 4869 vel

2007 4900 2428 4968 praeceptorum
2469 4908 2578 4949 non
2615 4899 2798 4966 potest
2825 4891 3085 4951 iudicium
3114 4894 3311 4954 habere
3338 4899 3600 4958 rationem

2004 4984 2172 5060 legis,
2200 4972 2640 5057 quandoquidem
2681 4988 2808 5040 ante
2837 4998 2993 5041 omne
3022 4984 3282 5043 iudicium
3312 4997 3444 5046 sunt
3468 4989 3594 5049 boni

2006 5074 2091 5133 vel
2130 5074 2294 5145 mali,
2338 5080 2502 5147 atque
2541 5072 2677 5130 adeo
2717 5076 2998 5147 praecepti
3038 5075 3126 5133 vel
3153 5077 3432 5153 prohibiti,
3464 5098 3597 5157 ergo

2012 5165 2145 5225 nihil
2175 5170 2359 5239 potest
2385 5164 2585 5221 habere
2609 5166 2876 5223 rationem
2899 5165 3032 5239 legis
3052 5169 3318 5226 naturalis
3339 5180 3597 5245 respectu

2008 5256 2259 5331 illorum,
2290 5255 2394 5313 nisi
2415 5261 2612 5313 natura
2641 5256 2756 5329 ipsa
2778 5256 3042 5315 rationali.
3074 5259 3257 5317 Tertio
3285 5260 3338 5317 in
3359 5261 3474 5319 aliis
3501 5282 3598 5323 na-
