4325 6267
1686 313 1898 362 CAPUT
1925 317 2127 364 xxxn
2134 345 2150 362 .

309 449 378 500 ιιι
405 444 458 499 in
489 441 702 513 legibus
729 441 1012 498 canonicis
1055 441 1268 498 videtur
1305 455 1560 513 expresse
1600 440 1806 497 definiri
1845 441 1900 495 in

307 549 438 604 cap.
463 537 518 588 A
541 529 725 598 nobis,
764 534 812 587 1.
837 530 904 587 de
927 536 1160 587 sentent.
1184 529 1586 586 excommunic.
1615 543 1746 601 ergo
1769 526 1903 584 obli-

307 619 528 694 gandus
563 626 650 676 est
675 634 893 677 servare
922 627 1216 692 praecepta
1242 621 1326 676 sui
1363 617 1658 686 territorii,
1697 617 1904 690 alioqui

311 718 544 782 propter
568 709 739 766 solam
761 709 1058 766 absentiam
1079 717 1323 765 maneret
1339 709 1470 766 liber
1491 707 1559 763 ab
1573 722 1736 764 onere
1756 712 1904 764 utra-

313 803 552 871 rumque
577 799 790 871 legum;
820 797 972 871 quod
1006 797 1224 854 videtur
1259 796 1579 854 absurdum.
1611 797 1906 852 Confirma-

315 897 410 946 tur
441 887 717 958 secundo,
750 903 871 944 nam
901 887 946 942 si
983 889 1275 958 episcopus
1317 887 1479 944 huius
1518 885 1785 942 dioecesis
1825 885 1903 940 sa-

319 979 434 1035 ciat
464 983 732 1035 statutum
751 1019 766 1046 ‚
801 986 863 1034 ut
901 991 1089 1034 omnes
1116 980 1201 1032 sui
1231 976 1432 1032 subditi
1460 976 1718 1033 habentes
1745 974 1908 1030 bene·
1933 983 1938 988 ⁴

320 1070 506 1124 tioium
539 1069 588 1123 in
619 1084 722 1124 suo
748 1069 1068 1139 episcopatu
1099 1066 1374 1123 resideant
1403 1067 1496 1122 tali
1526 1073 1766 1136 tempore
1795 1062 1901 1121 sub

320 1159 412 1216 tali
440 1173 648 1231 poena,
693 1157 774 1214 vel
813 1172 1050 1212 censura
1076 1199 1091 1228 ,
1137 1155 1343 1228 obligat
1367 1156 1486 1212 illos
1509 1196 1524 1226 ,
1568 1154 1902 1226 ubicumque

321 1249 586 1318 existant,
617 1246 688 1303 ita
717 1253 781 1303 ut
804 1246 848 1302 si
869 1247 1208 1318 praescripto
1239 1253 1480 1316 tempore
1517 1262 1622 1302 non
1666 1245 1904 1314 veniant,

324 1337 606 1394 incurrant
631 1351 862 1407 poenam
880 1375 896 1405 ,
925 1336 1009 1392 vel
1038 1350 1328 1391 censuram
1347 1378 1360 1404 ,
1393 1351 1490 1406 per
1521 1350 1582 1390 se
1613 1332 1906 1406 loquendo,

325 1434 383 1482 et
409 1426 626 1482 seclusa
651 1425 984 1498 ignorantia,
1015 1430 1073 1480 et
1095 1424 1439 1494 impotentia3
1471 1439 1606 1496 ergo
1635 1429 1910 1479 statutum

326 1515 653 1588 provinciale
684 1515 888 1586 obligat
907 1514 1290 1584 dioecesanos,
1318 1514 1480 1570 etiam
1508 1503 1632 1568 alib'i
1661 1515 1907 1586 peregri-

329 1613 516 1662 nantes
540 1626 556 1678 3
585 1620 716 1676 ergo
745 1603 882 1660 idem
910 1609 997 1660 est
1021 1603 1089 1660 de
1116 1617 1468 1677 quacumque
1501 1603 1619 1677 lege
1647 1602 1828 1658 simili.

409 1701 462 1752 3.
497 1695 850 1752 Nihilominus
879 1693 1170 1750 dicendum
1195 1701 1301 1766 est,
1332 1693 1503 1765 legem
1533 1709 1640 1750 non
1669 1693 1906 1766 obligare

331 1793 488 1842 extra
515 1784 802 1840 terminum
830 1783 1084 1841 territorii
1112 1783 1256 1840 illius
1279 1783 1574 1854 superioris
1603 1783 1685 1838 vel
1713 1783 1913 1854 princi·

332 1876 444 1946 pis,
488 1891 522 1931 a
559 1889 668 1947 quo
710 1873 914 1945 sertur3
961 1878 1016 1928 et
1053 1872 1174 1928 ideo
1215 1873 1420 1929 incolas
1452 1873 1594 1928 illius
1623 1873 1909 1942 territorii,

333 1979 430 2037 per
459 1980 518 2020 se
547 1962 840 2036 loquendo,
871 1961 997 2018 nihil
1027 1977 1278 2032 peccare,
1309 1961 1517 2018 etiamsi
1545 1969 1742 2018 conti-a
1770 1961 1914 2016 illam

331 2061 498 2128 agant
525 2093 540 2124 ,
585 2052 716 2110 dum
755 2059 910 2108 extra
955 2051 1292 2108 territorium
1331 2051 1589 2108 existunt.
1642 2052 1786 2106 Haec
1833 2055 1921 2105 est

335 2144 644 2202 communis
673 2143 938 2201 sententia
963 2140 1258 2198 doctorum
1287 2142 1340 2197 in
1363 2157 1488 2213 cap.
1511 2145 1568 2198 2.
1593 2139 1661 2196 de
1691 2139 1913 2196 constit.

331 2231 384 2290 in
417 2239 483 2306 6,
513 2235 648 2290 etin
677 2233 822 2289 dicto
849 2246 974 2304 cap.
1013 2239 1066 2289 A
1103 2231 1306 2300 nobis,
1355 2236 1400 2288 1.
1445 2230 1512 2287 de
1554 2235 1786 2286 sentent.
1829 2245 1921 2285 ex-

331 2339 480 2382 com.
516 2324 666 2398 Sylv.
701 2323 866 2379 verbo
898 2324 1469 2390 excommunicatio,
1500 2326 1530 2379 2
1559 2364 1574 2390 ,
1615 2337 1670 2376 n.
1720 2324 1786 2391 7,
1831 2321 1924 2376 ubi

333 2417 476 2487 Ang.
513 2421 573 2470 et
597 2412 684 2469 alii
712 2412 1038 2470 summistae
1066 2411 1234 2468 verbo
1261 2409 1386 2479 leae,
1423 2412 1554 2468 Cov.
1588 2412 1638 2466 in
1669 2427 1792 2482 cap.
1819 2409 1922 2467 Al-

334 2518 444 2560 ma
467 2507 692 2568 maier,
738 2507 786 2559 1.
819 2517 874 2573 p.
905 2505 932 2574 ξ
964 2505 1064 2570 10,
1093 2518 1149 2557 n.
1186 2506 1217 2558 3
1239 2541 1255 2571 ,
1283 2503 1632 2574 sumiturque
1669 2517 1736 2557 ex
1773 2499 1922 2556 dicto

333 2609 462 2664 cap.
491 2598 523 2650 2
543 2631 559 2661 ,
593 2591 680 2648 ubi
706 2589 932 2662 dicitur,
964 2607 1072 2648 non
1100 2593 1380 2648 incurrere
1411 2592 1728 2648 sententiam
1759 2590 1922 2648 latam

335 2697 435 2754 per
462 2687 731 2737 statutum
759 2680 1022 2752 episcopi,
1039 2681 1133 2753 qui
1153 2687 1302 2737 extra
1324 2680 1656 2737 territorium
1688 2681 1924 2736 existens

337 2769 472 2828 illud
507 2785 612 2827 non
653 2776 856 2827 servat.
903 2769 1250 2841 Respondere
1291 2777 1473 2826 autem
1513 2771 1785 2842 quispiam
1825 2784 1922 2839 po-

336 2867 476 2932 test,
511 2860 581 2916 ibi
623 2876 730 2916 non
771 2875 891 2916 esse
921 2874 1228 2916 sermonem
1257 2858 1326 2916 de
1352 2857 1672 2930 obligatione
1704 2873 1926 2929 praece·

335 2949 449 3021 pti,
488 2949 582 3005 sed
621 2948 690 3006 de
730 2963 998 3012 censura,
1028 2955 1084 3003 et
1123 2948 1174 3004 in
1216 2964 1279 3003 ea
1319 2948 1582 3004 diversam
1610 2961 1732 3002 esse
1761 2946 1920 3002 ratio-

338 3055 494 3111 nem,
527 3038 656 3112 quia
699 3037 968 3110 impositio
1009 3053 1275 3095 censurae
1318 3053 1425 3093 non
1456 3037 1686 3108 pertinet
1711 3035 1779 3092 ad
1817 3035 1921 3092 vim

335 3129 696 3200 directivam3
737 3128 830 3184 sed
873 3127 942 3184 ad
984 3128 1288 3184 coactivam
1326 3127 1499 3199 legem
1526 3167 1540 3196 ,
1583 3133 1642 3182 et
1667 3125 1787 3182 ideo
1815 3141 1920 3181 non

336 3217 650 3276 extenditur
675 3225 830 3274 extra
859 3218 1192 3275 territorium
1210 3258 1226 3290 ,
1258 3217 1388 3291 quia
1416 3217 1665 3289 superior
1683 3255 1699 3286 ,
1731 3215 1812 3271 vel
1843 3217 1924 3271 iu-

337 3308 441 3366 dex
469 3325 574 3364 non
609 3312 794 3380 potest
817 3315 974 3364 extra
1000 3307 1336 3363 territorium
1378 3306 1569 3377 punire
1590 3347 1605 3376 ,
1635 3305 1761 3361 licet
1797 3321 1924 3376 pos·

337 3397 408 3454 sit
434 3399 745 3469 praecipere
774 3439 789 3466 ,
822 3404 879 3453 et
906 3395 1162 3469 obligare.
1187 3398 1259 3452 Et
1285 3396 1432 3452 hunc
1462 3411 1682 3452 sensum
1711 3395 1926 3452 videtur

284 3524 295 3533 -
335 3487 409 3544 ibi
439 3486 680 3542 indicare
711 3485 958 3542 Pontifex
988 3485 1037 3540 in
1067 3486 1272 3542 ratione
1292 3526 1307 3556 ,
1339 3500 1504 3557 quam
1531 3483 1752 3551 subdit,
1782 3485 1926 3556 quia

339 3582 518 3634 extra
547 3577 910 3633 territorium
944 3579 1039 3632 ius
1065 3574 1282 3631 dicenti
1307 3592 1424 3631 non
1455 3580 1708 3648 paretur
1731 3577 1925 3647 impu-

338 3683 448 3736 ne,·
479 3683 602 3722 nam
637 3666 724 3721 ius
752 3665 934 3722 dicere
970 3663 1112 3721 idem
1145 3671 1260 3736 est,
1290 3664 1436 3736 quod
1473 3665 1791 3720 sententiam
1820 3663 1927 3718 fer-

337 3772 420 3811 re.
452 3755 811 3812 Nihilominus
839 3769 992 3809 mens
1021 3754 1300 3810 Pontificis
1329 3755 1442 3808 sine
1470 3751 1634 3809 dubio
1665 3751 1799 3822 tuit,
1831 3751 1925 3808 de-

338 3847 584 3915 clarare,
626 3843 732 3901 tale
774 3849 1044 3900 statutum
1083 3859 1186 3900 non
1219 3843 1406 3900 violari
1435 3858 1466 3898 a
1501 3841 1719 3898 subdito
1751 3841 1801 3897 in
1833 3840 1924 3897 illo

340 3951 508 4004 casu,
551 3941 612 3990 et
651 3933 722 3989 ob
747 3948 864 3988 eam
903 3948 1127 3989 causam
1155 3948 1260 3987 non
1291 3933 1574 3987 incurrere
1603 3945 1920 4002 censuram3

337 4041 474 4098 ergo
515 4024 675 4080 etiam
723 4021 908 4095 quoad
939 4023 1045 4079 vim
1071 4021 1387 4079 directivam
1415 4038 1520 4078 non
1552 4021 1755 4094 obligat
1781 4021 1832 4076 in
1860 4037 1924 4077 eo

339 4129 499 4170 casu.
533 4115 665 4169 item
692 4115 784 4184 qui
815 4113 865 4168 in
891 4127 956 4167 eo
983 4128 1117 4168 casu
1147 4127 1254 4168 non
1277 4117 1460 4167 servat
1486 4117 1779 4179 statutum,
1811 4126 1920 4165 non

339 4211 427 4260 est
467 4209 760 4260 contumax
811 4208 1005 4258 contra
1045 4200 1399 4257 obedientiam
1441 4200 1750 4272 Ecclesiae,
1795 4214 1925 4274 ergo

341 4294 560 4366 signum
586 4298 673 4347 est
701 4306 808 4347 non
838 4291 1064 4364 obligari
1093 4305 1188 4361 per
1217 4296 1486 4346 statutum
1509 4333 1523 4358 ,
1553 4291 1715 4346 etiam
1745 4289 1924 4362 quoad

342 4385 452 4439 vim
480 4382 816 4439 directivam.
842 4379 1181 4437 Antecedeus
1211 4385 1377 4453 patet,
1409 4380 1536 4453 quia
1564 4381 1607 4434 si
1636 4387 1767 4436 tunc
1796 4379 1926 4436 sub-

341 4471 492 4528 ditus
517 4478 665 4528 esset
694 4476 1015 4540 contumax,
1044 4475 1226 4540 posset
1250 4471 1410 4524 etiam
1437 4469 1924 4540 excommunicari,

343 4567 401 4618 et
426 4565 830 4633 consequenter
861 4560 1144 4616 incurrere
1173 4573 1462 4614 censuram
1491 4556 1648 4630 legis3
1680 4574 1804 4614 nam
1831 4575 1927 4614 ex-

345 4651 800 4720 communicatio,
831 4649 974 4705 iuxta
1002 4648 1269 4704 veriorem
1298 4649 1642 4715 sententiam,
1673 4648 1800 4704 ferri
1831 4665 1928 4720 po-

347 4748 456 4799 test
483 4741 533 4796 in
564 4740 838 4796 absentem
857 4781 872 4810 ,
901 4738 1112 4795 etiamsi
1140 4740 1191 4793 in
1221 4737 1394 4794 alieno
1435 4739 1706 4794 territorio
1749 4753 1928 4794 verse-

349 4839 471 4900 tur,
501 4828 800 4886 dummodo
829 4826 1110 4884 sufficiens
1137 4843 1306 4883 causa
1345 4842 1612 4884 censurae
1655 4843 1927 4900 suppona-

349 4929 473 4980 tur:
505 4919 854 4976 contumacia
893 4923 1075 4974 autem
1115 4925 1200 4973 est
1241 4916 1523 4974 sufficiens
1552 4933 1752 4990 causa,
1782 4919 1931 4998 iuxta

350 5009 519 5068 illud:
552 5010 622 5066 Si
663 5007 1000 5066 Ecclesiam
1037 5024 1154 5064 non
1193 5007 1490 5074 audierit,
1536 5010 1612 5065 sit
1651 5009 1759 5064 tibi
1799 5015 1932 5066 tan-

349 5116 534 5175 quam
577 5099 842 5156 ethnicus
889 5101 946 5156 et
985 5097 1374 5172 publicanus,
1421 5099 1602 5156 Matth.
1657 5106 1756 5170 ¹83
1800 5115 1932 5172 ergo

349 5190 498 5248 sicut
531 5203 768 5247 censura
809 5204 916 5246 non
959 5185 1090 5261 ligat
1129 5187 1440 5260 absentem,
1471 5189 1545 5246 ita
1583 5205 1682 5247 nec
1711 5205 1933 5262 praece-

3348 301 3469 362 275

1975 444 2150 511 ptum.
2184 437 2333 496 Unde
2362 445 2545 513 aperte
2575 442 2654 514 tit,
2679 443 2825 515 quod
2855 442 2981 500 licet
3008 443 3112 499 tale
3142 447 3409 504 statutum
3432 443 3555 498 sim-

1973 528 2189 600 pliciter
2217 528 2388 586 latum
2425 537 2573 586 esset
2609 533 2724 588 sine
2764 547 3030 604 censura,
3075 533 3157 588 vel
3201 546 3373 604 poena
3413 531 3464 587 in
3506 533 3559 588 vi

1973 617 2263 676 cuiusdam
2291 619 2423 692 legis
2450 620 2747 677 directivae
2776 622 3062 694 obligantis
3099 623 3151 678 in
3194 623 3553 689 conscientia,

1973 721 2079 762 non
2110 706 2379 780 obligaret
2405 708 2691 781 absentes,
2724 716 2841 767 tum
2882 712 3010 784 quia
3051 712 3167 768 eius
3208 711 3457 784 obligatio
3500 714 3551 766 in

1974 796 2311 852 couscientia
2340 814 2447 854 non
2476 799 2646 872 magis
2674 799 2986 856 extenditur
3022 802 3228 857 ratione
3269 797 3557 869 censurae,

1976 900 2098 942 nam
2128 887 2309 958 potius
2338 903 2573 946 censura
2600 891 2857 962 supponit
2883 891 3304 948 iurisdictionem
3332 898 3390 947 et
3409 899 3561 963 pote-

1975 981 2172 1032 statem
2202 975 2271 1032 ad
2296 976 2681 1051 obligandum,
2709 985 2765 1035 et
2791 979 3006 1052 quando
3050 980 3265 1036 additur
3297 996 3555 1047 censura,

1978 1066 2184 1121 ratione
2212 1065 2357 1122 illius
2386 1083 2494 1123 non
2530 1075 2860 1126 extenuatur
2884 1112 2897 1138 ,
2930 1086 3025 1125 seu
3055 1075 3373 1127 coaretatur
3398 1070 3563 1125 iuris-

1979 1155 2173 1213 dictio.
2204 1160 2380 1230 Atque
2412 1158 2485 1215 ita
2513 1176 2576 1214 ex
2607 1159 2697 1216 illo
2726 1165 2879 1215 textu
2912 1159 3175 1232 optimum
3208 1161 3444 1216 sumitur
3479 1175 3565 1214 ar·-

1976 1253 2297 1317 gnmentum
2343 1246 2411 1304 de
2452 1263 2805 1321 quacumque
2849 1249 2963 1320 lege
3003 1249 3303 1320 prodeunte
3342 1265 3373 1304 a
3416 1254 3564 1319 pote-

1985 1342 2126 1392 state
2153 1337 2383 1393 limitata
2412 1337 2476 1394 ad
2506 1338 2783 1394 definitum
2812 1338 3149 1395 territorium
3170 1380 3185 1409 ,
3216 1343 3328 1395 sive
3359 1339 3445 1394 illa
3471 1355 3562 1394 ca-

1979 1427 2177 1484 nonica
2208 1427 2307 1497 sit,
2339 1427 2449 1482 sive
2477 1427 2682 1494 civilis,
2714 1434 2931 1484 servata
2960 1432 3335 1500 proportione.

2060 1518 2221 1573 Ratio
2260 1523 2445 1572 autem
2484 1517 2799 1572 assertionis
2839 1533 2943 1573 non
2982 1516 3171 1572 eadem
3213 1514 3464 1572 redditur
3502 1516 3566 1572 ab

1982 1605 2255 1662 omnibus.
2288 1604 2517 1671 Quidam
2546 1607 2688 1662 enim
2716 1621 2833 1662 eam
2858 1607 3104 1662 referunt
3127 1605 3193 1661 ad
3219 1607 3568 1663 intentionem

1983 1693 2339 1766 legislatoris,
2371 1696 2499 1766 quia
2528 1700 2737 1750 tantum
2778 1694 3001 1751 intendit
3041 1694 3283 1766 obligare
3326 1695 3571 1751 subditos

1987 1783 2036 1838 in
2069 1799 2171 1839 suo
2216 1783 2521 1852 territorio,
2563 1784 2705 1839 unde
2733 1791 3135 1858 consequenter
3162 1785 3351 1857 aiunt,
3393 1800 3569 1840 asser-

1988 1873 2193 1928 tionem
2222 1874 2447 1943 positam
2480 1872 2657 1928 solum
2686 1873 3005 1944 procedere,
3029 1874 3247 1945 quando
3274 1873 3362 1929 lex
3390 1873 3569 1929 solum

1989 1961 2235 2033 loquitur
2262 1960 2608 2034 generalibus
2638 1963 2844 2032 verbis,
2878 1978 3001 2018 nam
3032 1978 3125 2034 per
3162 1978 3225 2017 ea
3268 1977 3376 2018 non
3405 1961 3574 2032 expli-

1989 2059 2150 2106 catur
2181 2049 2417 2119 alia,seu
2446 2053 2615 2107 maior
2636 2053 2856 2107 intentio
2876 2051 3569 2123 statuentiS.Quapropter,

1990 2141 2036 2195 si
2065 2140 2335 2211 expressis
2365 2141 2543 2196 verbis
2573 2140 2845 2213 legislator
2873 2141 3117 2198 declaret
3135 2182 3150 2213 ,
3185 2157 3244 2196 se
3273 2140 3407 2196 velle
3437 2140 3570 2197 ohli-

1988 2245 2119 2303 gare
2155 2230 2438 2301 subditos,
2472 2231 2803 2304 ubicumque
2831 2233 2971 2303 sint,
3004 2237 3135 2288 tunc
3166 2233 3359 2299 aiunt,
3401 2230 3571 2302 legem

1991 2320 2234 2392 obligare
2264 2319 2386 2376 illos
2413 2321 2572 2376 etiam
2601 2327 2753 2377 extra
2780 2321 3137 2392 territorium,
3160 2328 3215 2377 et
3242 2321 3314 2376 ita
3344 2319 3578 2375 limitant

1991 2409 2205 2467 dictum
2232 2425 2357 2483 cap.
2388 2416 2444 2469 2.
2476 2413 2581 2467 Pro
2609 2426 2719 2483 qua
2752 2411 2999 2482 opinione
3041 2412 3403 2484 communiter
3442 2411 3578 2466 cita·

1992 2508 2084 2556 tur
2111 2502 2315 2558 Bartoi.
2348 2503 2398 2557 in
2430 2501 2534 2574 leg.
2576 2505 2623 2559 1.
2654 2501 2717 2557 C.
2747 2500 2815 2558 de
2843 2518 3045 2558 summ.
3074 2501 3263 2558 Trinit.
3298 2517 3351 2554 n.
3390 2505 3488 2572 ⁴4,
3522 2505 3577 2556 et

1991 2591 2365 2662 sequentibus.
2404 2593 2553 2646 Hanc
2582 2607 2711 2647 vero
2737 2591 2996 2647 rationem
3021 2596 3083 2646 ut
3107 2607 3169 2646 ex
3192 2589 3392 2646 Bartol.
3421 2605 3573 2645 sum-

1991 2686 2138 2752 ptam
2170 2665 2575 2751 reprehendunt
2598 2681 2893 2736 Panormit.
2930 2681 2981 2734 in
3012 2678 3161 2736 dicto
3190 2679 3354 2751 capit.
3388 2681 3446 2734 Α
3472 2694 3572 2733 no-

1993 2770 2108 2835 bis,
2143 2771 2339 2848 Navar.
2373 2786 2499 2841 cap.
2532 2772 2629 2836 27,
2658 2786 2711 2824 n.
2746 2768 3129 2845 272,Sylvest.
3161 2769 3353 2824 Covar.
3380 2782 3568 2838 supra,

1992 2866 2050 2916 et
2078 2874 2288 2916 omnes.
2319 2861 2387 2916 Et
2407 2861 2755 2915 convincitur
2783 2859 2940 2931 plane
2969 2875 3035 2916 ex
3062 2858 3213 2914 dicto
3241 2873 3364 2950 cap.
3397 2861 3455 2928 2,
3483 2856 3573 2912 ubi

1993 2949 2235 3005 Pontifex
2266 2950 2529 3005 rationem
2558 2963 2689 3004 suae
2712 2949 3030 3005 assertionis
3060 2946 3266 3016 reddit,
3296 2949 3443 3019 quia
3467 2961 3571 3001 ex-

1992 3043 2092 3096 tra
2115 3041 2489 3096 'territorium
2513 3043 2607 3094 ius
2633 3035 2851 3094 dicenti
2878 3053 2997 3093 non
3030 3043 3283 3110 paretur
3308 3039 3569 3109 impune.

1992 3130 2142 3196 Quae
2172 3128 2339 3184 verba
2368 3143 2473 3184 non
2502 3127 2805 3199 significant
2834 3131 3041 3182 tantum
3078 3125 3351 3186 detectum
3379 3123 3573 3180 volun-

1994 3220 2149 3290 tatis,
2181 3218 2279 3274 sed
2317 3219 2478 3274 etiam
2519 3217 2835 3288 potestatis,
2866 3222 2928 3271 ut
2952 3231 3050 3287 per
3090 3230 3146 3269 se
3188 3220 3407 3271 constat
3430 3229 3497 3269 ex
3526 3213 3562 3269 l.

1997 3307 2094 3364 ult.
2117 3309 2173 3365 ff.
2198 3307 2264 3363 de
2287 3301 2715 3362 iurisdict.omni
2737 3305 2903 3361 iudic.
2930 3321 2959 3360 a
2980 3319 3088 3377 qua
3106 3303 3397 3374 desumpta
3420 3309 3567 3371 sunt,

1995 3397 2088 3454 ubi
2116 3398 2279 3453 etiarn
2292 3397 2653 3452 communiter
2667 3395 2993 3465 interpretes
3014 3394 3063 3448 in
3088 3393 3193 3448 hoc
3210 3393 3568 3448 conveniunt.

1993 3487 2150 3546 Ratio
2190 3503 2322 3560 ergo
2360 3487 2577 3559 propria
2613 3485 2921 3543 assertionis
2950 3492 3062 3552 est,
3102 3485 3231 3556 quia
3270 3480 3574 3538 iurisdictio

1995 3580 2156 3634 unius
2192 3578 2597 3648 cuiuscumque
2640 3574 2902 3646 civitatis,
2936 3573 3017 3630 vel
3058 3572 3401 3645 particularis
3428 3572 3575 3642 prin-

1993 3668 2156 3739 cipis,
2190 3681 2298 3722 non
2324 3663 2635 3722 extenditur
2672 3664 2852 3736 quoad
2883 3664 3027 3737 leges
3053 3662 3301 3719 serendas
3322 3667 3477 3718 extra
3500 3660 3576 3716 ci-

1993 3757 2211 3813 vitatem
2234 3772 2332 3812 seu
2364 3754 2721 3825 territorium,
2736 3751 2803 3809 ut
2821 3753 2980 3809 latius
2994 3751 3255 3824 explicavi
3279 3753 3331 3807 in
3356 3757 3489 3806 tom.
3510 3749 3574 3805 V.

1992 3845 2064 3902 de
2096 3848 2399 3904 censuris,
2431 3843 2638 3914 disput.
2673 3849 2728 3913 5,
2760 3849 2899 3898 sect.
2932 3847 2989 3914 4,
3021 3840 3108 3898 ubi
3136 3841 3202 3896 de
3231 3841 3335 3896 hoc
3366 3847 3573 3911 puncto

1992 3935 2113 4008 alia,
2142 3949 2283 4008 quae
2312 3932 2379 3990 ad
2406 3948 2671 3989 censuras
2694 3935 2863 4004 magis
2893 3933 3165 4004 pertinent
3190 3931 3441 3987 tractavi.
3474 3931 3575 3986 Ne-

1994 4041 2102 4100 que
2129 4025 2229 4081 ista
2258 4024 2395 4080 ratio
2422 4029 2507 4081 est
2535 4022 2708 4078 aliena
2738 4039 2768 4078 a
2797 4028 2975 4078 mente
3003 4021 3233 4094 Bartoli,
3264 4036 3389 4076 nam
3431 4019 3573 4076 illam

1993 4116 2171 4187 attigit
2198 4115 2288 4171 illo
2316 4123 2468 4170 num.
2502 4117 2594 4170 44.
2618 4114 2861 4184 Eamque
2888 4109 3093 4184 colligit
3111 4127 3177 4168 ex
3199 4111 3235 4166 1.
3257 4125 3455 4166 omnes
3476 4126 3577 4181 po-

1988 4203 2139 4279 puli.
2159 4203 2295 4260 tilde
2324 4203 2493 4258 instit.
2511 4208 2567 4256 et
2596 4202 2700 4258 iur.
2720 4202 2811 4257 ubi
2843 4202 2925 4257 lex
2952 4199 3152 4256 dicitur
3182 4201 3267 4256 ius
3296 4200 3578 4270 proprium

1994 4294 2244 4352 civitatis.
2276 4295 2433 4349 Sicut
2460 4308 2591 4364 ergo
2626 4293 2681 4347 in
2720 4289 3061 4363 philosophia
3100 4289 3284 4346 dicere
3314 4287 3575 4357 solemus,

1993 4392 2146 4440 extra
2174 4381 2458 4454 sphaeram
2487 4379 2775 4436 activitatis
2806 4396 2911 4436 non
2942 4382 3097 4452 sequi
3121 4379 3580 4448 actionem,nimi-

1997 4489 2120 4528 rum
2147 4487 2213 4527 ex
2241 4470 2460 4527 defectu
2490 4463 2803 4542 potestatis,
2835 4485 2939 4525 non
2966 4469 3293 4538 voluntatis3
3323 4470 3395 4523 ita
3423 4468 3585 4522 iuris-

1995 4560 2255 4617 dictionis
2282 4560 2530 4616 activitas
2559 4559 2608 4614 in
2636 4558 2851 4614 serenda
2877 4558 2996 4632 lege
3032 4558 3303 4614 limitatur·
3321 4556 3385 4612 ad
3419 4558 3580 4613 terri·

1997 4653 2220 4721 torium,
2248 4656 2305 4705 et
2329 4647 2447 4704 ideo
2480 4647 2561 4703 lex
2589 4653 2741 4703 extra
2768 4647 2920 4704 illum
2949 4663 3056 4703 non
3095 4646 3315 4719 obligat.
3346 4645 3498 4704 Unde
3527 4661 3582 4700 a-

1998 4749 2148 4813 perte
2177 4738 2560 4807 concluditur,
2598 4739 2814 4793 etiamsi
2850 4736 3120 4810 legislator
3162 4737 3390 4792 maxime
3431 4734 3581 4805 velit,

1997 4841 2054 4887 et
2079 4831 2191 4885 suis
2222 4829 2399 4885 verbis
2426 4843 2683 4899 expresse
2709 4827 2763 4883 id
2790 4827 3045 4898 explicet,
3076 4841 3179 4881 non
3204 4841 3363 4898 posse
3384 4825 3583 4898 obliga-

1998 4937 2058 4976 re
2084 4920 2361 4976 subditum
2390 4927 2543 4974 extra
2574 4918 2913 4974 territorium
2940 4918 3279 4972 existentem.
3396 4985 3405 4996 ·

2075 5014 2126 5066 4.
2159 5011 2273 5066 Hoc
2300 5015 2485 5065 autem
2516 5006 2923 5080 intelligendum
2946 5012 3031 5062 est
3049 5004 3117 5061 de
3139 5006 3359 5076 propria
3380 5004 3583 5077 obliga-

2001 5100 2142 5156 tione
2172 5097 2299 5170 legis
2327 5098 2613 5165 directiva,
2644 5103 2699 5152 et
2725 5096 2774 5151 in
2806 5094 3173 5165 conscientia,
3214 5094 3300 5150 hic
3330 5101 3418 5150 est
3440 5094 3582 5150 enim

2003 5188 2257 5263 proprius
2283 5194 2341 5272 et
2359 5185 2697 5245 immediatus
2723 5185 2951 5243 effectus
2972 5181 3127 5257 legis.
3156 5186 3226 5240 At
3245 5198 3371 5241 vero
3400 5185 3445 5240 si
3474 5198 3587 5240 ser-
