4325 6267
1812 379 2022 427 CAPUT
2048 378 2121 425 X.

408 516 489 559 tra
517 510 753 560 traditam
777 510 1129 560 assertionem.
1150 510 1220 548 -ἑ
1237 506 1427 559 Satislit
1454 506 1931 557 obiectionibus,—

410 580 460 630 7.
490 581 664 641 Qualis
688 580 1009 644 displicentia
1036 581 1205 645 operis
1229 578 1489 644 praecepti
1513 584 1767 641 repugnet
1794 576 1933 626 illius

407 650 712 713 impletioni.
734 678 803 686 --
828 650 877 699 8.
906 650 1138 700 Secunda
1172 650 1417 700 assertio:
1447 648 1657 712 Operari
1681 660 1745 697 ex
1769 647 1934 697 scicn-

409 722 481 769 tia
506 728 587 771 est
612 722 784 785 aliquo
818 719 966 771 modo
998 721 1343 771 necessarium
1366 720 1429 769 ad
1454 717 1761 782 implendum
1786 722 1935 767 natu-

362 782 373 796 ⁸
409 791 519 840 rale
544 798 975 855 praeceptum.-
993 791 1045 841 9.
1073 791 1211 852 Quae
1234 797 1288 840 et
1314 790 1591 855 quotuplex
1616 789 1841 851 cognitio
1865 788 1933 837 sit

404 859 639 911 habenda
676 861 739 911 de
774 868 892 911 actu
932 868 1203 925 praecepto
1227 860 1289 910 ad
1313 861 1439 923 hoc,
1467 866 1525 909 ut
1551 859 1843 924 impleatur.
1864 883 1934 893 —

404 930 659 982 obiectio.
682 930 983 982 —Solutio.
1004 958 1076 967 —
1109 932 1189 983 10.
1231 930 1307 980 An
1344 930 1569 993 cognitio
1606 936 1752 979 actus
1787 939 1933 992 prae-

406 1002 581 1064 cepti,
610 1009 669 1052 ut
705 998 1033 1065 praeceptum
1068 1007 1145 1051 est
1165 1037 1180 1063 ,
1206 1002 1275 1051 sit
1300 1000 1363 1050 ad
1387 999 1763 1065 adimplendum
1788 1010 1934 1062 prae·

404 1078 612 1135 ceptum
638 1073 941 1121 necessaria.
965 1099 1035 1109 —
1053 1072 1347 1135 Responsio.
1363 1098 1433 1107 —
1456 1072 1539 1121 11.
1568 1070 1741 1120 Tertia
1766 1081 1934 1118 asser-

406 1142 500 1191 tio:
518 1142 621 1192 Lex
635 1142 886 1192 naturalis
904 1143 1100 1205 obligat
1111 1142 1173 1191 ad
1186 1141 1389 1193 modum
1400 1137 1795 1193 virtutis—12.-
1806 1140 1934 1191 Con-

407 1212 619 1263 ciliatur
646 1220 863 1276 utraque
889 1212 1165 1277 opinio.-
1183 1213 1268 1265 13.
1297 1212 1537 1263 Dubium.

428 1420 481 1475 1.
511 1416 656 1473 Haec
688 1413 940 1489 quaestio
968 1414 1391 1471 necessaria·est
1417 1412 1483 1470 ad
1513 1412 1753 1485 perfecte
1781 1409 1935 1469 intel-

340 1504 615 1581 ligendam
644 1505 751 1561 vim
778 1512 835 1559 et
862 1504 1167 1561 efficaciam
1197 1503 1330 1579 legis
1370 1503 1637 1561 naturalis
1659 1543 1675 1573 ,
1706 1503 1935 1575 eiusque

338 1604 596 1653 exactam
626 1594 1004 1668 obligationem
1028 1616 1045 1670 ς
1076 1594 1337 1669 illamque
1362 1594 1662 1666 disputavit
1687 1593 1753 1651 de
1780 1610 1935 1667 prae-

336 1687 509 1760 ceptis
536 1686 789 1757 Decalogi
818 1686 874 1742 d.
900 1686 1135 1743 Thomas
1164 1700 1221 1757 q.
1266 1691 1393 1756 100,
1421 1700 1586 1758 quam
1613 1701 1715 1742 nos
1743 1684 1829 1740 hie
1858 1686 1931 1741 si-

338 1776 457 1835 mul
484 1792 614 1833 cum
644 1780 737 1833 95.
770 1775 881 1831 rere
912 1781 1081 1832 totam
1110 1775 1529 1847 explicabimus,
1554 1778 1683 1847 quia
1707 1789 1929 1847 praece·

337 1874 431 1941 pta
456 1865 713 1941 Decalogi
740 1865 1011 1923 naturalia
1036 1873 1189 1935 sunt,
1226 1865 1355 1923 licet
1381 1865 1429 1921 in
1463 1865 1583 1938 lege
1612 1867 1787 1923 reteri
1815 1865 1933 1922 sue·

336 1961 449 2016 rint
494 1956 716 2029 speciali
766 1957 930 2013 modo
979 1956 1285 2029 proposita.
1336 1954 1413 2013 lbi
1455 1971 1588 2029 ergo
1628 1956 1679 2012 in
1722 1964 1827 2013 art.
1872 1960 1926 2015 9.

340 2048 559 2121 quaerit
578 2046 903 2117 d.Thomas,
922 2060 989 2102 an
1012 2046 1211 2103 modus
1236 2047 1453 2103 virtutis
1468 2047 1629 2105 cadat
1650 2046 1754 2103 sub
1777 2062 1932 2119 prae·

339 2144 587 2211 ceptum,
616 2143 672 2193 et
698 2138 752 2193 in
780 2142 887 2193 art.
927 2139 1012 2193 10.
1042 2135 1183 2193 idem
1208 2138 1423 2209 quaerit
1450 2135 1517 2195 de
1544 2136 1707 2193 modo
1730 2137 1931 2194 carita-

338 2230 439 2301 tis,
470 2234 525 2285 et
556 2226 846 2300 ‚distinguit
886 2226 1072 2298 plures
1111 2226 1451 2284 conditiones
1492 2228 1833 2284 necessarias
1864 2226 1934 2285 ad

342 2325 527 2376 actum
552 2317 774 2376 virtutis
794 2358 809 2389 ,
832 2322 887 2373 et
906 2316 1115 2389 aliquas
1134 2316 1267 2373 dicit
1286 2317 1485 2375 cadere
1510 2317 1612 2374 suh
1642 2316 1816 2391 legem
1840 2334 1936 2374 na-

341 2407 614 2480 turalem,
646 2407 713 2464 de
756 2407 872 2463 aliis
903 2422 1030 2464 vero
1062 2413 1242 2480 negat.
1274 2408 1435 2467 Prius
1465 2424 1594 2466 vero
1622 2424 1789 2482 quam
1817 2409 1935 2466 eius

342 2498 657 2555 doctrinam
682 2512 1073 2571 proponamus,
1100 2495 1502 2555 distinctionem
1529 2500 1935 2556 constituamus

340 2589 487 2646 inter
511 2594 807 2661 praecepta
834 2589 1085 2661 negativa
1108 2594 1168 2644 et
1192 2587 1550 2663 affirmativa,
1580 2604 1719 2661 quae
1748 2588 1799 2644 in
1828 2588 1933 2645 hoc

349 2666 755 2753 quodammodo
780 2677 1138 2751 conveniunt,
1156 2676 1306 2750 quod
1328 2679 1470 2735 sicut
1486 2678 1805 2736 affirmativa
1828 2693 1937 2735 non

346 2769 725 2841 praecipiunt,
770 2768 870 2823 nisi
908 2766 1059 2840 quod
1099 2766 1387 2826 honestum
1428 2776 1545 2842 est,
1584 2760 1675 2826 ita‘
1690 2769 1937 2841 negativa

348 2876 457 2915 non
486 2858 797 2932 prohibent,
820 2857 919 2915 nisi
950 2858 1101 2931 quod
1130 2859 1333 2917 malum
1361 2867 1475 2935 est3
1506 2862 1656 2935 quia,
1687 2867 1751 2918 ut
1777 2875 1937 2932 saepe

348 2950 583 3007 diximus
602 2990 620 3021 ,
650 2965 793 3022 quae
827 2948 1183 3021 prohibentur
1223 2949 1341 3024 lege
1380 2958 1643 3022 naturae,
1674 2967 1782 3008 non
1809 2957 1939 3008 sunt

300 3056 307 3065 ·
350 3040 521 3111 mala,
552 3041 684 3113 quia
710 3039 1004 3113 prohibita,
1034 3040 1133 3097 sed
1160 3040 1445 3113 prohibita,
1482 3042 1609 3115 quia
1636 3040 1795 3097 mala.
1828 3040 1936 3097 Dis-

346 3132 536 3189 serunt
566 3146 697 3189 vero
726 3130 849 3203 quia
876 3138 1169 3204 praecepta
1194 3134 1443 3205 negativa
1469 3132 1681 3205 impleri
1708 3138 1938 3204 possunt

346 3223 459 3279 sine
490 3219 601 3277 ullo
622 3226 773 3293 actu,
798 3227 1067 3293 quantum
1088 3227 1257 3279 estex
1280 3221 1775 3305 formapraecepti,
1801 3225 1932 3297 quia

346 3327 443 3385 per
470 3310 645 3368 solam
672 3312 1015 3384 negationem
1042 3319 1213 3387 actus,
1227 3313 1479 3385 prohibiti
1504 3314 1665 3371 homo
1694 3322 1781 3371 est
1799 3330 1933 3371 con-

348 3402 539 3460 formis
579 3408 905 3475 praecept03
949 3408 1008 3459 et
1032 3402 1105 3459 ita
1132 3404 1184 3458 in
1214 3403 1295 3459 his
1325 3406 1630 3476 praeceptis
1660 3406 1747 3461 vix
1774 3404 1937 3461 hahet

347 3493 532 3551 locum
580 3492 861 3565 proposita
907 3494 1185 3567 quaestio,
1226 3496 1328 3551 nisi
1374 3496 1611 3553 fortasse
1663 3502 1935 3570 quatenus

347 3582 483 3639 haec
514 3589 807 3656 praecepta
832 3581 1041 3655 impleri
1071 3592 1303 3656 possunt
1331 3601 1429 3658 per
1456 3586 1795 3644 voluntatem
1826 3602 1934 3643 non

342 3673 582 3730 faciendi
609 3672 766 3745 quod
803 3672 1137 3745 prohibitum
1164 3683 1283 3743 est,
1314 3675 1381 3733 de
1408 3694 1519 3751 quo
1549 3677 1708 3735 modo
1738 3676 1935 3751 aliquid

348 3763 699 3836 attingemus.
734 3764 959 3835 Proprie
998 3780 1129 3822 vero
1171 3765 1335 3823 habet
1372 3766 1557 3825 locum
1601 3769 1845 3841 quaestio
1884 3768 1935 3825 in

344 3853 658 3926 praeceptis
700 3852 1069 3927 affirmativis,
1096 3872 1239 3929 quae
1280 3873 1377 3930 per
1415 3858 1707 3929 positivum
1748 3865 1937 3917 actum

348 3943 622 4017 implenda
648 3950 809 4017 sunt,
838 3951 903 4002 ut
929 3951 1165 4003 constat.

426 4041 483 4093 2·
516 4034 715 4093 Deinde
744 4035 1149 4094 observandum
1172 4044 1278 4112 est,
1308 4036 1457 4095 aliud
1483 4053 1603 4095 esse
1624 4055 1733 4096 non
1764 4044 1938 4096 trans-

344 4124 500 4198 gredi
527 4132 917 4200 praeceptum,
950 4126 1095 4183 aliud
1123 4143 1253 4185 vero
1279 4128 1506 4201 implere
1532 4128 1703 4203 illud,
1735 4131 1781 4186 si
1808 4145 1933 4201 pro-

346 4216 459 4289 prie
486 4214 800 4289 loquamur.
832 4217 1017 4274 Omnis
1044 4218 1187 4274 enim
1209 4260 1225 4289 ,
1256 4220 1350 4291 qui
1378 4235 1487 4276 non
1514 4225 1711 4292 peccat
1736 4226 1937 4277 contra

346 4312 703 4379 praeceptum
729 4348 745 4381 ,
773 4308 879 4364 non
906 4308 1307 4382 transgreditur
1336 4308 1497 4383 illud3
1528 4317 1583 4367 et
1610 4318 1789 4369 tamen
1818 4327 1928 4368 non

349 4412 565 4469 semper
606 4397 698 4471 qui
738 4413 848 4454 non
888 4406 1088 4469 peccat
1114 4406 1307 4457 contra
1333 4406 1723 4472 praeceptum,
1752 4400 1941 4473 implet

352 4486 503 4544 illud.
546 4487 649 4555 Qui
698 4488 840 4544 enim
879 4488 1258 4546 invincibiliter
1300 4488 1516 4564 ignorat
1552 4498 1932 4563 praeceptum,

354 4578 439 4636 vel
466 4580 563 4651 qui
588 4578 773 4637 ebrius
800 4586 918 4650 est,
950 4586 1044 4636 aut
1070 4578 1293 4652 dormit,
1319 4580 1405 4638 vel
1425 4587 1509 4638 est
1528 4581 1819 4653 impotens,
1850 4579 1937 4639 vel

355 4668 513 4727 aliam
542 4669 769 4727 similem
796 4670 1204 4729 excusationem
1230 4670 1424 4745 habet,
1447 4688 1556 4729 non
1588 4680 1783 4745 peccat
1802 4688 1937 4730 con-

361 4768 443 4817 tra
469 4767 847 4832 praeceptum,
879 4767 935 4818 et
962 4768 1142 4818 tamen
1170 4778 1279 4820 non
1306 4761 1494 4834 implet
1513 4761 1670 4835 illud,
1695 4778 1941 4835 praeser-

360 4854 455 4909 tim
486 4853 532 4907 si
562 4850 950 4917 affirmativum
980 4852 1078 4926 sit,
1108 4854 1237 4925 quia
1262 4870 1370 4909 non
1395 4852 1525 4910 lacit
1560 4852 1649 4925 id,
1681 4853 1831 4927 quod
1859 4854 1944 4911 lex

358 4942 646 5014 praecipit,
663 4949 718 4998 et
744 4941 849 4999 hoc
876 4947 961 4998 est
987 4942 1202 5015 proprie
1226 4942 1453 5016 implere
1482 4942 1601 5015 illa3
1628 4945 1737 5000 imo
1762 4945 1805 5001 si
1824 4960 1943 5001 mo-

360 5031 543 5089 raliter
569 5030 659 5088 illo
690 5031 860 5089 verbo
890 5038 1144 5102 utamur,
1168 5050 1275 5090 non
1303 5035 1435 5091 satis
1463 5040 1547 5091 est
1567 5030 1769 5106 facere,
1793 5032 1944 5107 quod

362 5122 446 5179 lex
474 5120 645 5194 iubet,
676 5120 773 5179 sed
800 5128 1014 5194 oportet
1036 5121 1199 5179 libere
1220 5130 1276 5180 et
1297 5122 1535 5181 humano
1556 5123 1941 5197 madefacere,

365 5219 429 5270 ut
465 5228 595 5269 mox
624 5210 893 5269 dicemus.
924 5214 1262 5286 Quapropter
1287 5216 1535 5288 quaestio
1563 5231 1671 5271 non
1699 5220 1947 5272 movetur

368 5303 435 5361 de
472 5319 585 5359 non
624 5306 1056 5375 transgressione
1094 5306 1397 5379 praecepti,
1430 5306 1556 5381 quia
1596 5305 1727 5364 haec
1768 5310 1948 5380 potest

528 5412 703 5458 susas:
718 5445 729 5461 .
752 5414 809 5459 De
826 5414 1003 5468 Levibus
1019 5434 1074 5447 -
1090 5414 1191 5458 Pars
1213 5414 1245 5459 1.

3377 355 3503 421 113

2002 504 2321 577 contingere
2357 519 2468 561 non
2509 503 2686 561 solum
2715 504 2829 561 sine
2856 508 2988 560 actu
3015 472 3228 559 vii-tutis
3249 542 3264 573 ,
3294 500 3389 559 sed
3417 500 3582 559 etiam

2000 594 2114 651 sine
2146 594 2256 651 ullo
2283 601 2434 667 actu,
2467 601 2530 651 ut
2557 600 2773 651 constat
2799 610 2866 650 ex
2892 593 3075 666 dictis,
3107 592 3236 666 quia
3263 590 3580 649 dormiendo

2000 684 2114 740 fieri
2152 690 2370 756 potest,
2414 691 2478 742 ut
2516 681 2625 741 non'
2665 690 2928 756 peccetur
2968 689 3162 739 contra
3208 687 3581 755 praeceptum.

2002 775 2254 843 Quaestio
2292 790 2424 847 ergo
2464 776 2592 847 est?
2613 773 2831 847 quando
2860 771 3008 830 nulla
3032 780 3117 831 est
3143 774 3424 830 excusatio
3443 813 3458 840 ,
3489 771 3586 829 sed

2004 866 2087 922 lex
2116 866 2346 938 positive
2367 908 2382 939 ,
2412 872 2476 922 ut
2500 867 2579 922 sic
2608 864 2788 922 dicam
2813 904 2828 935 ,
2861 864 3128 937 implenda
3155 870 3268 937 est,
3300 870 3363 921 ut
3389 863 3589 921 vitetur

2001 964 2198 1013 contra
2225 956 2376 1013 illam
2404 963 2694 1027 peccatum
2714 976 2730 1029 3
2754 962 2810 1011 et
2836 962 2955 1012 tum
2983 955 3196 1012 clarum
3224 961 3332 1028 est,
3353 969 3475 1012 esse
3495 969 3589 1010 ne·

2003 1051 2308 1107 cessarium
2338 1054 2523 1109 actum
2554 1063 2621 1105 ex
2651 1062 2754 1103 suo
2783 1060 2980 1118 genere
3009 1044 3319 1118 honestum,
3352 1046 3480 1119 quia
3507 1046 3592 1119 (ut

2000 1154 2123 1211 cap.
2154 1140 2269 1198 vu.
2299 1138 2580 1208 dicebam)
2611 1136 2698 1195 lex
2726 1135 2989 1194 naturalis
3027 1152 3134 1192 non
3165 1135 3428 1207 praecipit
3452 1133 3586 1190 alios

2002 1236 2194 1302 actus,
2223 1237 2279 1288 et
2305 1229 2514 1303 impleri
2543 1244 2654 1285 non
2680 1234 2890 1299 potest,
2921 1226 3020 1283 nisi
3049 1242 3148 1299 per
3178 1232 3393 1299 aetum,
3424 1240 3589 1298 quem

2001 1322 2309 1395 praecipit,
2355 1322 2484 1394 quia
2510 1334 2640 1376 vero
2670 1334 2781 1374 non
2811 1316 2940 1375 satis
2967 1322 3050 1374 est
3078 1315 3147 1374 ad
3177 1317 3464 1386 virtutem,
3493 1313 3593 1370 ho-

2005 1418 2224 1469 nestum
2265 1412 2483 1484 facere,
2517 1409 2617 1466 nisi
2648 1410 2740 1466 fiat
2779 1409 3038 1480 honeste,
3069 1408 3219 1465 iuxta
3245 1406 3375 1463 illud
3400 1408 3596 1463 Deute-

2003 1502 2234 1559 ronomii
2275 1506 2378 1561 16:
2411 1504 2574 1558 Iuste
2614 1496 2772 1573 quod
2808 1501 3036 1555 iustum
3061 1503 3176 1565 est,
3203 1498 3592 1573 persequer-ix

2002 1592 2123 1651 ideo
2158 1593 2525 1666 inquirimus,
2557 1606 2626 1647 an
2665 1595 2844 1647 totum
2886 1590 2990 1647 hoc
3031 1593 3104 1647 sit
3127 1590 3499 1648 necessarium
3526 1585 3596 1644 ad

2006 1681 2183 1757 legem
2217 1682 2521 1740 naturalem
2549 1679 2896 1753 implendam.

2082 1779 2134 1831 3.
2181 1772 2428 1847 Denique
2469 1770 2884 1844 distinguendae
2932 1776 3064 1827 sunt
3102 1774 3217 1827 tres
3257 1766 3594 1826 conditiones

2001 1864 2296 1939 requisitae
2336 1865 2388 1921 in
2431 1869 2563 1921 actu
2603 1860 2834 1934 morali,
2863 1867 2930 1918 ut
2970 1862 3042 1918 sit
3070 1861 3278 1931 bonus,
3309 1875 3448 1933 quas
3474 1860 3595 1915 Ari-

2009 1954 2232 2013 stoteles
2263 1954 2367 2013 sub
2394 1954 2611 2012 duabus
2651 1950 3098 2024 comprehendit,
3143 1967 3244 2007 nos
3272 1956 3454 2007 autem
3482 1947 3593 2007 cla·

2002 2047 2182 2103 ritatis
2211 2045 2383 2119 gratia
2411 2046 2487 2102 ita
2514 2044 2635 2101 illas
2673 2043 3093 2117 distinguimuS,
3135 2047 3200 2099 ut
3227 2042 3397 2113 magis
3421 2042 3478 2098 in
3507 2056 3592 2097 se-

2003 2136 2300 2211 quentibus
2329 2134 2746 2209 explicabimus.
2777 2136 2958 2192 Prima
2985 2140 3099 2207 est,
3131 2139 3192 2190 ut
3220 2139 3380 2190 actus
3407 2132 3500 2189 liat
3524 2148 3594 2189 ex

2004 2227 2296 2284 sufficienti
2339 2226 2682 2302 cognitione3
2715 2225 2987 2298 secunda,
3030 2231 3094 2283 ut
3127 2223 3292 2281 libere
3333 2230 3390 2281 et
3430 2238 3594 2296 spon-

2004 2321 2158 2375 tanee
2185 2319 2308 2391 fiat3
2346 2318 2508 2375 tertia
2535 2360 2549 2389 ,
2591 2323 2655 2374 ut
2691 2332 2802 2373 non
2847 2316 3026 2373 solum
3062 2314 3132 2371 sit
3157 2314 3224 2371 de
3251 2330 3312 2372 re
3339 2313 3591 2389 honesta,

2004 2407 2100 2465 sed
2128 2410 2291 2465 etiam
2321 2424 2450 2465 cum
2475 2406 2903 2465 circumstantiis
2939 2405 3190 2463 omnibus
3231 2404 3300 2461 ad
3337 2402 3592 2461 honesta-

2005 2504 2114 2557 tem
2142 2506 2302 2556 actus
2340 2498 2638 2572 requisitis.
2668 2498 2845 2554 Aliam
2873 2497 3021 2555 addit
3044 2496 3394 2570 Aristoteles,
3422 2512 3590 2569 quam

2006 2590 2166 2646 tertio
2195 2588 2317 2646 loeo
2345 2589 2530 2662 ponit,
2562 2595 2618 2645 et
2643 2588 2799 2645 nobis
2829 2604 2950 2645 esse
2977 2594 3164 2661 posset
3199 2595 3396 2661 quarta
3420 2627 3436 2659 ‚
3481 2588 3590 2645 sci-

2004 2678 2133 2736 licet
2155 2721 2171 2753 ,
2205 2686 2270 2737 ut
2298 2686 2460 2738 actus
2487 2680 2581 2735 fiat
2608 2678 2863 2748 firmiter,
2893 2685 3172 2751 prompte,
3205 2694 3270 2735 ac
3299 2677 3592 2736 delectabi-

2003 2768 2127 2826 liter
2149 2810 2165 2843 ,
2207 2768 2261 2827 id
2301 2776 2386 2828 est
2427 2775 2491 2826 ut
2530 2785 2596 2826 ex
2624 2768 2810 2825 habitu
2837 2770 2944 2827 fiat.
2977 2769 3130 2825 Hanc
3160 2784 3290 2825 vero
3320 2767 3592 2825 conditio-

2004 2874 2129 2915 nem
2159 2857 2410 2916 ultimam
2438 2860 2686 2917 omittere
2725 2875 3022 2931 possumus
3048 2898 3064 2924 ,
3108 2860 3238 2932 quia
3263 2867 3482 2917 certum
3505 2864 3593 2916 est

2005 2956 2063 3005 et
2088 2948 2458 3007 indubitatum
2496 2948 2642 3021 apud
2681 2963 2872 3005 omnes
2895 2990 2912 3022 ,
2955 2964 3130 3021 neque
3170 2944 3475 3007 naturalem
3515 2948 3592 3006 le·

2003 3054 2151 3113 gem,
2170 3055 2348 3112 neque
2378 3040 2617 3112 aliquam
2646 3038 2802 3095 aliam
2830 3038 3069 3113 obligare
3097 3038 3162 3095 ad
3188 3039 3341 3096 illum
3363 3038 3590 3097 modum

2005 3130 2288 3204 operandi.
2320 3133 2394 3187 De
2425 3129 2542 3187 aliis
2571 3129 2786 3203 legibus
2812 3136 2898 3188 est
2935 3129 2991 3187 id
3030 3130 3378 3189 manifestum
3404 3171 3421 3205 ,
3464 3130 3592 3205 quia

2005 3237 2105 3277 nee
2132 3219 2372 3293 directe,
2405 3237 2469 3278 ae
2498 3220 2794 3278 formaliter
2820 3219 2875 3276 id
2914 3222 3300 3294 praecipiunt,
3341 3228 3406 3279 ut
3434 3221 3589 3279 facile

2005 3317 2262 3368 constare
2289 3317 2470 3383 potest
2495 3327 2563 3369 ex
2593 3311 2852 3369 discursu
2876 3310 3059 3385 legum
3081 3314 3348 3387 omnium,
3381 3318 3494 3369 tam
3513 3311 3595 3370 di-

2004 3404 2254 3460 vinarum
2283 3404 2658 3476 positivarum,
2690 3418 2856 3475 quam
2881 3401 3268 3477 humanarum3
3301 3418 3400 3461 nec
3427 3401 3591 3460 etiam

2004 3496 2256 3568 sequitur
2297 3510 2365 3551 ex
2401 3510 2510 3569 eo,
2552 3492 2702 3567 quod
2744 3495 3088 3567 praecipiunt
3111 3535 3126 3565 ,
3165 3496 3293 3569 quia
3327 3492 3594 3567 quidquid

2006 3586 2379 3657 praecipiunt,
2407 3586 2520 3643 fieri
2560 3590 2744 3657 potest
2769 3586 2882 3641 sine
2911 3585 3024 3643 ullo
3065 3586 3247 3644 modo.
3279 3585 3593 3658 Eademque

2004 3678 2143 3733 ratio
2173 3676 2371 3747 probat
2405 3674 2474 3733 de
2502 3674 2622 3749 lege
2649 3674 2904 3733 naturali.
2948 3675 3269 3733 Praesertim
3295 3715 3312 3744 ‚
3351 3677 3479 3748 quia
3504 3674 3599 3731 illa

2005 3782 2111 3823 non
2144 3768 2443 3841 praecipit,
2474 3766 2580 3823 nisi
2607 3766 2758 3840 quod
2788 3766 2855 3823 ad
2884 3765 3228 3823 honestatem
3266 3780 3365 3838 per
3406 3780 3463 3821 se
3503 3780 3597 3823 ne·

2006 3858 2310 3915 cessarium
2343 3863 2454 3929 est3
2487 3856 2578 3915 ille
2610 3865 2793 3915 autem
2829 3856 3026 3914 modus
3066 3872 3175 3914 non
3215 3864 3302 3915 est
3339 3864 3598 3914 necessa-

2006 3947 2125 4003 rius
2154 3945 2222 4003 ad
2254 3946 2593 4005 honestatem
2622 3947 2982 4020 operationis,
3014 3946 3143 4005 licet
3169 3948 3241 4004 sit
3267 3946 3594 4005 commodus

2005 4044 2063 4095 et
2090 4038 2439 4095 conveniens.
2471 4038 2608 4095 Item
2650 4037 2737 4095 lex
2777 4036 3044 4095 naturalis
3084 4036 3286 4111 obligat
3327 4054 3358 4093 a
3399 4037 3601 4110 princi-

2006 4128 2126 4203 pie,
2150 4129 2473 4202 priusquam
2503 4127 2668 4186 homo
2698 4130 2869 4201 possit
2893 4128 3090 4186 habere
3112 4128 3331 4199 habitus
3357 4128 3599 4203 (loquen-

2006 4217 2076 4275 do
2102 4234 2172 4275 ex
2199 4227 2394 4276 natura
2437 4218 2552 4291 rei)
2583 4262 2598 4291 ,
2638 4220 2768 4292 quia
2808 4218 2967 4277 dehet
3009 4218 3128 4277 illos
3165 4219 3453 4293 acquirere
3479 4219 3597 4276 suis

2008 4310 2248 4367 actibus.
2280 4310 2417 4367 Item
2447 4308 2680 4381 hahere,
2712 4307 2794 4365 vel
2837 4325 2946 4366 non
2975 4309 3174 4367 habere
3201 4308 3420 4368 habitus
3439 4350 3455 4383 ,
3485 4325 3599 4367 non

2006 4407 2213 4473 estper
2250 4416 2308 4457 se
2339 4400 2568 4457 materia
2594 4401 2894 4475 praecepti,
2924 4402 3053 4475 quia
3080 4409 3374 4473 praecepta
3400 4400 3602 4457 dantur

2007 4490 2076 4548 de
2106 4490 2328 4548 actibus
2361 4490 2645 4564 humanis3
2677 4490 2827 4565 quod
2854 4506 2985 4548 vero
3013 4491 3082 4549 ad
3114 4490 3235 4549 illos
3277 4497 3600 4566 sequantur,

2006 4581 2095 4639 vel
2115 4598 2228 4640 non
2247 4594 2552 4656 sequantur
2574 4581 2815 4655 habitus,
2831 4582 2915 4639 vel
2938 4588 3109 4640 estex
3131 4589 3326 4640 natura
3347 4588 3598 4653 actuum,

2009 4678 2076 4730 ut
2111 4672 2166 4729 in
2194 4673 2477 4746 acquisitis
2495 4714 2510 4745 ,
2543 4671 2626 4729 vel
2651 4688 2717 4729 ex
2747 4672 2918 4745 gratia
2943 4672 3075 4746 Dei,
3120 4679 3185 4731 ut
3209 4674 3262 4730 in
3293 4673 3516 4746 infusiS,
3545 4676 3606 4729 et

2008 4762 2131 4821 ideo
2158 4762 2296 4820 illud
2323 4778 2429 4819 non
2461 4762 2611 4821 cadit
2641 4762 2744 4819 suh
2771 4770 3148 4836 praeceptum.
3179 4763 3332 4821 Unde
3369 4763 3500 4820 lieet
3534 4775 3608 4818 ex

2013 4853 2392 4911 observatione
2428 4853 2694 4910 continua
2719 4861 3138 4926 praeceptorum
3167 4854 3281 4911 fieri
3307 4854 3512 4928 possit,
3544 4859 3609 4908 ut

2018 4946 2344 5020 acquiratur
2383 4943 2597 5001 habitus
2636 4950 2692 5001 et
2717 4943 2812 5001 illa
2838 4944 3069 5003 facilitas
3098 4945 3394 5018 operandi3
3425 4949 3608 5000 tamen

2018 5034 2154 5094 illud
2184 5042 2271 5093 est
2299 5034 2726 5091 accidentarium
2755 5033 2823 5091 ad
2861 5041 3253 5108 praeceptum,
3285 5035 3437 5107 prius
3463 5034 3610 5091 enim

2018 5127 2344 5184 observatur
2373 5132 2762 5199 praeceptum,
2792 5142 2959 5200 quam
3001 5125 3224 5183 habitus
3264 5126 3605 5201 acquiratur3

2016 5221 2073 5275 et
2101 5224 2254 5275 recte
2295 5216 2408 5273 lieri
2449 5223 2630 5289 potest
2657 5258 2671 5286 ,
2714 5224 2778 5274 ut
2816 5217 2910 5275 diu
2956 5227 3212 5277 servetur
3253 5224 3608 5290 praeceptum

2023 5324 2077 5365 v.
2110 5324 2168 5383 g.
2203 5306 2513 5379 ieiunandi,
2541 5316 2598 5365 et
2623 5323 2732 5364 non
2760 5309 3106 5381 acquiratur·
3129 5310 3373 5379 habitus,
3403 5324 3504 5365 nec
3533 5306 3610 5364 l'a·

3083 5416 3136 5460 ¹5
