4325 6267
749 344 875 406 152

668 491 835 541 netur
866 496 1085 555 parere,
1104 486 1162 537 et
1187 480 1275 535 ius
1304 492 1469 535 sunm
1495 476 1654 534 alteri
1682 474 1933 545 reddere,
1958 472 2041 529 vel
2068 472 2267 529 iustam

670 587 901 645 poenam
930 574 1244 641 acceptare.

744 659 1003 728 Quintum
1032 665 1091 714 et
1116 662 1332 713 sextum
1368 655 1680 727 exemplum
1724 659 1856 710 sunt
1891 653 2268 727 captivitates

673 760 730 806 et
757 751 1083 813 servitutes,
1122 746 1171 801 in
1201 745 1403 818 quibus
1442 744 1607 800 etiam
1648 749 1887 813 constat,
1918 742 1963 797 si
2004 740 2096 797 uni
2138 738 2270 795 licet

668 839 900 895 alterum
950 838 1001 891 in
1054 836 1427 907 captivitatem
1480 832 1563 889 vel
1615 832 1941 888 servitutem
1992 829 2265 901 redigere,

668 928 828 983 etiam
860 922 1112 996 cogendo
1144 921 1321 993 illum,
1356 937 1421 978 eo
1453 921 1568 991 ipso
1600 920 1772 977 teneri
1804 919 1946 975 bunc
1976 916 2041 973 ad
2072 930 2265 987 paren·

667 1016 822 1085 dum,
852 1019 908 1069 et
942 1028 1048 1068 non
1084 1009 1472 1081 resistendum,
1494 1009 1623 1079 quia
1654 1023 1759 1063 non
1792 1012 2120 1078 potestesse
2150 1003 2262 1059 bel-

668 1104 783 1159 lum
814 1105 1025 1158 iustum
1055 1117 1119 1156 ex
1153 1106 1386 1170 utraque
1414 1104 1587 1169 parte.
1617 1096 1920 1167 Septimum
1949 1092 2262 1165 exemplum

667 1199 755 1249 est
784 1189 1178 1265 postliminia,
1212 1187 1279 1244 de
1306 1202 1419 1259 quo
1446 1184 1634 1241 eadem
1658 1200 1785 1240 cum
1813 1182 2159 1254 proportione
2181 1188 2266 1235 est

664 1280 837 1353 rati03
879 1294 1003 1335 nam
1030 1285 1118 1335 est
1146 1280 1234 1333 ius
1263 1276 1346 1333 vel
1375 1272 1738 1346 recuperandi
1768 1272 2068 1328 libertatem
2100 1271 2266 1326 amis-

664 1386 801 1435 sam,
846 1369 926 1425 vel
958 1365 1216 1424 redeundi
1247 1365 1314 1422 ad
1343 1358 1576 1436 priorem
1605 1370 1807 1417 statum
1840 1366 1965 1433 post
1992 1360 2202 1415 exitum
2234 1374 2264 1413 a

662 1458 931 1515 liminibus
966 1454 1334 1528 captivitatis3
1369 1453 1418 1507 in
1450 1452 1557 1508 hoc
1590 1457 1773 1506 autem
1802 1450 1919 1505 iure
1948 1447 2264 1504 necessario

663 1546 965 1603 includitur
1006 1551 1363 1618 praeceptum
1407 1541 1492 1597 vel
1534 1538 1857 1596 restituendi
1902 1539 2061 1594 talem
2092 1538 2264 1593 homi·

668 1652 791 1691 nem
820 1636 869 1690 in
900 1636 1185 1705 antiquum
1215 1634 1323 1701 ius,
1356 1630 1438 1687 vel
1470 1646 1577 1686 non
1620 1628 1865 1700 privandi
1890 1628 2069 1696 illum,
2102 1642 2264 1683 recu·

668 1730 859 1794 pet-ato
889 1725 1027 1779 inre.
1054 1722 1323 1778 Octavum
1345 1718 1655 1791 exemplum
1674 1723 1761 1774 est
1772 1714 2037 1788 foedera
2054 1716 2262 1789 pacis:

666 1828 870 1868 nonum
900 1808 1201 1867 induciae.
1233 1810 1292 1865 In
1324 1809 1523 1881 quibus
1566 1809 1744 1880 primo
1787 1810 1969 1877 potest
2008 1802 2260 1879 conside-

667 1902 776 1956 rari
815 1900 1050 1956 facultas
1091 1897 1316 1954 feriendi
1360 1913 1573 1969 pacem,
1606 1896 1689 1953 vel
1731 1892 2065 1951 concedendi
2108 1890 2266 1949 indu-

666 1991 805 2056 cias,
830 2003 971 2060 quae
998 1987 1113 2042 sine
1139 1985 1305 2043 dubio
1337 1993 1425 2042 est
1450 2000 1539 2041 res
1569 1984 1795 2040 honesta
1824 1982 1891 2039 de
1922 1998 2001 2049 se,
2019 1988 2075 2038 et
2102 1996 2266 2053 saepe

666 2076 837 2145 utilis,
862 2074 945 2131 vel
976 2075 1305 2142 necessaria,
1338 2080 1515 2130 tamen
1546 2088 1675 2129 cum
1705 2072 1806 2128 hac
1837 2070 2099 2127 facultate
2128 2086 2262 2126 con·

664 2164 851 2219 iuncta
876 2169 959 2218 est
988 2161 1241 2235 obligatio
1284 2178 1389 2219 non
1434 2160 1663 2218 violandi
1706 2160 1855 2231 pacis
1896 2158 2136 2230 foedera,
2169 2174 2262 2214 ne·

665 2267 775 2324 que
814 2250 1046 2309 nocendi
1090 2252 1233 2307 hosti
1276 2250 1627 2307 induciarum
1670 2255 1935 2320 tempore.
1977 2247 2259 2303 Decimum

663 2340 972 2412 exemplum
994 2347 1081 2398 est
1102 2339 1435 2413 leqatorum
1454 2356 1576 2396 non
1593 2336 2009 2395 violandorum
2024 2336 2254 2409 retiqio,

667 2430 815 2504 quod
847 2439 1034 2501 aperte
1064 2445 1160 2502 per
1188 2428 1414 2486 modum
1445 2430 1729 2500 praecepti
1760 2427 1963 2498 fertur3
2006 2428 2057 2480 in
2088 2441 2153 2483 eo
2181 2430 2264 2481 ta·

664 2534 789 2575 men
818 2517 1081 2591 distingui
1112 2524 1346 2590 possunt
1382 2518 1474 2574 illa
1515 2517 1648 2589 duo,
1680 2532 1854 2573 unum
1894 2523 1980 2573 est
2018 2516 2260 2573 facultas

667 2608 917 2664 mittendi
946 2607 1155 2681 legatos
1198 2605 1265 2663 ad
1310 2607 1442 2663 alios
1483 2606 1755 2678 principes
1798 2606 1883 2661 vel
1924 2606 2260 2677 provincias,

672 2695 819 2752 aliud
845 2703 931 2753 est
962 2703 1317 2767 praeceptum
1344 2701 1401 2751 et
1427 2695 1687 2767 obligatio
1724 2692 1976 2749 servandi
2014 2692 2264 2749 immuni-

667 2791 831 2840 tatem
862 2784 1099 2841 illorum.
1124 2784 1383 2841 Ultimum
1413 2783 1646 2855 denique
1675 2782 1982 2854 exemplum
2013 2786 2101 2837 est
2127 2796 2265 2837 con·

665 2872 859 2929 nu-bia
881 2875 1037 2929 inter
1066 2871 1434 2945 alieniqenas
1454 2870 1773 2945 prohibita,
1806 2871 1855 2925 in
1877 2886 1989 2943 quo
2013 2885 2121 2924 non
2147 2868 2266 2925 sola

668 2960 971 3033 permissio,
993 2960 1086 3016 sed
1105 2965 1458 3033 praeceptum
1483 2967 1674 3032 aperte.
1694 2959 2044 3031 proponitur,
2064 2959 2264 3030 etquia

666 3050 977 3121 negativum
1008 3054 1122 3121 est,
1156 3050 1239 3107 vix
1267 3051 1318 3106 in
1346 3065 1413 3106 eo
1441 3049 1761 3123 intelligitur
1790 3047 1990 3119 aliquid
2022 3062 2119 3118 per
2146 3062 2264 3103 mo-

667 3136 801 3194 dum
832 3138 1245 3211 concessionis,
1280 3138 1558 3211 quomodo
1586 3145 1769 3193 autem
1797 3138 1849 3193 in
1880 3136 1985 3191 hoc
2014 3136 2263 3207 exemplo

666 3227 853 3284 locum
884 3226 1078 3284 babeat
1107 3228 1190 3283 ius
1218 3227 1483 3301 gentium,
1516 3226 1681 3297 paulo
1710 3225 1937 3281 inferius
1965 3240 2258 3297 exponam.

740 3316 853 3372 Dici
882 3322 1083 3386 potest,
1114 3322 1232 3372 esto
1260 3330 1453 3371 verum
1480 3314 1586 3385 sit,
1616 3329 1749 3370 cum
1778 3315 1897 3369 iure
1938 3312 2264 3371 concessivo

663 3421 877 3477 semper
908 3405 1163 3477 coniungi
1192 3402 1409 3479 aliquod
1438 3404 1871 3475 praeceptivum,
1894 3409 2069 3458 tamen
2104 3418 2264 3473 saepe

662 3510 783 3551 esse
812 3510 975 3565 posse
1004 3494 1351 3551 diversorum
1390 3491 1676 3564 ordinum3
1718 3507 1845 3547 nam
1882 3506 2045 3561 saepe
2089 3493 2264 3562 posito

659 3586 782 3640 iure
812 3583 953 3639 civili
984 3582 1304 3639 concessivo
1336 3572 1570 3638 resultat
1594 3582 1678 3637 ius
1700 3580 1973 3649 naturale,
2002 3586 2065 3637 ut
2088 3581 2264 3650 posito

657 3674 782 3728 iure
810 3672 1146 3727 concedente
1176 3671 1485 3728 dominium
1512 3670 1692 3727 media
1722 3669 2179 3741 praescriptione,
2212 3676 2268 3726 et

663 3759 931 3831 acquisita
956 3758 1407 3830 praescriptione,
1435 3757 1665 3815 resultat
1690 3758 1779 3813 ius
1800 3757 2051 3814 naturale
2080 3757 2267 3828 prohi-

663 3847 795 3905 bens
818 3850 1070 3919 accipere
1094 3846 1161 3903 ab
1183 3847 1387 3920 aliquo,
1413 3847 1529 3918 ipso
1552 3847 1743 3917 invito,
1774 3861 2094 3918 rem,quam
2110 3860 2265 3917 prae·

662 3938 910 4009 scripsit,
940 3945 995 3991 et
1028 3952 1298 3993 concesso
1337 3934 1613 4007 privilegio
1652 3934 1719 3990 ab
1760 3934 2006 4005 homine,
2041 3933 2125 3990 vel
2165 3934 2266 3990 bu-

666 4040 825 4081 mano
852 4026 970 4081 iure
999 4026 1265 4083 eximente
1294 4023 1535 4097 aliquem
1562 4040 1595 4080 a
1621 4021 1896 4079 solutione
1926 4022 2137 4095 tributi,
2171 4038 2270 4077 na·

662 4114 856 4170 turalis
886 4114 967 4171 lex
996 4113 1187 4185 dictat,
1218 4127 1325 4169 non
1352 4127 1476 4169 esse
1506 4110 1822 4184 petendum.
1840 4112 1928 4167 Sic
1950 4126 2086 4185 ergo
2105 4112 2159 4167 in
2185 4111 2268 4167 di-

663 4203 768 4258 ctis
796 4202 1055 4272 exemplis
1098 4200 1205 4257 dici
1237 4205 1446 4273 potest,
1474 4200 1881 4273 permissionem
1914 4215 2013 4256 seu
2036 4215 2266 4256 conces-

666 4292 872 4347 sionem
901 4306 1023 4347 esse
1050 4289 1117 4345 de
1158 4291 1279 4345 iure
1318 4290 1596 4361 gentium3
1630 4296 1925 4361 praecepta
1964 4305 2095 4346 vero
2138 4289 2264 4347 inde

667 4380 991 4435 resultantia
1022 4394 1144 4435 esse
1173 4378 1239 4435 de
1267 4380 1387 4434 iure
1416 4378 1649 4435 naturali
1679 4382 2045 4451 praeceptivo.

745 4468 973 4538 Propter
998 4466 1137 4523 hanc
1156 4466 1514 4524 abiectionem
1538 4468 1795 4539 proposui
1820 4467 2121 4525 secundam
2140 4483 2264 4540 par-

668 4563 779 4612 tem
822 4556 1174 4627 assertionis·,
1220 4555 1428 4613 scilicet
1480 4554 1530 4611 in
1574 4557 1847 4627 praesenti
1890 4559 2117 4612 materia
2158 4558 2264 4615 hoc

667 4660 775 4701 non
803 4643 1003 4699 habere
1031 4643 1249 4718 quidem
1284 4644 1491 4701 locum.
1520 4646 1656 4700 Nam
1685 4646 1739 4700 in
1765 4644 1925 4700 simili
1946 4644 2267 4703 inductione

666 4733 883 4789 ostendi
912 4740 1116 4805 potest,
1147 4733 1295 4806 quod
1318 4740 1429 4790 tam
1453 4733 1761 4805 concessio,
1786 4748 1951 4807 quam
1976 4734 2269 4806 prohibitio

667 4821 735 4878 ad
764 4820 895 4877 alios
927 4821 1199 4878 resultans
1225 4829 1313 4878 est
1346 4821 1560 4879 de=iure
1586 4820 1855 4893 naturali;
1888 4821 1973 4879 vel
2004 4823 2049 4877 si
2087 4822 2268 4897 aliqua

664 4926 855 4967 earum
877 4915 965 4966 est
986 4908 1233 4967 absolute
1255 4910 1323 4967 de
1345 4911 1459 4967 iure
1481 4911 1748 4981 humano,
1781 4912 1967 4982 potius
1996 4910 2101 4967 boc
2132 4928 2266 4969 con-

651 5014 683 5051 v
702 5000 848 5054 eniat
873 4998 1251 5069 concessioni,
1282 5014 1390 5071 qua
1423 4999 1605 5072 facta,
1636 5000 1889 5073 obligatio
1929 4998 2051 5056 inde
2092 5001 2268 5058 resul-

2151 347 2354 398 unna
2385 348 2462 397 11.

2345 472 2731 544 occupatione,
2762 472 3159 545 aedificatione,
3187 474 3503 547 munitione,
3533 490 3600 533 ac
3628 475 3938 533 defensione

2341 576 2437 632 per
2465 563 2676 618 iustum
2707 561 2940 637 bellum3
2974 580 3096 619 nam
3127 566 3213 620 lus
3236 565 3302 620 ad
3325 564 3459 621 haec
3484 566 3665 622 omnia
3687 566 3939 622 naturale

2339 654 2456 719 est,
2489 648 2541 705 id
2569 656 2653 707 est
2696 651 2830 707 haec
2873 652 3053 707 omnia
3094 652 3234 709 licita
3265 660 3397 709 sunt
3432 653 3547 709 iure
3587 660 3850 710 naturae:
3883 662 3942 710 et

2337 737 2528 795 eodem
2562 739 2723 795 modo
2753 739 3010 813 obligatio
3043 744 3210 797 nnius
3247 740 3314 797 ad
3347 758 3452 798 non
3485 736 3797 799 violandum
3831 743 3940 800 tale

2335 827 2420 883 ius
2450 828 2675 884 alterius
2703 829 2970 887 naturalis
3001 829 3132 905 legis
3169 838 3275 886 est.
3307 830 3496 887 Solum
3541 847 3680 887 usus
3724 832 3936 888 illarum

2335 915 2660 972 facultatum
2691 923 2876 988 posset
2899 916 3010 974 dici
3040 917 3106 975 de
3135 920 3252 974 iure
3272 920 3516 989 gentium
3545 920 3767 983 ,ratione
3806 935 3938 975 con-

2335 1003 2642 1060 suetudinis
2670 1005 2912 1061 omnium
2940 1009 3214 1079 gentium3
3247 1012 3304 1062 at
3331 1006 3436 1063 boc
3468 1007 3536 1063 ad
3563 1008 3770 1065 factum
3801 1024 3926 1080 per·

2335 1092 2488 1163 tinet,
2522 1108 2630 1150 non
2669 1093 2736 1151 ad
2777 1094 2971 1167 legem.
3003 1096 3261 1170 idemque
3298 1112 3429 1153 cum
3469 1098 3818 1170 proportione
3855 1097 3940 1154 di·
4021 1082 4028 1091 ⁸

2335 1182 2572 1237 cendum
2603 1189 2687 1239 est
2715 1183 2765 1239 in
2800 1188 2855 1253 8,
2890 1188 2946 1253 9,
2977 1190 3035 1240 et
3069 1188 3134 1242 10
3157 1224 3172 1253 ,
3203 1186 3464 1257 exemplis
3492 1186 3560 1242 de
3587 1202 3744 1259 pace,
3783 1188 3939 1243 indu-

2335 1270 2453 1330 ciis,
2485 1278 2542 1326 ct
2569 1269 2792 1344 legati83
2825 1287 2948 1328 nam
2983 1272 3071 1329 illa
3107 1275 3288 1329 omnia
3327 1274 3632 1331 fundantur
3669 1276 3721 1330 in
3766 1281 3932 1345 pacto

2334 1358 2514 1430 aliquo
2557 1359 2828 1428 humano,
2859 1361 2910 1415 in
2951 1376 3064 1434 quo
3105 1368 3220 1417 tam
3261 1362 3496 1419 facultas
3535 1362 3922 1432 contrahendi,

2334 1462 2502 1519 quam
2530 1448 2882 1523 obligationes
2910 1449 3178 1508 fidelitatis
3203 1458 3260 1506 et
3281 1452 3538 1523 iustitiae,
3565 1467 3708 1524 quae
3729 1467 3793 1507 ex
3817 1451 3932 1507 foe-

2333 1534 2494 1603 dere,
2539 1552 2638 1593 seu
2681 1538 3034 1593 conventione
3077 1546 3414 1611 nascuntur,
3459 1539 3526 1595 ad
3565 1540 3654 1595 ius
3693 1546 3927 1596 naturae

2335 1630 2605 1695 spectant.
2651 1626 2813 1683 Solus
2855 1642 2992 1683 usus
3033 1634 3214 1699 potest
3253 1628 3357 1685 dici
3408 1628 3477 1685 de
3516 1629 3632 1686 iure
3673 1632 3926 1702 gentium

2335 1721 2565 1784 propter
2593 1716 3031 1771 convenientiam
3076 1716 3317 1773 omnium
3357 1717 3599 1789 gentium
3630 1717 3679 1771 in
3710 1733 3815 1772 usu
3847 1725 3931 1775 ta-

2333 1801 2466 1859 lium
2505 1819 2693 1861 rerum
2733 1806 2785 1860 in
2813 1820 3046 1877 genere3
3075 1813 3455 1863 verumtamen
3483 1805 3575 1862 hic
3605 1808 3766 1863 etiam
3797 1823 3935 1863 usus

2332 1899 2418 1947 est
2445 1892 2674 1949 effectus
2704 1894 2872 1963 iuris,
2905 1910 3011 1950 non
3040 1895 3219 1966 ipsum
3249 1897 3366 1967 ius,
3395 1896 3522 1969 quia
3555 1896 3660 1953 hoc
3700 1898 3784 1953 ius
3827 1914 3936 1953 non

2332 1996 2398 2036 ex
2429 1983 2682 2051 usu,'sed
2716 1999 2849 2039 usus
2881 1998 2948 2039 ex
2975 1986 3093 2041 iure
3123 1990 3226 2040 est.

2412 2074 2483 2128 At
2511 2087 2640 2128 vero
2667 2074 2718 2129 in
2749 2073 2940 2145 quinto
2967 2079 3026 2129 et
3051 2080 3206 2131 sexto
3232 2074 3486 2146 exemplo
3525 2075 3592 2131 de
3619 2075 3934 2145 captivitate

2332 2167 2389 2217 et
2415 2161 2679 2218 servitute
2709 2161 2927 2218 videtur
2964 2162 3168 2234 aliquid
3209 2163 3586 2243 introductum
3626 2179 3730 2219 usu
3761 2164 3938 2234 bomi-

2337 2266 2492 2319 num,
2525 2249 2672 2323 quod
2702 2267 2808 2306 non
2839 2257 2927 2307 est
2953 2251 3258 2308 immediate
3287 2250 3354 2309 de
3383 2252 3678 2308 dictamine
3706 2254 3934 2310 rationis

2333 2339 2619 2410 naturalis,
2650 2340 2929 2411 nimirum,
2959 2339 3105 2411 quod
3137 2340 3332 2396 titulus
3355 2341 3692 2411 acceptionis
3711 2345 3764 2396 in
3786 2340 3930 2397 bello

2333 2428 2476 2485 iusto
2505 2426 2575 2484 sit
2599 2427 2882 2484 sufficiens
2908 2428 2975 2484 ad
3005 2428 3354 2486 detinendum
3391 2429 3557 2486 alium
3595 2432 3760 2486 ctiam
3799 2431 3939 2485 invi-

2333 2522 2452 2573 tum
2481 2522 2536 2573 et
2561 2525 2848 2585 coactum,
2880 2516 2963 2573 vel
3003 2518 3163 2573 etiam
3205 2518 3274 2574 ad
3315 2518 3714 2591 acquirendum
3755 2518 3935 2576 domi-

2335 2605 2482 2662 nium
2521 2608 2687 2663 unius
2727 2605 2956 2661 hominis
2999 2607 3048 2661 in
3091 2606 3282 2675 alium,
3313 2614 3371 2663 et
3411 2614 3816 2681 consequenter
3856 2608 3929 2663 ad

2333 2692 2790 2751 introducendam
2813 2695 3138 2751 servitutem
3159 2696 3211 2751 in
3239 2710 3368 2765 uno,
3395 2702 3654 2767 respectu
3677 2696 3926 2752 alterius.

2335 2782 2471 2837 Nam
2502 2782 2588 2839 lex
2619 2780 2736 2839 sola
2764 2782 3030 2838 naturalis
3057 2782 3162 2840 boc
3191 2800 3298 2839 non
3328 2783 3847 2857 praescribit,‚licet
3872 2785 3937 2840 il-

2337 2868 2433 2925 lud
2463 2886 2570 2925 non
2602 2875 2770 2939 vetet,
2815 2872 3102 2942 supposita
3140 2870 3346 2928 iustitia
3380 2871 3521 2928 belli.
3558 2872 3936 2929 Determinatio

2337 2974 2473 3031 ergo
2507 2959 2653 3016 illius
2683 2960 2818 3015 iuris
2847 2966 2932 3016 est
2957 2962 3114 3032 qnasi
3143 2959 3228 3017 lex
3257 2960 3524 3032 quaedam
3553 2961 3794 3033 poenalis
3824 2976 3932 3017 usu

2338 3047 2620 3105 hominum
2650 3048 2967 3105 introducta
3005 3054 3197 3105 contra
3233 3056 3484 3121 gerentes
3521 3052 3789 3107 iniustum
3819 3051 3932 3107 bel-

2336 3136 2473 3206 lum,
2490 3137 2709 3209 ponitur
2729 3137 2874 3193 enim
2895 3136 3004 3193 illis
3027 3136 3080 3192 in
3099 3152 3351 3209 poenam,
3373 3144 3438 3195 ut
3459 3140 3658 3209 captivi
3681 3138 3766 3194 vel
3788 3140 3935 3195 servi

2335 3226 2487 3297 fiant,
2513 3226 2558 3281 si
2588 3227 3060 3282 vincantur-Haec
3091 3232 3274 3281 autem
3305 3226 3388 3281 lex
3416 3226 3494 3281 sic
3524 3225 3796 3283 intellecta
3823 3242 3938 3283 non

2333 3322 2421 3372 est
2460 3315 2809 3386 concessiva,
2854 3313 2950 3370 sed
2989 3316 3162 3387 magis
3201 3313 3410 3372 directe
3449 3324 3537 3371 est
3577 3316 3847 3387 punitiva,
3875 3323 3934 3373 et

2336 3403 2539 3491 obligat
2578 3419 2734 3459 reum
2777 3401 2842 3457 ad
2885 3418 3115 3474 poenam
3155 3401 3344 3458 eadem
3384 3404 3778 3476 proportione,
3823 3420 3937 3477 qua

2337 3491 2472 3548 aliae
2505 3490 2654 3563 leges
2683 3489 2938 3562 poenales
2979 3490 3185 3561 civiles,
3218 3490 3282 3548 de
3323 3491 3524 3565 quibus
3565 3492 3700 3548 infra
3741 3492 3833 3549 lib.
3859 3494 3926 3549 V.

2335 3579 2538 3637 dicturi
2583 3596 2795 3635 sumus.
2829 3579 3258 3653 Qualiscumque
3301 3586 3483 3637 autem
3523 3583 3633 3654 sit,
3663 3589 3940 3656 quatenus

2335 3668 2402 3725 de
2431 3668 2582 3726 facto
2611 3668 2711 3726 dat
2741 3669 3056 3725 facultatem
3083 3670 3383 3727 reducendi
3412 3670 3654 3745 homines
3683 3673 3734 3728 in
3757 3674 3936 3746 capti-

2336 3759 2556 3815 vitatem
2606 3757 2687 3814 vel
2731 3760 3074 3829 servitutem,
3106 3760 3334 3831 positiva
3361 3766 3473 3832 est,
3504 3767 3560 3818 et
3584 3777 3692 3818 non
3721 3778 3789 3819 ex
3815 3763 3936 3821 sola

2337 3848 2386 3903 vi
2414 3862 2478 3904 ac
2509 3848 2764 3904 discursu
2793 3847 3018 3903 rationis
3041 3849 3327 3921 naturalis,
3361 3850 3523 3906 etiam
3548 3852 3834 3923 supposita
3853 3852 3936 3907 in-

2337 3936 2616 3993 stitutione
2641 3935 3008 3993 humanatum
3031 3940 3507 4002 communitatum
3526 3954 3657 4012 ergo
3682 3955 3791 3996 non
3815 3955 3938 4011 per-

2338 4025 2525 4082 tinebit
2553 4024 2622 4081 ad
2652 4024 2736 4080 ius
2764 4026 3031 4098 gentium,
3057 4026 3218 4098 quale
3243 4028 3309 4083 ab
3329 4026 3421 4083 illa
3443 4027 3710 4083 sententia
3731 4026 3940 4085 descri-

2334 4113 2501 4170 bitur.

2412 4202 2702 4258 Praeterea
2744 4201 2884 4262 idem
2925 4200 3235 4259 evidentius
3271 4203 3432 4259 estin
3463 4210 3660 4260 octavo
3689 4202 3939 4275 exemplo

2339 4289 2406 4346 de
2435 4289 2853 4361 postliminibus,
2883 4291 2936 4345 in
2965 4306 3077 4363 quo
3107 4290 3322 4347 videtur
3343 4308 3468 4348 esse
3491 4293 3612 4364 plus
3633 4292 3700 4349 de
3723 4294 3836 4349 iure
3857 4294 3940 4350 ci-

2339 4380 2450 4451 vili,
2485 4396 2650 4452 quam
2680 4379 2747 4435 de
2775 4380 2893 4435 iure
2923 4380 3178 4452 naturali,
3211 4380 3294 4436 vel
3324 4382 3600 4455 gentium·²
3633 4397 3758 4438 nam
3787 4382 3938 4439 vide-

2337 4474 2426 4526 tur
2457 4484 2578 4525 esse
2609 4468 2700 4523 illa
2727 4467 2997 4539 quaedam
3025 4468 3326 4526 moderatio
3354 4484 3560 4541 poenae
3601 4472 3936 4541 captivitatis

2337 4565 2436 4614 aut
2475 4558 2788 4626 servitutis,
2834 4555 2918 4611 vel
2960 4554 3012 4609 in
3055 4557 3375 4613 universum
3417 4558 3725 4615 amissionis
3766 4560 3936 4616 bono-

2335 4661 2492 4717 rum,
2523 4643 2606 4701 vel
2635 4642 3122 4716 depraedationum
3149 4644 3409 4711 hostium,
3441 4661 3582 4718 quae
3611 4648 3844 4703 maxime
3875 4648 3936 4703 in

2336 4734 2547 4793 bellum
2597 4734 2952 4807 contingunt,
2996 4750 3138 4807 quae
3189 4752 3297 4790 non
3337 4742 3425 4792 est
3463 4742 3572 4792 tam
3617 4736 3942 4793 universalis

2343 4824 2590 4881 omnium
2629 4824 2906 4896 gentium,
2951 4821 3046 4879 sed
3093 4824 3214 4879 iura
3256 4824 3431 4881 civilia
3471 4825 3702 4881 maxime
3743 4825 3810 4881 de
3850 4825 3942 4882 illa

2341 4912 2668 4985 loquuntur.
2700 4912 2771 4968 Et
2801 4915 3080 4983 praeterea
3115 4926 3179 4967 eo
3219 4912 3381 4969 modo
3404 4955 3418 4983 ,
3461 4928 3573 4985 quo
3605 4914 3726 4970 talis
3755 4914 3941 4971 mode-

2337 5002 2478 5059 ratio
2510 4999 2826 5072 intelligitur
2847 5000 2965 5072 lege
2988 5000 3314 5073 constituta,
3337 5016 3448 5057 non
3469 5008 3556 5058 est
3579 5001 3694 5058 sola
3715 5004 3943 5074 permis·

649 5094 787 5144 tans
814 5085 1077 5142 naturalis
1104 5094 1209 5143 est.
1243 5089 1485 5145 Primum
1516 5097 1733 5160 aperte,
1762 5096 1821 5146 ut
1849 5090 2051 5161 crede,
2085 5096 2271 5149 osten-
2329 5090 2446 5162 sio,
2477 5090 2571 5146 sed
2599 5089 2686 5145 lex
2715 5103 2842 5145 vere
2865 5088 3115 5161 obligans
3138 5087 3206 5145 ad
3229 5091 3315 5145 sui
3341 5088 3808 5159 observationem3
3832 5108 3940 5149 non

652 5180 803 5236 ditur
829 5179 891 5236 in
928 5184 1171 5251 quatuor
1201 5178 1393 5250 primis
1420 5178 1685 5251 exemplis
1714 5178 1927 5250 isidori,
1957 5178 2024 5236 de
2053 5178 2267 5237 sedium

2338 5180 2483 5237 enim
2511 5184 2597 5235 est
2622 5178 2802 5235 minus
2831 5176 3152 5251 obligatoria
3183 5176 3290 5251 lex,
3323 5193 3464 5250 quae
3496 5177 3815 5235 moderatur
3843 5178 3942 5237 ali·
