4325 6267
790 280 916 342 278

712 428 930 480 mentur
960 421 1205 479 moribus
1234 421 1443 494 populi,
1472 419 1735 493 quamdiu
1763 419 1834 476 ibi
1876 424 2195 491 versantur,
2242 425 2303 476 ut

708 527 870 584 saepe
899 511 951 567 in
978 515 1097 567 iure
1128 511 1452 582 insinuatur,
1483 526 1536 566 c.
1575 507 1748 577 Illud,
1787 508 1919 579 dist,
1945 513 2100 579 12,ο.
2131 511 2303 583 Quae

707 607 934 668 contra,
970 601 1100 659 dist.
1138 608 1192 672 8,
1222 617 1276 658 c.
1301 603 1376 657 In
1395 615 1577 666 nona,
1613 603 1701 664 16.
1726 615 1786 672 q.
1815 602 1867 670 73
1893 606 1949 656 et
1968 598 2301 670 experientia

708 691 760 748 id
789 693 924 748 satis
955 689 1138 758 docet,
1169 692 1300 764 quia
1327 691 1372 746 si
1403 689 1557 746 aliter
1584 690 1706 760 liat,
1731 694 2039 761 sequuntur
2079 687 2303 744 dissidia

705 788 764 840 et
789 779 1067 838 scandala.
1100 781 1236 838 Cum
1265 796 1398 853 ergo
1427 780 1572 853 leges
1599 779 1845 836 serantur
1885 786 2111 852 propter
2150 795 2301 835 com-

707 885 874 928 mune
915 869 1119 928 honum
1140 914 1154 938 ,
1185 878 1239 928 et
1266 886 1454 943 pacem
1483 885 1546 925 ac
1577 868 1752 925 honos
1781 884 1961 925 mores
1999 869 2107 926 loci
2147 885 2306 941 prae·

708 963 870 1033 cipue
899 960 1200 1031 intendant,
1233 975 1458 1016 necesse
1485 965 1600 1028 est,
1633 965 1695 1014 ut
1724 958 1861 1014 lianc
1891 960 2000 1014 vim
2043 957 2300 1015 habeant.

708 1049 964 1106 Secundo
993 1049 1134 1106 idem
1165 1050 1430 1120 probatur
1457 1063 1522 1105 ex
1565 1054 1718 1120 parte
1757 1063 1955 1103 causae
1993 1047 2301 1120 efficientis,

707 1153 805 1194 seu
835 1139 1121 1209 potestatis
1153 1136 1510 1212 legislatoriS,
1541 1139 1668 1209 quia
1699 1137 2078 1210 unusquisque
2105 1137 2307 1209 guber-

707 1234 864 1284 nator
910 1228 1243 1299 reipublicae
1281 1227 1440 1284 habet
1479 1230 1796 1298 potestatem
1838 1226 2197 1282 necessariam
2239 1225 2307 1282 ad

707 1318 1182 1374 conservationem
1221 1332 1352 1373 suae
1390 1315 1751 1386 reipublicae,
1783 1324 1837 1371 et
1872 1313 1940 1371 ad
1975 1317 2093 1373 eius
2129 1317 2306 1373 bonos

708 1419 890 1461 mores
919 1404 1184 1477 tuendos3
1215 1421 1350 1479 ergo
1391 1404 1552 1460 habet
1588 1410 1912 1475 potestatem
1950 1403 2014 1460 ad
2055 1404 2307 1462 serendas

709 1479 892 1567 ¹ege's,
936 1511 1074 1568 quas
1103 1511 1289 1551 omnes
1335 1494 1408 1550 ibi
1449 1500 1728 1550 morantes
1766 1506 1988 1550 servare
2026 1501 2303 1550 tenentur.

711 1585 824 1640 Hac
852 1585 1000 1642 enim
1029 1586 1236 1642 ratione
1263 1584 1424 1640 habet
1452 1589 1773 1656 potestatem
1794 1584 2049 1654 puniendi
2073 1584 2308 1642 advenas

712 1673 781 1728 ibi
805 1672 1213 1746 delinquentes,
1241 1688 1375 1746 ergo
1403 1689 1592 1728 earum
1623 1673 1828 1728 ratione
1867 1672 2028 1729 babet
2065 1681 2309 1746 potesta·

708 1771 824 1821 tem
852 1763 1118 1837 obligandi
1149 1779 1242 1835 per
1281 1779 1438 1820 suam
1468 1764 1640 1836 legem
1682 1777 1870 1817 omnes
1901 1763 1970 1818 ihi
1999 1773 2308 1836 operantes,

709 1861 981 1926 quatenus
1003 1854 1068 1911 ad
1083 1855 1286 1910 bonum
1311 1869 1444 1910 suae
1465 1853 1797 1924 reipublicae
1814 1855 2185 1910 necessarium
2199 1861 2303 1910 est.

787 1947 842 2000 4.
873 1943 1056 1999 Tertio
1089 1943 1227 1999 idem
1253 1949 1400 2015 patet
1421 1958 1486 1998 ex
1513 1949 1665 2013 parte
1697 1959 2056 2015 personarum
2078 1944 2311 2000 advena-

712 2047 857 2101 rum,
887 2032 1014 2104 quia
1045 2047 1152 2088 non
1181 2031 1336 2088 deest
1361 2032 1412 2087 in
1439 2031 1544 2088 illis
1573 2021 1855 2090 s‘ufficiens
1896 2033 2091 2089 titulus
2129 2033 2308 2089 subie-

717 2121 944 2193 ctioniS,
978 2123 1178 2179 ratione
1209 2121 1367 2179 cuius
1397 2120 1618 2195 obligari
1646 2123 1858 2195 possint
1897 2123 2106 2196 legibus
2149 2126 2311 2179 terri-

717 2211 863 2267 torii:
882 2210 1016 2267 haec
1038 2218 1222 2268 autem
1246 2211 1511 2268 subiectio
1533 2218 1742 2268 tantum
1766 2212 2131 2282 desideratur,
2151 2228 2307 2285 ergo.

716 2301 881 2356 Maior
910 2308 1057 2372 patet
1083 2346 1096 2372 ,
1125 2308 1241 2358 tum
1271 2302 1398 2373 quia
1425 2307 1665 2394 potestas
1685 2301 1736 2356 in
1760 2318 1870 2358 uno
1892 2308 1946 2358 et
1966 2303 2233 2358 subiectio
2254 2304 2309 2358 in

627 2418 634 2428 ·
716 2391 820 2446 alio
851 2398 982 2447 sunt
1008 2392 1353 2462 correlativa3
1386 2397 1672 2448 ostensum
1699 2398 1786 2448 est
1807 2399 2011 2461 autem,
2035 2395 2088 2448 in
2109 2393 2310 2464 prinei-

717 2495 786 2552 pe
811 2494 928 2538 esse
958 2486 1314 2553 potestatem3
1345 2496 1473 2553 ergo
1503 2481 1576 2537 illi
1605 2479 1896 2552 respondet
1936 2481 2204 2538 subiectio
2244 2498 2310 2538 ex

717 2575 870 2640 parte
901 2570 1122 2626 alterius
1147 2571 1396 2642 extremi,
1423 2576 1536 2625 tum
1565 2571 1754 2640 etiam,
1780 2571 1910 2642 quia
1931 2569 2076 2627 sicut
2101 2570 2191 2626 illa
2218 2571 2313 2626 ob-

718 2657 899 2731 ligatio
924 2666 1011 2715 est
1048 2661 1204 2733 quasi
1247 2661 1518 2716 transiens
1545 2667 1600 2716 et
1627 2659 1932 2716 secundum
1957 2660 2110 2733 quid,
2143 2663 2219 2718 ita
2246 2661 2312 2718 ad

719 2748 863 2804 illam
900 2748 1106 2805 sufficit
1141 2750 1296 2822 quasi
1339 2749 1650 2805 transitoria
1693 2749 1961 2806 subiectio
1984 2793 1997 2820 ,
2039 2748 2109 2805 ad
2144 2765 2311 2823 quam

720 2837 852 2893 satis
873 2844 956 2894 est
979 2839 1213 2894 actualis
1235 2838 1590 2894 commoratio
1612 2845 1666 2894 et
1688 2840 2011 2910 praesentia,
2042 2838 2173 2895 licet
2192 2839 2313 2896 diu-

720 2931 878 2982 turna
907 2926 1092 2982 sutura
1121 2943 1228 2982 non
1259 2929 1351 2982 sit.
1385 2927 1518 2983 Nam
1547 2929 1695 2983 sicut
1721 2929 1793 2998 is,
1819 2927 1914 2999 qui
1941 2929 2197 2984 transfert
2217 2927 2314 2985 do-

720 3015 976 3071 micilium
1005 3017 1054 3071 in
1088 3015 1326 3088 aliquem
1355 3015 1563 3087 locum,
1592 3030 1658 3073 eo
1687 3016 1804 3087 ipso
1833 3017 1947 3073 vult
1976 3017 2199 3090 obligari
2239 3018 2317 3074 le-

719 3105 880 3176 gibus
901 3103 1007 3160 loci
1031 3112 1433 3177 permanenter,
1449 3105 1529 3160 vel
1555 3120 1618 3160 ex
1641 3107 1994 3180 consequenti
2015 3106 2255 3179 obligatu
2266 3123 2311 3180 r,

657 3199 662 3204 “
718 3194 930 3251 etiamsi
957 3194 1114 3266 nolit3
1145 3196 1220 3251 ita
1257 3195 1351 3267 qui
1391 3195 1591 3250 alicubi
1629 3193 1748 3250 vult
1783 3194 1849 3250 ad
1889 3194 2054 3252 breve
2097 3202 2313 3267 tempus

721 3283 944 3352 morari,
975 3299 1040 3340 eo
1071 3284 1187 3355 ipso
1218 3283 1358 3352 vult,
1390 3290 1486 3338 aut
1515 3283 1648 3340 velle
1677 3283 1837 3340 debet
1865 3284 2024 3341 subdi
2054 3301 2149 3356 pro
2183 3290 2312 3340 tunc

721 3373 966 3444 regimini
995 3373 1136 3429 illius
1168 3372 1272 3429 loci
1299 3372 1480 3444 quoad
1509 3389 1594 3442 ea,
1627 3388 1769 3446 quae
1799 3374 1864 3430 ad
1893 3375 2173 3446 generales
2198 3391 2313 3434 mo-

721 3478 809 3517 res
837 3469 892 3518 et
923 3461 1066 3534 leges
1095 3470 1365 3533 spectant.
1396 3461 1549 3529 Quod
1579 3463 1938 3520 confirmatur
1958 3480 1989 3519 a
2010 3464 2309 3533 contrario3

679 3555 687 3562 “
721 3567 845 3606 nam
881 3551 1060 3606 incola
1088 3551 1374 3607 discedens
1405 3567 1434 3606 a
1463 3552 1732 3608 territorio
1777 3551 1843 3608 ad
1883 3551 2047 3609 breve
2071 3560 2311 3624 tempus,
2380 3573 2387 3578 ·

722 3640 906 3696 statim
944 3657 1041 3710 pro
1069 3640 1256 3697 eodem
1288 3639 1482 3697 desinit
1516 3641 1742 3712 obligari
1783 3640 1994 3714 legibus
2032 3643 2313 3713 territorii,

723 3730 873 3786 iuxta
912 3729 1060 3786 dicta
1087 3731 1266 3800 capite
1292 3729 1665 3800 praecedenti,
1707 3738 1762 3788 et
1789 3739 2190 3803 consequenter
2218 3748 2317 3804 pro

723 3825 856 3874 tunc
889 3819 948 3874 lit
979 3834 1089 3875 non
1120 3817 1374 3890 subditus
1405 3819 1455 3874 in
1487 3827 1636 3891 actu,
1667 3836 1798 3893 ergo
1829 3821 1968 3878 idem
1995 3823 2154 3877 erit-e
2186 3837 2317 3877 con-

722 3907 912 3976 trario,
947 3923 1069 3963 nam
1102 3914 1187 3963 est
1212 3906 1399 3964 eadem
1431 3909 1589 3980 ratio,
1613 3916 1668 3966 et
1689 3911 2229 3982 aequitaspostulat,
2256 3918 2319 3968 ut

727 3997 779 4052 in
811 4003 1050 4070 utroque
1080 4000 1283 4069 paritas
1311 4014 1408 4054 seu
1438 3999 1716 4072 proportio
1747 3985 2030 4057 servetur:

807 4093 864 4145 5.
907 4086 1344 4144 Fundamentum
1385 4091 1686 4145 contrariae
1723 4092 2024 4146 sententiae
2057 4106 2124 4148 ex
2161 4091 2321 4147 dictis

725 4177 966 4233 solutum
990 4185 1092 4248 est,
1119 4179 1195 4233 ita
1216 4179 1356 4232 enim
1380 4184 1656 4234 ostensum
1678 4186 1786 4248 est,
1809 4180 2084 4251 quomodo
2109 4180 2193 4236 hie
2218 4196 2319 4238 nec

723 4266 1030 4324 iuris'dictio
1072 4283 1180 4323 nec
1213 4267 1476 4323 subiectio
1503 4267 1677 4338 desit,
1709 4268 1838 4324 etin
1881 4270 2046 4326 citato
2087 4271 2207 4326 loco
2248 4269 2321 4327 de

727 4358 976 4414 Ceasar.
998 4356 1300 4429 singillatim
1319 4356 1677 4426 ostendimus,
1691 4355 1755 4412 ad
1774 4357 1912 4414 hanc
1937 4357 2319 4431 obligationem

727 4445 984 4502 sufficere
1015 4446 1063 4501 in
1094 4447 1279 4517 primis
1307 4446 1463 4518 quasi
1493 4446 1848 4518 domicilium,
1873 4448 2064 4505 deinde
2085 4451 2213 4506 satis
2234 4465 2319 4506 es-

725 4550 784 4590 se
811 4533 1031 4592 brevem
1061 4551 1274 4591 moram
1302 4535 1609 4607 aliquorum
1633 4535 1865 4607 dierum,
1892 4544 1949 4595 et
1971 4538 2109 4594 hanc
2130 4545 2317 4596 exten-

725 4623 954 4681 dendam
985 4641 1106 4681 esse
1144 4640 1275 4682 cum
1317 4625 1660 4703 proportione
1702 4626 1771 4683 ad
1808 4627 2069 4698 viatores,
2112 4628 2209 4701 qui
2248 4629 2319 4684 ad

725 4714 888 4771 breve
916 4721 1133 4785 tempus
1161 4715 1218 4770 in
1245 4708 1477 4786 hospitio
1505 4722 1918 4773 commorantur
1937 4759 1950 4786 ,
1979 4725 2037 4772 et
2063 4731 2205 4790 quae
2246 4718 2317 4774 ibi

726 4801 962 4859 diximus
989 4802 1056 4859 de
1078 4804 1196 4876 lege
1218 4803 1466 4860 servandi
1496 4805 1657 4876 resta,
1681 4811 1915 4878 possunt
1933 4807 2090 4864 facile
2113 4808 2182 4864 ad
2204 4823 2319 4864 om-

727 4909 822 4949 nes
871 4892 1016 4966 leges
1050 4893 1212 4950 etiam
1254 4894 1436 4950 civiles
1476 4895 1772 4968 applicari,
1810 4895 1877 4951 de
1914 4896 2113 4969 quibus
2150 4899 2314 4953 etiam

729 4982 899 5038 multa
927 4981 1098 5039 obiter
1129 4983 1426 5056 tetigimus.
1459 4983 1612 5040 Addo
1639 4986 1804 5041 etiam
1832 4985 2004 5042 obiter
2025 5029 2039 5056 ,
2070 4985 2317 5043 eamdem

727 5072 1033 5130 doctrinam
1051 5071 1424 5144 applicandam
1439 5089 1559 5131 esse
1582 5071 1647 5130 ad
1669 5075 1949 5148 religiosos
1971 5077 2315 5149 peregrinos,

730 5175 827 5218 seu
859 5160 1100 5242 hospites
1128 5161 1177 5218 in
1206 5161 1321 5218 aliis
1347 5163 1644 5235 provinciis
1664 5207 1679 5236 ,
1707 5164 1790 5222 vel
1818 5163 2097 5238 domibus,
2135 5165 2317 5238 quoad

2172 295 2369 344 mmm
2397 297 2501 344 111.

2372 419 2668 494 peculiaria
2698 425 2899 474 statuta
2929 433 3139 475 earum.
3178 419 3334 487 Quod
3369 417 3491 475 ideo
3528 419 3754 475 adverto
3778 461 3793 488 ,
3837 419 3978 492 quia

2374 510 2538 582 aliqui
2567 509 2848 580 excipiunt
2876 509 3157 581 religiosos
3186 509 3589 582 peregrinantes
3612 510 3679 566 ab
3702 509 3804 566 bac
3829 511 3979 566 obli-

2371 601 2615 672 gatione,
2646 601 2775 672 quia
2802 614 2908 654 non
2938 598 3145 655 habent·
3162 600 3492 656 territorium
3534 601 3815 672 proprium
3843 643 3857 670 ,
3900 615 3979 655 eo

2371 687 2520 761 quod
2549 705 2646 760 per
2668 695 2841 746 totam
2863 687 3163 744 Ecclesiam
3187 695 3366 761 potest
3388 688 3609 746 diffundi
3629 689 3839 762 religio.
3856 688 3976 746 Sed

2373 778 2475 834 hoc
2504 794 2612 835 non
2642 779 2849 848 obstat,
2894 778 3022 852 quia
3059 777 3410 836 nihilominus
3454 786 3685 850 possunt
3722 779 3972 850 religiosi

2370 866 2569 924 habere
2600 883 2697 923 sua
2725 867 2993 924 domicilia
3022 868 3263 939 propria,
3296 875 3619 940 argumento
3650 883 3773 939 cap.
3814 871 3861 925 1.
3894 867 3970 923 de

2373 955 2621 1029 privileg.
2653 959 2706 1012 in
2736 960 2789 1014 6.
2822 957 2892 1012 Et
2921 955 3099 1028 quoad
3130 955 3233 1012 hoc
3262 965 3497 1029 possunt
3523 957 3819 1028 peculiaria
3850 972 3975 1012 mo·

2373 1048 2606 1102 nasteria
2633 1053 2689 1103 et
2729 1048 3042 1117 provinciae
3070 1044 3269 1101 habere
3298 1049 3544 1117 proprias
3573 1047 3974 1114 observantias,

2372 1142 2429 1190 et:
2454 1134 2519 1190 ad
2538 1135 2635 1190 has
2652 1135 2882 1191 dicimus
2898 1133 3123 1206 obligari
3142 1133 3397 1216 advenas,
3411 1134 3674 1208 quamdiu
3696 1134 3787 1191 ubi
3812 1142 3975 1202 sunt,

2375 1232 2589 1283 servata
2619 1226 2986 1298 proportione,
3018 1227 3144 1297 quia
3170 1231 3257 1280 est
3282 1225 3469 1282 eadem
3496 1226 3634 1281 ratio
3652 1267 3666 1294 ,
3697 1225 3977 1302 nisiipsa-

2377 1322 2490 1371 met
2514 1313 2860 1372 consuetudo
2891 1313 3142 1386 religiosa
3179 1313 3411 1386 aliquam
3439 1314 3831 1385 exemptionem
3864 1313 3975 1369 illis

2375 1404 2601 1461 tribuat.

2455 1498 2506 1552 6.
2537 1491 2773 1550 Tandem
2800 1509 2865 1550 ex
2897 1492 3049 1550 dictis
3075 1501 3313 1565 constat,
3337 1511 3443 1550 non
3473 1502 3625 1552 recte
3648 1495 3861 1568 aliquos
3884 1494 3977 1550 dia

2376 1585 2539 1654 xisse,
2570 1584 2737 1652 teneri
2767 1582 3003 1639 advenas
3030 1583 3100 1640 ad
3138 1584 3234 1640 has
3271 1585 3414 1657 leges
3450 1585 3744 1642 servandas
3784 1585 3970 1641 solum

2376 1679 2596 1745 propter
2624 1675 2900 1730 vitandum
2933 1673 3272 1729 scandalum.
3314 1676 3429 1731 Hoc
3469 1677 3611 1731 enim
3642 1690 3829 1731 verum
3858 1681 3973 1730 non'

2375 1769 2479 1832 est,
2511 1761 2643 1818 alias
2671 1770 2918 1818 cessante
2941 1761 3199 1818 scandalo
3220 1805 3233 1832 ,
3260 1779 3324 1819 ac
3352 1779 3450 1835 per
3476 1779 3533 1818 se
3562 1771 3620 1820 et
3646 1764 3697 1820 in
3740 1762 3977 1819 occulto

2376 1867 2482 1906 non
2507 1850 2982 1924 obligarenturhis
3006 1851 3232 1923 legibus.
3252 1853 3549 1910 Dicendum
3567 1868 3701 1926 ergo
3722 1860 3830 1922 est,
3850 1852 3983 1908 licet

2378 1942 2765 1998 interveniente
2806 1941 3007 1998 actuali
3049 1941 3307 1998 scandalo
3346 1949 3562 1999 crescat
3608 1942 3975 1998 accidentaria

2379 2032 2652 2106 obligatio,
2670 2049 2775 2088 non
2799 2039 2977 2092 tamen
3000 2048 3122 2089 esse
3145 2031 3465 2088 scandalum
3484 2032 3761 2104 proprium
3778 2031 3983 2086 sunda-

2378 2129 2497 2179 tum
2524 2122 2889 2195 obligationis,
2920 2121 3012 2178 sed
3045 2122 3111 2178 ad
3142 2138 3416 2178 summum
3454 2136 3575 2178 esse
3612 2123 3973 2178 occasionem

2380 2228 2481 2269 seu
2508 2212 2775 2269 motivum
2794 2255 2807 2281 ,
2831 2210 2977 2282 quod
3010 2210 3371 2282 legislatorem
3394 2218 3577 2267 movet
3608 2210 3673 2267 ad
3700 2207 3979 2266 terendam

2382 2303 2579 2374 legem,
2610 2303 2771 2358 cuius
2800 2300 3054 2373 obligatio
3084 2317 3189 2355 non
3218 2305 3431 2371 cessat,
3471 2301 3682 2356 etiamsi
3721 2299 3769 2356 in
3810 2299 3983 2371 parti·

2379 2392 2555 2450 culari
2584 2397 2766 2448 cesset
2790 2393 3077 2448 motivum.
3110 2392 3269 2447 Sicut
3290 2389 3647 2461 prohibentur
3687 2405 3841 2446 arma
3880 2388 3975 2446 tali
4018 2445 4033 2458 „

2381 2481 2503 2538 loco
2537 2481 2619 2537 vel
2648 2489 2915 2552 tempore,
2948 2486 3013 2537 ut
3039 2480 3276 2536 vitentur
3305 2481 3483 2550 rixae,
3520 2487 3576 2536 et
3616 2479 3978 2552 prohibentur

2381 2571 2609 2649 [eminae
2638 2571 2742 2625 hoc
2772 2569 2852 2624 vel
2885 2568 2973 2624 illo
3004 2569 3162 2625 modo
3192 2571 3404 2638 ornari,
3437 2577 3500 2625 ut
3530 2585 3637 2624 non
3678 2569 3981 2640 praebeant

2382 2659 2737 2729 scandalum,
2776 2664 2833 2714 et
2871 2656 3218 2714 nihilominus
3260 2664 3549 2730 postquam
3589 2656 3737 2730 leges
3768 2657 3980 2728 positae

2382 2757 2533 2818 sunt,
2565 2747 2819 2820 obligatio
2848 2763 2959 2802 non
2986 2753 3070 2802 est
3097 2754 3307 2803 tantum
3337 2746 3609 2818 scandali,
3653 2745 3748 2802 sed
3780 2763 3878 2817 per
3922 2762 3980 2801 se

2384 2839 2592 2895 ratione
2625 2839 2811 2894 talium
2843 2840 3045 2911 legum.
3078 2839 3167 2894 Sic
3194 2853 3326 2910 ergo
3356 2844 3441 2893 est
3468 2837 3517 2892 in
3547 2839 3855 2909 praesenti3
3886 2853 3980 2892 ne-

2383 2929 2612 2984 cessitas
2639 2928 2777 2984 enim
2804 2926 3003 2984 vitandi
3026 2926 3307 2997 scandala,
3334 2935 3392 2984 et
3416 2925 3772 2983 conservandi
3798 2926 3974 2983 bonos

2386 3034 2561 3073 mores
2590 3016 2919 3088 reipublicae
2949 3022 3129 3073 movet
3156 3016 3224 3072 ad
3266 3016 3515 3072 ferendas
3554 3017 3703 3088 leges
3731 3032 3835 3088 pro
3866 3032 3981 3072 om-

2382 3107 2565 3176 nibus,
2596 3107 2689 3180 qui
2721 3107 2771 3161 in
2800 3105 2891 3162 tali
2919 3106 3041 3162 loco
3070 3113 3393 3175 versantur-3
3434 3113 3489 3162 et
3524 3104 3647 3161 ideo
3684 3112 3979 3177 postquam

2382 3197 2467 3253 lex
2494 3203 2580 3252 est
2600 3196 2926 3265 constituta,
2943 3200 3161 3251 tenetur
3180 3193 3385 3250 advena
3406 3194 3479 3250 illi
3500 3193 3857 3264 conformari,
3872 3211 3978 3248 non

2382 3286 2562 3343 solum
2606 3287 2816 3341 ratione
2856 3284 3097 3341 scandali
3142 3283 3374 3354 vitandi,
3414 3286 3511 3340 sed
3551 3283 3711 3340 etiam
3752 3291 3981 3356 propter

2380 3377 2553 3446 ipsam
2582 3373 2756 3448 legem
2783 3381 2839 3430 et
2866 3373 3225 3430 sufficientem
3266 3371 3654 3430 subiectionem
3678 3415 3694 3444 ,
3724 3379 3785 3429 ut
3812 3373 3983 3445 expli-

2384 3472 2571 3520 catum
2598 3471 2701 3519 est.

2464 3556 2516 3612 7.
2548 3553 2653 3609 Sed
2691 3567 2957 3626 quaeres,
2992 3568 3056 3607 an
3086 3552 3258 3625 possit
3286 3552 3412 3608 terri
3440 3552 3525 3608 lex
3552 3568 3652 3624 pro
3690 3550 3875 3624 aliqua
3903 3553 3985 3607 ci-

2386 3645 2578 3713 vitate,
2612 3649 2708 3698 aut
2734 3640 3035 3712 territorio,
3067 3657 3205 3715 quae
3236 3640 3382 3698 solos
3409 3641 3645 3699 advenas
3669 3641 3718 3696 in
3744 3641 3839 3697 illo
3866 3641 3981 3696 exi-

2384 3739 2591 3788 stentes
2634 3729 2858 3802 obliget.
2904 3732 3038 3786 Nam
3076 3731 3265 3786 Innoc.
3298 3731 3351 3786 in
3388 3730 3535 3787 dicto
3572 3747 3698 3803 cap.
3734 3738 3786 3787 A
3812 3730 3982 3787 nobis

2386 3823 2539 3892 dicit,
2560 3819 2723 3877 talem
2747 3820 2920 3893 legem
2946 3837 3051 3876 non
3074 3835 3235 3892 posse
3256 3819 3493 3894 obligare
3514 3822 3864 3894 peregrinos,
3886 3819 3984 3875 sed

2388 3912 2567 3969 solum
2607 3911 2826 3984 quando
2854 3911 3123 3984 generalis
3151 3917 3265 3982 est,
3298 3917 3354 3966 et
3380 3926 3477 3981 per
3505 3927 3563 3967 se
3592 3909 3799 3982 obligat
3825 3912 3983 3966 inco-

2388 4001 2759 4076 las„et.quasi
2788 4000 3226 4056 concomitanter
3246 4000 3582 4071 peregrinos.
3610 4001 3678 4056 Et
3696 3999 3838 4055 sorte
3864 4016 3981 4055 mo-

2387 4099 2479 4147 tus
2519 4097 2635 4160 est,
2667 4089 2794 4161 quia
2834 4095 2968 4144 tunc
2998 4088 3162 4145 habet
3192 4087 3379 4144 locum
3418 4088 3553 4144 ratio
3584 4086 3981 4145 uniformitatis

2387 4188 2443 4238 et
2470 4181 2788 4249 accessorii,
2821 4177 2971 4253 quod
3000 4179 3252 4252 sequitur
3281 4176 3604 4250 principale:
3632 4177 3767 4233 haec
3791 4185 3981 4234 autem

2388 4273 2525 4330 ratio
2564 4285 2669 4326 uon
2710 4268 2874 4324 habet
2912 4267 3128 4336 locum,
3159 4266 3377 4340 quando
3406 4266 3491 4324 lex
3517 4266 3763 4338 loquitur
3793 4267 3863 4322 ad
3892 4283 3983 4322 so·

2390 4361 2469 4418 los
2502 4358 2815 4432 peregrinos
2833 4397 2868 4424 ,.
2886 4357 2978 4429 qui
3010 4373 3107 4427 per
3136 4372 3193 4412 se
3222 4371 3286 4412 ac
3315 4355 3523 4412 directe
3551 4372 3659 4412 non
3686 4364 3821 4412 sunt
3846 4355 3979 4412 sub-

2388 4449 2483 4506 diti
2514 4448 2633 4504 talis
2660 4445 2998 4518 reipublicae
3025 4444 3109 4499 vel
3140 4445 3415 4516 principis.
3448 4443 3815 4500 Nihilominus
3843 4461 3983 4500 con-

2391 4540 2624 4595 trarium
2652 4550 2849 4592 censeo
2878 4550 3091 4606 verum,
3115 4534 3267 4606 quod
3292 4539 3438 4590 tenet
3458 4531 3730 4590 Hostiens.
3754 4533 3855 4604 ibi,
3882 4536 3977 4590 cui

2390 4629 2559 4700 magis
2590 4626 2847 4682 adhaeret
2872 4624 3239 4681 Panormitan.
3266 4631 3320 4680 et
3341 4625 3591 4696 sequitur
3612 4623 3847 4698 sylvest.
3876 4625 3985 4680 Ra-

2390 4719 2464 4774 tio
2488 4724 2673 4773 autem
2696 4720 2781 4771 est
2800 4712 2987 4770 eadem
3010 4728 3140 4768 cum
3165 4713 3515 4783 proportione
3538 4711 3833 4784 applicata;
3852 4729 3984 4769 nam

2389 4806 2456 4863 ad
2484 4807 2691 4862 bonum
2722 4804 2959 4859 civitatis
2987 4801 3072 4857 vel
3103 4801 3431 4874 reipublicae
3459 4807 3681 4872 spectat
3702 4801 3979 4866 ordinare,

2390 4893 2666 4969 quomodo
2692 4892 2957 4965 peregrini
2981 4906 3038 4946 se
3061 4891 3129 4947 ibi
3152 4907 3342 4963 gerere
3366 4888 3616 4962 debeant,
3631 4897 3686 4947 et
3707 4898 3979 4962 statuere,

2390 5000 2530 5059 quae
2570 4983 2633 5040 ad
2665 4983 2809 5039 hunc
2840 4982 2997 5038 tinem
3028 4981 3333 5037 necessaria
3362 4975 3600 5047 sueri'nt,
3631 4979 3835 5052 alioqui
3866 4997 3978 5046 non

2388 5076 2582 5132 suisset
2619 5072 2956 5129 sufficienter
2984 5073 3267 5142 provisum
3304 5069 3670 5142 reipublicae,
3715 5085 3817 5126 nec
3856 5071 3982 5127 talis

2390 5170 2632 5238 potestas
2670 5177 2793 5220 esse
2826 5167 3009 5235 potest
3044 5162 3099 5218 in
3140 5161 3265 5234 alio,
3296 5175 3459 5234 quam
3487 5160 3537 5216 in
3568 5159 3713 5232 ipsa,
3746 5161 3833 5218 vel
3859 5161 3983 5220 eius
