4325 6267
1744 320 1954 369 CAPUT
1982 322 2101 369 vll.

290 447 401 503 ctio
447 454 534 504 est
572 449 714 504 iuter
756 446 998 504 habitum
1041 436 1433 519 principiorum
1476 452 1531 503 et
1570 443 1881 502 conclusio·

286 552 443 593 num.
481 534 769 605 Secundo,
800 536 927 609 quia
951 538 1037 593 ius
1065 534 1229 609 illud,
1262 533 1409 609 quod
1448 542 1702 593 versatur
1728 536 1883 589 circa

286 626 459 697 prima
503 626 767 699 principia
794 666 811 693 ‚
852 632 949 683 est·
977 641 1203 697 prorsus
1243 624 1583 683 immutabile
1610 666 1625 695 ,
1670 631 1781 681 tam
1816 638 1883 679 ex

286 724 441 787 parte
484 732 614 784 sua,
646 731 813 789 quam
841 731 908 772 ex
939 722 1089 788 parte
1116 716 1395 773 hominum
1421 755 1436 784 ‚
1481 716 1607 788 quia
1649 714 1885 787 ignorari

284 821 393 862 non
432 812 645 877 potest3
678 804 811 862 illud
841 812 1059 876 autem,
1102 805 1249 877 quod
1290 810 1541 861 versatur
1568 806 1718 860 circa
1754 818 1886 859 con-

281 894 591 965 clusiones,
626 894 827 952 mutari
856 899 1074 965 potest,
1116 901 1173 951 et
1208 895 1466 967 ignorari.
1499 892 1677 950 Tertio
1702 933 1717 961 ,
1754 893 1883 965 quia

283 984 419 1040 alias
458 986 625 1042 etiam
653 991 815 1043 actus
844 984 1140 1050 virtutum,
1170 999 1314 1057 quos
1344 984 1689 1056 praecipiunt
1711 982 1884 1039 homi-

282 1088 405 1141 nes,
442 1076 777 1143 pertinerent
804 1070 871 1130 ad
901 1072 1077 1146 legem
1108 1080 1360 1142 naturae,
1388 1074 1515 1146 quia
1544 1088 1641 1144 per
1669 1072 1887 1129 discur-

285 1179 411 1221 sum
453 1178 520 1220 ex
551 1162 637 1219 illa
664 1163 985 1219 eliciuntur.
1017 1163 1225 1230 Quarto
1252 1204 1268 1233 ,
1312 1164 1443 1235 quia
1486 1161 1617 1219 alias
1658 1176 1767 1218 non
1807 1162 1885 1219 di-

288 1255 667 1326 stingueretur
692 1254 777 1309 ius
807 1252 1046 1326 gentium
1076 1269 1107 1309 a
1136 1250 1253 1309 iure
1292 1252 1531 1310 naturali
1556 1292 1573 1322 ,
1612 1252 1710 1309 sed
1740 1251 1885 1309 illius

286 1359 417 1413 pars
448 1349 631 1415 esset,
663 1342 745 1400 vel
780 1342 883 1399 sub
914 1342 1003 1399 illo
1032 1342 1427 1399 contineretur.

372 1437 429 1490 3.
461 1430 822 1488 Nihilominus
849 1431 1142 1489 dicendum
1170 1439 1257 1489 est
1281 1474 1296 1504 ,
1338 1432 1423 1487 ius
1460 1433 1706 1489 naturale
1734 1447 1886 1489 com-

292 1522 463 1596 plecti
488 1524 668 1579 omnia
699 1529 993 1595 praecepta·
1020 1538 1117 1579 seu
1147 1522 1416 1595 principia
1455 1522 1714 1592 moralia,
1746 1536 1887 1595 quae

290 1612 599 1670 evidentem
630 1611 830 1669 habent
859 1612 1199 1669 honestatem
1228 1612 1595 1669 necessariam
1623 1612 1689 1667 ad
1722 1612 1890 1668 recti-

288 1700 533 1757 tudinem
564 1717 811 1769 morum,
844 1702 913 1757 ita
945 1708 1007 1758 ut
1036 1703 1288 1773 opposita
1327 1701 1586 1757 moralem
1616 1700 1887 1758 inordina-

290 1792 495 1847 tionem
512 1830 527 1859 ,
560 1806 657 1848 seu
680 1790 945 1847 malitiam·
969 1790 1251 1848 evidenter
1272 1792 1777 1848 contineant-Haec
1806 1798 1891 1849 est

289 1896 444 1937 mens
473 1878 531 1936 d.
564 1878 800 1937 Thomae
827 1894 883 1952 q.
915 1883 1021 1950 91,
1051 1885 1154 1936 art.
1187 1884 1217 1937 2
1246 1923 1260 1951 ,
1290 1895 1347 1952 q.
1379 1883 1473 1950 94,
1504 1886 1609 1937 art.
1642 1885 1673 1937 2
1698 1920 1713 1951 ,
1745 1888 1801 1937 et
1827 1884 1885 1953 4,

290 1987 348 2043 q.
372 1974 468 2042 95,
492 1976 595 2025 art.
613 1975 671 2039 2,
691 1976 746 2025 et
766 1985 821 2042 q.
851 1973 975 2041 100,
1000 1977 1103 2027 art.
1136 1975 1183 2037 1,
1210 1974 1269 2040 2,
1290 1976 1349 2027 et
1372 1976 1426 2041 3,
1455 1970 1544 2027 ubi
1570 1971 1882 2040 caietanus,

292 2060 521 2117 Contad.
552 2058 715 2117 etalii
744 2062 1087 2131 expositores
1110 2058 1251 2117 idem
1273 2062 1541 2132 sentiunt,
1557 2062 1687 2117 Soto
1709 2061 1800 2117 lib.
1835 2067 1883 2119 1.

289 2148 365 2207 de
390 2152 581 2205 instit.
612 2166 667 2223 q.
701 2154 733 2206 4
756 2190 771 2219 ,
802 2156 908 2205 art.
936 2154 1000 2221 2,
1031 2153 1085 2204 et
1113 2164 1169 2221 q.
1198 2154 1254 2220 5,
1280 2154 1385 2205 art.
1423 2158 1475 2221 1,
1498 2155 1639 2221 et2,
1669 2156 1727 2206 et
1754 2149 1889 2207 libro

294 2243 327 2295 3
347 2280 361 2305 ,
391 2254 450 2311 q.
488 2242 509 2295 t
538 2278 553 2309 ,
584 2246 691 2313 art.
724 2243 754 2295 2
775 2278 791 2309 ,
820 2244 879 2295 et
906 2242 970 2309 33
999 2244 1056 2293 et
1081 2236 1223 2295 idem
1251 2238 1489 2295 sumitur
1526 2254 1591 2295 ex
1618 2238 1887 2313 theologis

290 2330 349 2383 in
378 2328 725 2399 praecedenti
756 2344 880 2399 cap.
909 2327 1189 2400 allegatis,
1221 2333 1278 2385 et
1302 2344 1369 2385 ex
1394 2329 1652 2386 Turrecr.
1684 2330 1739 2385 in
1758 2345 1883 2401 cap.

293 2420 398 2473 Ius
426 2422 659 2479 autem,
693 2419 753 2474 d.
790 2421 847 2485 1,
880 2432 976 2488 per
1004 2416 1188 2489 plures
1228 2418 1522 2491 articulos,
1564 2421 1887 2492 praesertim

294 2508 347 2563 in
368 2508 569 2580 primo,
594 2514 650 2564 et
672 2507 883 2573 ultimo,
908 2521 975 2563 ex
995 2508 1219 2563 Covarr.
1244 2507 1299 2563 in
1331 2506 1521 2581 regula
1540 2510 1881 2575 Peccatum,

298 2602 357 2655 2.
388 2614 443 2670 p.
475 2604 509 2663 s
546 2604 641 2669 tt,
672 2613 729 2653 n.
763 2600 817 2654 4.
850 2597 984 2652 Item
1014 2597 1254 2653 sumitur
1277 2612 1345 2655 ex
1372 2597 1541 2655 Arist.
1591 2602 1641 2654 5.
1692 2599 1881 2659 Echio.

293 2704 417 2761 cap.
458 2692 512 2759 7,
545 2688 635 2746 ubi
664 2703 821 2745 omne
846 2689 933 2743 ius
962 2686 1015 2742 in
1058 2686 1307 2743 naturale
1332 2727 1347 2756 ,
1387 2694 1443 2745 et
1482 2687 1783 2760 legitimum
1812 2688 1889 2745 di-

296 2779 528 2852 stinguit
554 2820 569 2849 ,
614 2777 717 2834 sub
757 2776 991 2834 naturali
1032 2776 1499 2849 comprehendens
1540 2793 1700 2834 omne
1726 2777 1882 2845 illud,

294 2868 446 2942 quod
486 2868 849 2927 necessariam
888 2875 945 2924 et
980 2868 1366 2925 immutabilem
1390 2867 1552 2924 habet
1579 2867 1882 2925 veritatem.

295 2957 612 3030 Eademque
642 2965 728 3014 est
754 2960 1023 3013 sententia
1050 2956 1327 3015 Ciceronis
1356 2955 1444 3012 lib.
1476 2962 1532 3013 2.
1564 2954 1636 3012 de
1664 2959 1883 3013 Invent.

296 3050 388 3106 ubi
415 3049 621 3119 definit,
647 3048 731 3104 ius
757 3054 983 3105 naturae
1006 3062 1129 3103 esse
1155 3044 1314 3119 quod
1343 3046 1506 3103 nobis
1524 3062 1645 3102 non
1664 3048 1879 3119 optate,

295 3137 399 3196 sed
432 3137 734 3211 quaedam
770 3141 988 3195 tristata
1022 3140 1111 3194 vis
1152 3134 1338 3208 affert
1358 3179 1374 3202 ,
1409 3140 1475 3192 ut
1514 3134 1877 3209 reliyionem,

292 3232 599 3303 pietatem,
636 3232 745 3283 etc.
778 3226 926 3283 idem
953 3228 1123 3281 sensit
1150 3224 1341 3282 isidor.
1377 3232 1429 3283 5.
1462 3216 1725 3299 Et'ymol.
1758 3232 1881 3296 cap.

300 3324 332 3375 3
354 3360 369 3389 ,
402 3318 493 3373 ubi
520 3317 639 3373 aliis
664 3316 927 3387 exemplis
956 3316 1039 3371 ius
1060 3314 1309 3372 naturale
1330 3314 1595 3372 declarat.
1620 3316 1757 3372 item
1776 3316 1887 3371 Au-

296 3407 550 3479 gustinus
586 3406 677 3461 lib.
706 3403 839 3462 t.de
872 3403 1053 3461 libero
1081 3404 1346 3472 arbitrio,
1378 3419 1500 3476 cap.
1538 3410 1595 3475 3,
1618 3410 1889 3478 quatenus

299 3494 628 3553 adulterium
657 3494 834 3567 ponit,
864 3510 985 3551 esse
1022 3501 1219 3551 contra
1246 3495 1334 3549 ius
1362 3500 1621 3565 naturae3
1655 3510 1777 3551 nam
1800 3509 1891 3550 ea·

298 3587 421 3642 dem
460 3586 607 3642 ratio
647 3590 731 3641 est
767 3583 835 3641 de
874 3584 1125 3640 omnibus
1164 3582 1447 3640 similibus.
1480 3585 1720 3656 Denique
1746 3584 1891 3639 sumi

298 3678 403 3733 hoc
434 3682 621 3749 potest
647 3690 715 3731 ex
740 3674 831 3732 illo
860 3673 1049 3747 psalmi
1077 3677 1131 3733 4:
1172 3674 1587 3750 Quisostendit
1606 3672 1770 3731 nobis
1796 3672 1893 3729 bo·

298 3768 423 3824 na?
457 3768 775 3839 Siqua-tum
811 3770 897 3822 est
930 3780 1107 3840 super
1146 3779 1252 3820 nos
1292 3762 1493 3820 lumen
1528 3762 1731 3836 vultus
1770 3767 1881 3831 tui,

304 3861 571 3917 Domine.
604 3858 740 3912 Nam
770 3854 891 3911 inde
931 3860 1079 3911 recte
1118 3854 1429 3927 colligimus
1451 3896 1467 3927 ,
1510 3855 1721 3921 omnia,
1751 3867 1891 3928 quae

300 3948 488 4005 lumen
518 3945 765 4003 naturale
800 3943 1077 4001 evidenter
1118 3943 1463 4016 manifestat,
1508 3943 1778 4015 pertinere
1820 3940 1889 3998 ad

302 4037 477 4111 legem
508 4038 756 4093 naturaei
789 4037 857 4091 Et
883 4034 1191 4091 confirmari
1222 4039 1397 4105 potest
1422 4049 1486 4089 ex
1530 4033 1619 4089 illo
1648 4034 1795 4090 Pauli
1825 4032 1889 4089 ad

302 4129 531 4185 Roman.
558 4131 621 4183 ⁴2:
658 4128 881 4189 Gentes,
915 4138 1066 4196 quae
1094 4120 1277 4196 leyem
1299 4138 1415 4179 uon
1438 4123 1675 4191 habent,
1713 4127 1891 4180 natu·

300 4216 514 4274 rer-liter
540 4231 641 4282 ea,
678 4228 831 4287 quae
857 4210 1001 4286 legis
1028 4215 1191 4277 sunt,
1222 4210 1491 4284 faciunt.
1527 4211 1675 4269 Unde
1704 4210 1886 4280 insert,

302 4325 397 4365 eos
424 4308 525 4363 sibi
556 4306 687 4379 ipsis
714 4320 835 4361 esse
863 4304 1067 4377 legem3
1099 4302 1191 4359 illa
1210 4310 1417 4375 autem,
1447 4316 1587 4374 quae
1615 4301 1893 4359 evidenter

302 4403 721 4471 cognoscuntur
744 4393 947 4451 lumine
982 4400 1209 4449 naturae
1232 4432 1249 4463 ,
1294 4392 1405 4448 sive
1443 4406 1573 4448 cum
1612 4390 1889 4463 discursu,

302 4491 413 4544 sive
444 4487 651 4559 absque
676 4484 767 4541 illo
794 4488 1203 4555 cognoscantur
1224 4524 1239 4553 ,
1268 4488 1418 4538 recte
1446 4480 1707 4537 dicuntur
1732 4488 1891 4537 natu·

292 4577 493 4639 taliter
518 4574 663 4646 fieri;
694 4589 849 4647 ergo.

382 4670 439 4724 4.
468 4664 691 4722 Ratione
712 4662 874 4719 etiam
892 4659 1209 4720 declaratur
1235 4661 1486 4731 asserti03
1512 4674 1635 4715 nam
1656 4675 1739 4731 ea,
1755 4656 1895 4733 quae

304 4754 541 4812 naturali
566 4754 778 4809 ratione
804 4756 1256 4822 cognoscuntur,
1287 4750 1344 4805 in
1369 4748 1564 4821 triplici
1591 4764 1790 4822 genere
1818 4747 1895 4804 di·

307 4845 511 4918 stingui
537 4846 771 4915 possunt
796 4862 811 4913 3
852 4838 1123 4913 quaedam
1152 4845 1282 4896 sunt
1306 4837 1477 4909 prima
1514 4838 1780 4910 principia
1805 4853 1896 4912 ge-

308 4934 515 4991 neralia
543 4946 761 4988 morum
788 4971 803 5004 ,
837 4936 901 4986 ut
927 4934 1059 4985 sunt
1085 4928 1203 4985 illa:
1227 4928 1533 4985 honestum
1564 4925 1897 4999 estfacien·

309 5022 487 5083 dum:
509 5036 771 5095 pravum
796 5016 1111 5076 vitandum
1122 5035 1145 5085 ,·
1173 5014 1329 5091 quod
1348 5014 1455 5074 tibi
1465 5014 1615 5089 fieri
1637 5032 1757 5073 non
1781 5019 1889 5078 vis,

310 5111 489 5170 alteri
515 5126 587 5168 ne
598 5107 819 5183 seceris
841 5152 857 5175 ,
897 5113 952 5164 et
976 5106 1197 5179 similia,
1237 5105 1305 5164 de
1332 5105 1415 5162 his
1440 5103 1653 5162 nullum
1682 5112 1768 5162 est
1792 5105 1897 5163 du·

311 5201 485 5274 bium,
514 5199 785 5273 pertinere
812 5194 883 5253 ad
910 5197 1081 5269 legem
1104 5194 1437 5267 naturalem3
1470 5194 1571 5251 alia
1591 5202 1721 5252 sunt
1748 5196 1895 5267 prin-

468 5308 664 5360 sumz.
685 5308 745 5353 nc
763 5306 942 5362 mum
956 5328 1007 5337 —
1021 5304 1125 5347 rm
1142 5304 1177 5349 1.

3345 303 3467 365 105

2175 408 2187 448 i

1953 445 2093 516 cipia
2122 445 2292 521 magis
2322 445 2678 504 determinata
2704 450 2759 502 et
2785 445 3349 518 particularia,tamen
3377 445 3540 503 etiam

1953 550 2048 606 per
2076 551 2133 590 se
2165 540 2294 592 nota
2321 552 2384 593 ex
2417 537 2660 593 terminis
2680 578 2696 605 ,
2727 542 2791 593 ut
2826 538 3063 593 iustitia
3088 538 3174 592 est
3211 533 3538 605 servantum

1951 628 2113 681 Deus
2133 629 2222 681 est
2245 623 2550 693 colendus;
2573 630 2894 699 temperate
2919 622 3232 682 vivendum
3254 629 3358 691 est,
3385 631 3443 681 et
3463 625 3536 681 si-

1952 713 2093 770 milia
2110 754 2123 781 ‚
2148 712 2217 771 de
2237 712 2446 788 'quibus
2466 716 2627 772 etiam
2668 714 2817 772 nulla
2844 714 3256 789 esudubitatio,
3285 722 3342 772 et
3368 731 3401 771 a
3431 714 3539 771 sor-

1953 803 2079 860 tiori
2117 804 2322 875 patebit
2359 821 2422 861 ex
2463 804 2730 862 dicendis.
2775 808 2833 862 ln
2877 809 3040 864 tertio
3069 806 3256 863 ordine
3285 808 3540 878 ponimus

1952 891 2362 964 conclusiones,
2381 909 2520 967 quae
2549 910 2647 965 per
2673 893 2974 951 evidentem
2994 896 3290 952 illationem
3312 912 3378 953 ex
3401 897 3544 967 prin-

1955 982 2113 1054 cipiis
2140 983 2484 1039 naturalibus
2511 983 2840 1056 inseruntur,
2863 990 2922 1040 et
2945 1000 3052 1040 non
3083 985 3179 1040 nisi
3202 1000 3300 1056 per
3327 984 3544 1043 discur-

1954 1087 2079 1127 sum
2108 1072 2372 1143 cognosci
2403 1078 2664 1143 possunt3
2705 1073 2841 1128 inter
2868 1088 3006 1146 quas
3034 1072 3301 1145 quaedam
3332 1073 3541 1130 facilius

1953 1166 2010 1217 et
2030 1176 2059 1216 a
2089 1160 2340 1232 pluribus
2359 1167 2806 1233 cognoscuntur,
2840 1168 2901 1217 ut
2927 1161 3278 1233 adulterium,
3305 1162 3539 1232 furtum,

1954 1256 2008 1308 et
2035 1251 2226 1308 similia
2255 1266 2425 1323 prava
2450 1266 2603 1318 esse3
2629 1250 2764 1308 aliae
2787 1251 2978 1307 maiori
2998 1250 3239 1325 indigent
3259 1251 3537 1321 discursu,

1953 1347 2011 1397 et
2038 1356 2147 1397 non
2179 1338 2337 1397 facile
2366 1341 2619 1396 omnibus
2648 1348 2835 1412 notae,
2866 1348 2930 1398 ut
2968 1340 3388 1398 fornicationem
3423 1358 3544 1399 esse

1954 1428 2240 1487 intrinsece
2269 1428 2490 1500 malam,
2509 1445 2737 1487 usuram
2758 1446 2878 1487 esse
2901 1430 3180 1500 iniustam,
3205 1430 3545 1487 mendacium

1955 1534 2236 1592 nunquam
2269 1534 2432 1591 posse
2475 1518 2790 1591 honestari,
2827 1526 2883 1577 et
2921 1520 3134 1577 similia.
3179 1523 3252 1577 De
3295 1522 3378 1578 his
3415 1538 3546 1596 ergo

1957 1608 2209 1664 omnibus
2238 1607 2556 1681 intelligitur
2583 1610 2808 1665 assertio
2829 1610 3026 1683 posita,
3055 1626 3179 1668 nam
3203 1613 3384 1667 omnia
3412 1612 3545 1667 haec

1957 1698 2023 1755 ad
2052 1698 2225 1772 legem
2253 1700 2561 1757 naturalem
2589 1702 2878 1771 pertinent.
2919 1700 3077 1768 Quod
3105 1702 3148 1757 si
3179 1699 3229 1757 id
3257 1701 3546 1772 probatum

1957 1788 2160 1860 suerit,
2191 1791 2354 1846 etiam
2397 1788 2463 1845 de
2500 1790 2946 1848 conclusionibus
2985 1792 3388 1867 cuiuscumque
3419 1808 3544 1864 gra-

1956 1877 2093 1950 dus,
2123 1877 2424 1935 dummodo
2450 1879 2750 1937 evidentiae
2771 1880 3004 1953 gradum
3017 1888 3228 1939 certum
3253 1884 3544 1955 attingant,

1958 1983 1988 2024 a
2015 1968 2225 2025 fortiori
2253 1970 2357 2025 erit
2383 1969 2674 2041 probatum
2705 1969 2770 2025 de
2800 1970 3041 2044 reliquis.

2034 2048 2304 2113 Probatur
2331 2072 2464 2129 ergo
2493 2057 2669 2129 primo
2696 2058 3010 2116 inductione
3035 2079 3061 2131 ς.
3093 2076 3215 2117 nam
3251 2070 3545 2135 praecepta

1960 2146 2213 2221 Decalogi
2244 2155 2374 2204 sunt
2399 2147 2466 2203 de
2491 2150 2609 2204 iure
2653 2154 2919 2223 naturae,
2960 2156 3024 2206 ut
3060 2156 3147 2207 est
3185 2149 3546 2209 indubitatum

1958 2237 2102 2310 apud
2137 2252 2358 2311 omnes,
2386 2243 2444 2294 et
2469 2244 2650 2294 tamen
2677 2254 2785 2295 non
2827 2241 3004 2296 omnia
3033 2243 3316 2298 continent
3342 2242 3543 2313 princi·

1958 2328 2041 2401 pia
2084 2342 2184 2399 per
2213 2342 2272 2383 se
2308 2334 2434 2383 nota
2463 2367 2478 2400 ,
2523 2326 2616 2384 sed
2645 2327 2825 2401 aliqua
2861 2328 3103 2403 indigent
3138 2328 3393 2387 discursu
3421 2371 3436 2402 ,
3483 2338 3546 2387 ut

1956 2417 2118 2473 etiam
2142 2422 2230 2473 est
2253 2416 2486 2473 clarum.
2519 2416 2798 2491 Multoque
2825 2418 2880 2474 id
2907 2418 3113 2475 clarius
3149 2427 3235 2476 est
3267 2419 3333 2477 de
3361 2421 3544 2477 multis

1958 2507 2266 2578 praeceptis
2295 2506 2666 2578 naturalibus,
2698 2522 2840 2580 quae
2866 2508 2916 2563 in
2945 2507 3048 2566 illis
3070 2510 3453 2582 continentur,
3483 2516 3546 2567 ut

1956 2604 2043 2653 est
2070 2603 2427 2669 praeceptum
2455 2596 2752 2669 prohibens
2782 2597 3083 2671 simplicem
3113 2600 3542 2672 fornicationem,

1958 2685 2043 2742 vel
2072 2701 2332 2757 usuram,
2356 2684 2443 2743 vel
2473 2686 2766 2744 vindictam
2786 2686 2854 2744 de
2874 2689 3090 2745 inimico
3117 2690 3336 2762 propria
3355 2696 3546 2747 aucto·

1960 2776 2152 2848 ritate,
2183 2775 2251 2833 de
2281 2776 2479 2849 quibus
2521 2778 2826 2834 secundum
2867 2778 3178 2836 doctrinam
3217 2780 3550 2837 catholicam

1959 2872 2174 2922 certum
2213 2875 2343 2937 est,
2383 2882 2504 2923 esse
2543 2865 2610 2923 de
2651 2869 2772 2923 iure
2811 2869 3065 2926 naturali.
3097 2870 3168 2926 Et
3207 2869 3450 2927 similiter
3489 2870 3542 2925 in

1958 2956 2260 3027 praeceptis
2287 2956 2655 3029 affirmativis,
2686 2972 2907 3015 servare
2937 2965 3124 3017 votum
3151 3002 3168 3031 ,
3201 2960 3283 3017 vel
3313 2963 3545 3032 promis-

1958 3047 2198 3118 sionem,
2229 3045 2359 3103 dare
2385 3047 2786 3122 eleemosynam
2812 3063 2876 3105 ex
2914 3050 3193 3122 superfluo
3219 3092 3234 3121 ,
3275 3050 3546 3107 honorare

1960 3140 2211 3206 parentes
2242 3177 2256 3205 ,
2297 3136 2562 3191 naturalia
2601 3145 2894 3209 praecepta
2933 3146 3064 3195 sunt
3104 3155 3208 3195 non
3251 3139 3430 3196 solum
3460 3156 3544 3195 se-

1956 3222 2206 3280 cundum
2231 3222 2414 3295 fidem,
2442 3225 2539 3282 sed
2565 3226 2729 3284 etiam
2755 3227 3060 3285 secundum
3083 3228 3455 3301 philosophos,
3484 3236 3544 3285 et

1958 3327 2148 3369 omnes
2181 3319 2332 3369 recte
2361 3315 2749 3387 sentientes3et
2775 3321 2952 3374 tamen
2979 3334 3084 3374 uon
3110 3319 3226 3375 sine
3254 3318 3536 3392 discursu,

1959 3409 2015 3460 et
2044 3400 2527 3459 interdummulta
2553 3404 2960 3477 ratiocinatione
2981 3406 3412 3465 concluduntur.
3445 3411 3539 3465 Se-

1958 3492 2145 3550 cundo
2175 3500 2528 3565 argumentor
2552 3496 2784 3569 ratione3
2818 3496 2946 3570 quia
2973 3496 3154 3554 omnia
3171 3496 3289 3569 illa,
3318 3514 3459 3571 quae
3489 3500 3543 3555 in

1956 3583 2064 3640 illis
2092 3582 2346 3649 membris
2369 3583 2934 3658 comprehenduntur,
2959 3588 3391 3662 praecipiuntur,
3416 3590 3541 3663 quia

1962 3673 2188 3730 honesta
2217 3678 2377 3735 sunt,
2409 3673 2492 3729 vel
2522 3674 2876 3744 prohibentur
2901 3720 2915 3745 ,
2955 3678 3082 3751 quia
3112 3678 3252 3735 mala
3279 3690 3446 3753 sunt,
3487 3686 3544 3740 et

1960 3778 2067 3819 non
2093 3777 2124 3818 e
2146 3777 2436 3834 convers03
2461 3776 2595 3835 ergo
2624 3762 2712 3819 illa
2733 3780 2838 3820 non
2869 3768 3139 3835 pertinent
3163 3767 3229 3824 ad
3251 3768 3424 3841 legem
3448 3786 3546 3842 po·

1960 3851 2197 3921 sitivam,
2215 3852 2346 3924 ergo
2371 3848 2437 3906 ad
2463 3852 2785 3925 naturalem3
2811 3869 2922 3909 non
2939 3856 3078 3912 enim
3105 3862 3189 3913 est
3209 3856 3355 3914 aliud
3378 3874 3547 3916 mem-

1960 3941 2121 3998 brum
2148 3939 2305 4013 legis,
2339 3948 2586 4012 utsupra
2615 3943 2814 3998 notavi.
2840 3943 3016 4001 Prima
3037 3951 3432 4021 consequentia
3451 3966 3544 4022 pa-

1960 4036 2065 4100 tet,
2090 4032 2219 4104 quia
2245 4030 2335 4088 illa
2360 4038 2448 4087 est
2475 4032 2688 4103 proprie
2717 4032 2799 4089 lex
2828 4036 3081 4107 positiva,
3111 4052 3253 4109 quae
3281 4038 3432 4096 addit
3452 4056 3546 4098 ne-

1961 4122 2268 4177 cessitatem
2305 4127 2518 4191 praeter
2552 4120 2641 4193 id,
2673 4122 2820 4196 quod
2846 4125 3089 4195 postulat
3117 4127 3417 4185 intrinseca
3449 4145 3542 4185 na·

1964 4214 2089 4265 tura
2119 4208 2404 4277 materiae3
2436 4224 2597 4281 nam,
2631 4218 2692 4267 ut
2711 4209 2841 4273 dixit
2873 4214 3218 4286 Aristoteles,
3244 4216 3326 4273 lex
3356 4219 3540 4289 positi·

1963 4314 2029 4355 va
2054 4305 2142 4355 est
2168 4298 2235 4355 de
2264 4297 2348 4354 his
2377 4298 2544 4355 rebus
2563 4340 2578 4369 ,
2609 4314 2748 4372 quse
2777 4318 2882 4357 non
2913 4305 3185 4379 referunt,
3221 4308 3541 4382 priusquam

1961 4388 2050 4446 lex
2075 4394 2328 4461 ponatur.
2360 4388 2703 4446 Antecedens
2741 4396 2921 4448 autem
2961 4400 3108 4465 patet
3134 4437 3149 4463 ,
3191 4397 3319 4470 quia
3347 4379 3544 4455 veritas

1962 4480 2209 4552 principii
2235 4488 2340 4535 non
2371 4485 2548 4550 potest
2576 4487 2720 4536 stare
2749 4482 2860 4537 sine
2891 4485 3118 4542 veritate
3145 4487 3540 4562 conclusionis,

1962 4568 2182 4642 quando
2210 4568 2300 4625 illa
2329 4568 2634 4625 necessario
2663 4568 2907 4643 elicitur3
2941 4578 2998 4627 et
3023 4570 3142 4629 ideo
3167 4576 3210 4630 si
3231 4576 3542 4651 conclusio,

1963 4659 2234 4730 pertinens
2257 4658 2323 4715 ad
2343 4657 2704 4728 honestatem,
2722 4662 3032 4716 necessario
3050 4666 3299 4736 sequitur
3312 4682 3376 4722 ex
3400 4668 3546 4739 prin-

1962 4748 2121 4821 cipiis
2149 4754 2374 4805 naturae
2402 4763 2499 4821 per
2527 4765 2584 4804 se
2609 4755 2668 4805 et
2709 4747 2778 4804 ab
2801 4750 3096 4807 intrinseco
3122 4792 3136 4823 ,
3182 4753 3340 4811 habet
3378 4756 3547 4813 hone-

1963 4843 2191 4909 statem,
2219 4838 2380 4895 etiam
2409 4838 2626 4895 seclusa
2656 4838 2772 4910 lege
2794 4842 3131 4913 extrinseca3
3163 4860 3293 4917 ergo
3322 4846 3366 4901 si
3395 4848 3548 4904 adhi-

1964 4928 2125 4985 betur
2152 4927 2260 4998 lex‚
2292 4926 2409 4985 ideo
2435 4935 2543 5000 est,
2567 4930 2696 5002 quia
2722 4928 2854 4986 illud
2882 4930 3156 4989 obiectum
3183 4940 3546 4995 necessariam

1964 5015 2127 5075 habet
2154 5017 2496 5075 honestatem
2519 5058 2536 5090 ,
2565 5025 2625 5076 et
2650 5017 2793 5077 idem
2820 5025 2906 5077 est
2933 5035 2963 5077 e
2991 5026 3267 5081 contrario
3297 5025 3363 5084 de
3393 5029 3544 5085 mali-

1964 5108 2035 5164 tia
2062 5113 2120 5163 et
2138 5106 2515 5179 prohibitione.

2038 5196 2252 5268 Tertio,
2284 5194 2350 5254 de
2378 5196 2568 5267 primis
2593 5198 2937 5271 generalibus
2967 5200 3240 5273 principiis
3263 5217 3417 5259 nemo
3446 5204 3547 5263 du-

3035 5304 3087 5347 u
