4325 6267
771 353 894 416 174

688 497 909 568 qratis,
946 493 1221 566 eleganter
1248 490 1554 563 expendens
1591 490 1913 561 particulam
1959 488 2103 545 illam
2130 504 2270 562 qra-

689 587 792 650 tis,
829 583 928 652 ait,
960 582 1002 637 si
1040 580 1373 653 evangelium
1410 595 1504 635 eos
1544 581 1658 635 suis
1686 581 1867 653 regnis
1896 578 2167 650 privaret,
2199 578 2280 631 vi·

688 672 805 728 deri
834 676 1055 743 possent
1082 686 1189 724 non
1218 670 1385 741 gratis
1402 711 1416 738 ,
1444 683 1541 725 nec
1567 670 1679 725 sine
1704 667 1988 724 occasione
2017 681 2275 737 persecu-

690 763 865 817 tiones
894 765 1086 816 contra
1116 758 1247 815 illud
1277 758 1576 829 excitasse,
1610 774 1755 814 nunc
1785 764 1965 815 autem
1995 772 2119 812 vere
2148 772 2273 828 gra-

688 852 792 920 tis,
822 850 952 922 quia
988 865 1091 905 non
1132 848 1293 919 eripit
1320 848 1596 915 mortalia,
1627 851 1719 921 qui
1757 864 1923 921 regna
1963 847 2054 904 dat
2092 844 2267 902 caele·

690 940 814 995 stia.
845 938 997 995 Unde
1026 952 1155 994 cum
1197 937 1489 1010 prophetae
1531 937 1949 1009 praedixerunt,
1979 952 2134 1009 reges
2167 942 2272 991 ter-

688 1044 779 1085 rae
814 1027 878 1085 ad
906 1027 1183 1085 Christum
1213 1028 1609 1084 convertendos
1639 1028 1835 1097 l'uisse,
1868 1034 1929 1083 ut
1954 1028 2077 1083 lsai.
2104 1028 2197 1083 ⁴9.
2221 1031 2281 1081 et

690 1122 791 1183 60,
836 1134 943 1183 non
987 1117 1393 1190 significarunt,
1446 1119 1747 1172 amissuros
1788 1115 1951 1171 fuisse
1988 1131 2187 1187 regna,
2215 1130 2281 1171 eo

686 1206 833 1280 quod
870 1207 1086 1264 Christo
1126 1206 1572 1275 subiicerentur,
1617 1207 1711 1263 sed
1757 1206 2171 1273 illuminandos,
2215 1212 2280 1261 ut

688 1298 879 1354 melius
909 1304 1131 1369 possent
1156 1296 1396 1354 iudicare
1431 1304 1663 1367 terram,
1694 1300 1845 1355 iuxta
1887 1297 2015 1354 illud
2046 1297 2183 1369 psal.
2220 1301 2276 1354 2:

691 1392 767 1445 Et
795 1403 953 1443 nunc
974 1403 1139 1460 reyes
1163 1385 1489 1460 imelliqite,
1523 1384 1865 1453 emidimini‚
1883 1390 1983 1459 qui
2002 1385 2282 1444 iudicatis

687 1482 915 1535 terram
928 1494 949 1543 ,·
990 1479 1198 1534 servite
1238 1480 1496 1548 Domino
1532 1481 1598 1533 in
1636 1480 1871 1544 timore,
1906 1484 2018 1533 etc.
2050 1478 2119 1533 Et
2145 1492 2278 1532 con-

690 1575 827 1637 stat,
859 1584 891 1623 a
918 1567 1185 1638 principio
1213 1567 1487 1623 Ecclesiae
1510 1566 1563 1623 id
1585 1568 1937 1624 observatum
1960 1583 2079 1623 esse
2104 1567 2153 1621 in
2175 1568 2274 1623 im-

688 1655 1032 1730 peratoribus
1079 1656 1321 1727 Philippo
1364 1663 1422 1712 et
1460 1658 1840 1727 Constantino,
1892 1665 1949 1715 et
1987 1665 2178 1729 postea
2219 1659 2270 1711 in

688 1747 802 1802 aliis
825 1788 839 1813 ,
881 1754 937 1801 et
977 1760 1152 1818 usque
1190 1745 1343 1801 hodie
1374 1747 1577 1802 servari
1606 1747 1655 1802 in
1688 1747 1767 1803 his
1798 1747 2085 1819 provinciis
2113 1753 2168 1802 et
2194 1762 2278 1801 re-

688 1836 827 1909 gnis,
859 1849 999 1908 quae
1020 1833 1087 1891 de
1116 1851 1256 1890 novo
1280 1834 1346 1891 aa
1370 1836 1525 1892 iidem
1548 1844 1962 1893 convertuntur.
1990 1838 2103 1892 Iino
2127 1842 2278 1891 recte

689 1923 943 1995 expendit
963 1923 1193 1980 Basilius
1212 1923 1359 1980 dicto
1382 1898 1515 1996 cap.⁵
1538 1929 1629 1983 23.
1662 1924 2133 1992 constitutionum,
2169 1940 2274 1979 non

690 2014 868 2070 solum
905 2013 1101 2069 debere
1129 2012 1462 2070 christianos
1500 2029 1689 2086 parere
1728 2016 1840 2070 suis
1879 2014 2098 2086 regibus
2140 2029 2277 2068 con·

692 2106 863 2159 versis
892 2102 956 2158 ad
986 2101 1172 2171 iidem,
1199 2101 1293 2159 sed
1316 2105 1510 2173 etiam,
1536 2102 1687 2175 qtcod
1706 2106 1907 2159 maius
1930 2107 2040 2171 est,
2076 2102 2278 2175 inquit,

688 2196 874 2249 etiam
912 2190 1065 2257 illis,
1112 2207 1363 2264 quorum
1401 2196 1528 2249 vita
1564 2194 1756 2266 impia
1790 2196 1955 2252 erat:
1984 2208 2105 2247 nam
2135 2189 2272 2247 tales

688 2290 844 2338 erant
882 2282 1153 2353 principes
1196 2281 1434 2352 saeculi,
1479 2282 1697 2353 quando
1741 2283 1969 2353 apostoli
2010 2282 2113 2338 illis
2142 2280 2276 2336 obe-

684 2370 800 2427 dire
841 2370 1269 2443 praecipiebant,
1314 2374 1505 2444 utique
1546 2374 1597 2427 in
1638 2372 1752 2444 his,
1797 2387 1937 2445 quae
1980 2371 2117 2427 mala
2170 2386 2274 2425 non

686 2468 843 2529 sunt,
874 2476 975 2517 nec
1006 2462 1113 2516 Deo
1142 2464 1419 2517 contraria
1439 2504 1453 2531 ,
1486 2462 1613 2535 quia
1638 2461 1900 2518 naturalis
1934 2461 2129 2518 iustitia
2171 2460 2280 2516 hoc

689 2550 955 2621 postulat,
1000 2552 1091 2607 cui
1132 2550 1471 2621 evangelium
1513 2566 1618 2607 non
1658 2549 2011 2607 contradicit.
2046 2548 2286 2623 Ideoque

690 2639 826 2696 tales
863 2654 1019 2711 reges
1060 2654 1157 2710 per
1196 2639 1395 2695 bellum
1427 2640 1623 2712 privari
1654 2657 1761 2696 non
1792 2648 2025 2711 possunt
2054 2656 2155 2695 sua
2184 2655 2279 2710 po-

690 2733 917 2799 testate,
949 2728 1046 2784 nisi
1078 2728 1129 2784 in
1160 2728 1484 2786 christianae
1506 2730 1783 2803 religionis
1820 2730 2072 2785 iniuriam
2107 2728 2188 2783 vel
2223 2728 2281 2782 li·

690 2817 891 2875 delium
922 2816 1272 2875 subditorum
1310 2819 1603 2889 perniciem
1632 2820 1721 2874 illa
1750 2819 2084 2891 abutantur,
2108 2825 2172 2875 ut
2196 2824 2284 2875 est

692 2918 951 2965 constans
977 2910 1235 2966 sententia
1264 2910 1407 2982 apud
1435 2910 1739 2984 theologos.

772 3004 826 3057 4.
862 3002 1099 3075 Denique
1128 3001 1388 3057 rationem
1418 3015 1449 3055 a
1477 3000 1641 3071 priori
1664 2999 1829 3055 huius
1858 2999 2099 3055 veritatis
2124 3013 2285 3055 sumo

694 3105 759 3146 ex
788 3091 1091 3161 Augustino
1121 3090 1211 3145 lib.
1254 3094 1337 3148 19.
1370 3088 1442 3147 de
1475 3092 1629 3147 Civit
1680 3105 1801 3158 cap.
1849 3094 1933 3150 17,
1962 3091 2053 3145 ubi
2084 3090 2288 3146 verita-

693 3184 803 3235 tem
832 3176 1155 3235 catholicam
1186 3178 1270 3234 his
1302 3179 1477 3236 verbis
1508 3180 1789 3251 proponit:
1827 3181 2059 3235 Civitas
2097 3176 2288 3235 caele-

696 3273 822 3330 stis,
855 3268 947 3325 vel
968 3273 1164 3343 potius
1182 3285 1329 3344 pars
1352 3274 1495 3338 eius,
1525 3269 1669 3328 dum
1691 3269 1855 3346 apud
1875 3274 2179 3326 terrenam
2205 3271 2288 3323 ci-

694 3363 931 3417 vitatem
960 3356 1115 3417 velu‘t
1140 3363 1444 3433 captivam
1471 3364 1657 3418 vitam
1683 3378 1828 3418 suae
1854 3362 2284 3434 pereqrinatio-

698 3452 791 3505 nis
818 3453 979 3522 aqit,.
1012 3448 1237 3522 leqibus
1278 3453 1545 3505 terrenae
1583 3453 1852 3516 civitatis,
1889 3449 2096 3522 quibus
2140 3449 2290 3504 haec

700 3538 1224 3603 administrantur,
1257 3553 1409 3609 quae
1432 3538 1855 3595 sustentandae
1876 3542 2029 3595 vitae
2050 3535 2292 3593 mortali

700 3625 1155 3684 accommodata
1168 3632 1321 3692 sunt,
1342 3627 1742 3701 obtemperare
1762 3645 1881 3683 non
1903 3627 2153 3683 dubitat.
2171 3628 2287 3682 Hoc

699 3724 881 3773 autem
910 3718 961 3771 in
991 3717 1187 3773 virtute
1218 3719 1296 3772 sic
1326 3704 1539 3786 probat:
1572 3719 1835 3774 Terrena
1856 3721 2087 3778 civitas,
2108 3720 2291 3773 etiam

700 3822 855 3879 quae
884 3822 998 3862 non
1027 3808 1166 3862 vivit
1192 3820 1267 3862 ex
1277 3804 1425 3876 fide,
1453 3807 1783 3862 humanam
1803 3822 2012 3880 pacem
2041 3809 2283 3879 appetit,

698 3898 765 3953 in
791 3911 970 3968 eoque
1000 3894 1202 3968 defiqit
1228 3894 1588 3966 imperandi,
1620 3893 2030 3967 obediendique
2051 3911 2292 3951 concor-

700 3984 867 4043 diam
899 3987 1133 4050 civium,
1166 3988 1235 4040 ut
1250 3986 1325 4039 sit
1345 3986 1429 4039 eis
1457 3981 1528 4040 de
1548 3984 1723 4040 rebus
1750 3983 1834 4041 ad
1864 3981 2176 4041 mortalem
2201 3987 2286 4040 vi·

700 4080 827 4132 tam
864 4073 1299 4149 pertinentibus
1326 4072 1621 4145 quaedam
1650 4078 1991 4149 compositio
2018 4074 2287 4132 volunta·

697 4168 841 4221 tum.
877 4169 945 4221 At
986 4163 1237 4220 caelestis
1262 4165 1425 4218 etiam
1456 4164 1667 4229 civitas,
1698 4164 1831 4220 dum
1865 4164 1949 4219 hic
1981 4166 2291 4239 peregrina-

703 4260 815 4323 tur,
845 4255 967 4309 ista
990 4267 1138 4325 pace
1163 4266 1392 4307 necesse
1422 4256 1507 4309 est
1530 4258 1754 4319 utatur,
1789 4252 1974 4309 donec
2000 4258 2154 4325 ipsa,
2194 4258 2296 4309 cui

700 4342 845 4400 talis
873 4357 1003 4415 paoe
1031 4344 1375 4397 necessaria
1394 4346 1499 4403 est,
1526 4342 1873 4399 mortalitas
1895 4346 2187 4410 transeat,·
2203 4358 2294 4398 er-

700 4449 769 4505 go
800 4446 1028 4488 necesse
1052 4430 1313 4494 est,illam
1339 4447 1557 4488 servare
1587 4419 1733 4505 leges
1753 4432 1989 4489 civitatis
2012 4440 2284 4503 terrenae,

700 4538 841 4595 quae
868 4522 934 4579 ad
966 4522 1112 4577 illam
1141 4537 1331 4593 pacem
1361 4522 1568 4591 iuvant,
1598 4528 1664 4579 ut
1690 4523 1928 4596 quando
1956 4528 2290 4581 communis

698 4616 785 4668 est
811 4610 1171 4677 mortalitas,
1206 4615 1535 4668 communis
1565 4616 1751 4670 etiam
1778 4618 1857 4671 sit
1895 4630 2025 4689 pax
2061 4618 2117 4670 et
2156 4598 2300 4670 con-'

698 4699 929 4759 cordia.
963 4702 1118 4760 Unde
1144 4702 1428 4759 concludit
1454 4702 1700 4759 inferius:
1747 4707 1907 4761 Haec
1932 4718 2071 4777 erqo
2098 4701 2287 4761 caele·

700 4793 809 4847 stis
838 4792 1075 4856 civitas,
1111 4789 1254 4847 dum
1278 4794 1701 4866 pereqrinatur
1746 4796 1808 4848 in
1835 4797 2027 4860 terra,
2063 4809 2139 4849 ex
2165 4810 2288 4849 om-

700 4880 877 4937 nibus
902 4880 1167 4953 qentibus
1197 4884 1347 4937 cives
1372 4885 1590 4947 evocat,
1614 4887 1791 4953 atque
1810 4884 1875 4937 in
1896 4882 2163 4937 omnibus
2186 4881 2296 4938 lin-

701 4974 833 5044 quis
855 4973 1240 5044 pereqrinam
1266 4968 1489 5043 colliqit
1518 4974 1875 5037 societatem,
1914 4987 2032 5027 non
2068 4986 2296 5027 curans

702 5060 981 5137 quidquid
1008 5064 1072 5118 in
1100 5060 1381 5127 moribus,
1417 5059 1652 5135 leqibus,
1674 5063 2071 5133 institutisque
2097 5059 2292 5117 diver·

703 5169 838 5209 sum
866 5157 975 5221 est,
1012 5151 1218 5227 quibus
1241 5166 1373 5226 pax
1400 5155 1639 5208 terrena
1662 5150 1752 5207 vel
1779 5154 2172 5224 conquiritur,
2209 5149 2298 5208 vel

704 5246 965 5308 tenetur,
1011 5239 1165 5299 nihil
1200 5254 1406 5297 eorum
1443 5238 1799 5306 rescindens,
1836 5238 1927 5297 vel
1962 5237 2289 5307 destruens,

2056 324 2064 335 ‘
2137 363 2338 413 LIBER
2365 365 2446 411 lu
2457 392 2472 409 .

2344 491 2464 543 imo
2492 489 2680 544 etiam
2703 501 2970 551 servans,
3001 500 3076 543 ac
3103 500 3363 557 sequens,
3398 483 3556 557 quod
3580 483 3718 541 licet
3743 482 3936 541 diver-

2347 592 2478 635 sum
2507 580 2673 633 sitin
2709 574 2955 633 diversis
2996 574 3345 641 rationibus,
3383 574 3466 631 ad
3505 591 3694 631 unum
3731 579 3934 632 tamen

2347 665 2728 739 eumdemque
2749 666 2943 736 finem
2979 671 3247 721 terrenae
3277 668 3452 738 pacis
3500 662 3849 729 intenditur,
3883 666 3938 721 si

2346 756 2713 829 reliqionem,
2750 772 2872 827 qua
2894 770 3052 810 unus
3080 769 3348 811 summus
3375 758 3430 809 et
3459 768 3624 811 cerus
3652 756 3811 811 Deus
3840 768 3936 809 co-

2347 844 2557 903 lendus
2585 843 2844 909 docetur,
2878 859 2998 900 non
3027 844 3294 917 impedit.
3327 845 3423 900 Est
3450 859 3580 916 ergo
3609 858 3821 899 summa
3851 858 3937 897 ra-

2347 934 2538 1005 tionis,
2568 933 2714 1008 quod
2744 934 2864 989 finis
2891 933 3130 991 civilium
3161 934 3342 1007 legum
3373 950 3472 1005 per
3519 950 3576 989 se
3615 935 3792 990 bonus
3827 942 3934 1002 est,

2347 1030 2402 1081 et
2432 1024 2743 1081 christianis
2782 1025 2943 1080 etiam
2983 1026 3346 1097 necessarius3
3393 1040 3524 1097 ergo
3563 1027 3724 1081 etiam
3765 1025 3930 1098 leges,

2348 1130 2489 1188 quae
2517 1114 2584 1171 ad
2614 1114 2766 1172 illum
2797 1112 3147 1183 ordinantur,
3177 1120 3233 1170 et
3260 1117 3641 1187 magistratus,
3672 1130 3704 1171 a
3729 1115 3931 1187 quibus

2350 1204 2515 1262 condi
2547 1212 2798 1277 possunt,
2829 1211 2961 1261 sunt
2987 1205 3038 1261 in
3067 1204 3312 1262 Ecclesia
3342 1206 3646 1261 necessarii.
3681 1207 3818 1261 Item
3837 1206 3936 1261 *hic

2350 1295 2488 1352 ordo
2523 1295 2788 1352 naturalis
2816 1301 2920 1357 est,
2951 1301 3008 1351 et
3036 1297 3212 1367 gratia
3243 1311 3349 1351 non
3379 1294 3617 1353 destruit
3658 1302 3928 1365 naturam,

2351 1383 2446 1441 sed
2477 1385 2711 1457 perficit,
2743 1391 2800 1441 et
2824 1384 3076 1441 Christus
3105 1402 3212 1441 non
3241 1384 3520 1457 prohibuit
3545 1386 3688 1443 hunc
3712 1384 3936 1442 modum

2350 1474 2650 1547 regiminis3
2686 1474 2778 1532 ubi
2805 1477 2949 1530 enim
2980 1480 3065 1531 est
3093 1475 3409 1547 prohibitio?
3436 1477 3668 1532 Tandem
3699 1478 3812 1532 sine
3841 1493 3935 1547 po-

2351 1571 2548 1623 testate
2577 1564 2863 1637 temporali
2891 1571 2948 1621 et
2973 1564 3118 1621 civili
3147 1582 3255 1621 non
3301 1573 3485 1637 posset
3524 1566 3817 1637 spiritualis
3845 1582 3936 1623 or·

2351 1654 2420 1711 do
2453 1662 2510 1711 et
2539 1657 2774 1726 regimen
2805 1656 3037 1728 protegi,
3069 1653 3152 1711 vel
3183 1658 3518 1727 conservari,
3551 1664 3614 1713 ut
3643 1656 3756 1728 ipsa
3781 1672 3941 1727 expe-

2350 1745 2543 1801 rientia
2574 1745 2757 1802 docet.
2788 1744 2940 1801 Unde
2969 1746 3185 1817 egregie
3223 1744 3356 1803 dixit
3389 1748 3754 1803 Nazianzenus
3794 1746 3938 1803 dicta

2351 1842 2492 1891 orat.
2535 1836 2619 1892 17:
2654 1833 3089 1892 Submittamus
3127 1850 3236 1890 nos
3268 1839 3394 1891 tum
3424 1838 3566 1903 Deo,
3611 1841 3735 1892 tum
3773 1834 3935 1902 aliis,

2351 1929 2479 1981 tum
2508 1927 2600 1984 iis,
2635 1928 2736 1997 qui
2765 1926 3078 1997 imperium
3105 1926 3172 1979 in
3198 1930 3364 1981 terra
3389 1929 3628 1997 qen-unt:
3664 1927 3786 1980 Deo
3820 1926 3945 1995 qui-

2355 2014 2490 2071 dem
2520 2014 2794 2071 omnibus
2819 2013 2891 2068 de
2917 2015 3158 2080 causis,
3181 2012 3295 2071 alii
3322 2019 3522 2070 autem
3547 2012 3686 2071 aliis
3702 2018 3949 2087 propter

2359 2107 2639 2161 caritatis
2650 2102 2874 2176 foedus
2890 2148 2903 2170 ,
2934 2103 3304 2178 principibus
3325 2102 3572 2176 denique
3584 2109 3831 2177 propter
3849 2120 3944 2159 or-

2353 2191 2574 2261 dinem,
2607 2191 2996 2268 publicaeque
3025 2191 3375 2266 disciplinae
3398 2195 3709 2249 rationem.

2436 2290 2488 2341 5.
2521 2283 2603 2339 Ad
2634 2282 2987 2339 fundamenta
3009 2282 3409 2339 haereticorum
3426 2282 3599 2338 facilis
3620 2287 3704 2337 est
3725 2297 3946 2353 respon-

2358 2376 2463 2444 sio;
2489 2389 2614 2429 nam
2637 2373 2887 2430 Christus
2910 2371 3318 2441 dicensfflatth.
3342 2373 3424 2430 17:
3445 2376 3604 2444 Erqo
3622 2369 3795 2427 liberi
3815 2374 3950 2429 sunt

2342 2460 2489 2534 filii,
2523 2462 2590 2518 de
2617 2479 2674 2519 se
2703 2463 2817 2534 ipso
2839 2462 3182 2533 potissimum
3205 2460 3563 2534 loquebaturt,
3597 2476 3794 2517 vanum
3815 2476 3949 2532 ergo

2357 2558 2461 2618 est,
2491 2558 2558 2618 et,
2574 2550 2687 2607 sine
2718 2549 3068 2607 fundamento
3097 2548 3328 2615 dictum,
3362 2550 3430 2606 ibi
3469 2551 3682 2606 nomine
3707 2549 3942 2605 filiorum

2355 2640 2578 2713 intelligi
2607 2656 2798 2696 omnes
2829 2640 3180 2709 christianos,
3211 2646 3268 2695 et
3292 2639 3410 2696 ideo
3439 2654 3627 2696 omnes
3666 2639 3784 2695 illos
3819 2655 3941 2695 esse

2357 2738 2642 2801 exemptos
2671 2731 2788 2786 iure
2814 2729 2997 2786 divino
3027 2746 3058 2785 a
3085 2731 3418 2786 tributorum
3457 2729 3946 2801 solutione.Neque

2356 2822 2504 2879 ullus
2532 2827 2849 2878 sanctorum
2879 2823 2956 2877 ita
2983 2819 3114 2876 illud
3153 2822 3428 2892 exposuit,
3466 2819 3560 2877 sed
3601 2821 3938 2876 contrarium

2358 2913 2462 2982 ipsi
2491 2910 2804 2968 docuerunt
2828 2926 2959 2967 cum
2986 2910 3156 2967 Paulo
3184 2912 3345 2967 Rom.
3377 2916 3463 2968 13.
3491 2917 3852 2967 consentanee
3875 2909 3943 2965 ad

2360 3000 2560 3058 Christi
2587 3001 2900 3057 doctrinam
2929 3000 2979 3055 in
3011 2999 3128 3056 aliis
3159 3000 3313 3069 locis,
3347 3008 3408 3055 ut
3433 3004 3714 3055 ostensum
3735 3002 3941 3056 est.An

2363 3106 2491 3147 vero
2521 3091 2589 3146 ibi
2622 3090 3002 3161 comprehensi
3033 3089 3236 3145 suerint
3271 3088 3456 3145 clerici
3493 3104 3682 3144 omnes
3721 3088 3804 3145 vel
3851 3089 3948 3144 im-

2359 3179 2610 3246 mediate,
2645 3181 2728 3236 vel
2757 3179 2946 3237 saltem
2976 3180 3026 3233 in
3052 3181 3234 3249 Petro,
3257 3179 3308 3235 in
3331 3185 3573 3236 tractatu
3603 3178 3668 3234 de
3691 3178 3949 3235 Immani-

2365 3276 2473 3327 tate
2501 3269 2881 3327 ecclesiastica
2909 3268 3243 3339 disputatum
3273 3275 3378 3324 est.
3421 3268 3499 3324 Ad
3539 3267 3844 3324 secundum
3872 3265 3951 3322 di-

2359 3360 2820 3427 citur,Christum
2847 3358 2919 3414 ibi
2946 3374 3049 3413 non
3075 3358 3362 3429 prohibere
3385 3357 3675 3429 temporale
3699 3374 3949 3431 regnum,

2362 3450 2458 3507 sed
2485 3465 2704 3506 monere
2725 3448 3032 3519 discipulos
3055 3464 3210 3519 suos,
3231 3455 3349 3503 tum
3375 3454 3434 3504 ut
3456 3448 3819 3519 principatum
3843 3464 3949 3503 non

2363 3540 2632 3609 ambiant,
2670 3529 2784 3594 tum
2825 3546 2888 3614 ut
2924 3540 2968 3592 si
3009 3536 3314 3608 praesidere
3352 3541 3655 3609 cogantur,
3699 3552 3802 3593 non
3841 3537 3953 3592 sint

2366 3637 2626 3701 tanquam
2643 3628 3006 3692 dominantes,
3027 3624 3122 3683 sed
3147 3628 3327 3698 potius
3349 3633 3408 3683 ut
3431 3627 3815 3682 ministrantes.
3832 3627 3951 3682 Duo

2363 3720 2505 3775 enim
2535 3718 2602 3773 de
2628 3717 2848 3789 regibus
2871 3718 3110 3788 gentium
3133 3716 3434 3788 proposuit:
3462 3716 3816 3788 unum,quod
3842 3732 3948 3771 non

2361 3824 2578 3881 regere,
2609 3807 2704 3863 sed
2734 3807 3019 3869 dominari,
3049 3813 3105 3862 et
3133 3808 3185 3862 in
3216 3806 3533 3862 servitutem
3557 3804 3798 3878 redigere
3823 3804 3953 3861 sub·

2361 3898 2502 3954 ditos
2533 3898 2744 3965 volunt3
2777 3895 2943 3966 aliud,
2975 3894 3121 3969 quod
3153 3896 3336 3952 titulos
3360 3895 3582 3951 honoris
3605 3901 3661 3951 et
3684 3893 3951 3951 excellen-

2362 3992 2471 4046 tiae
2499 3988 2770 4045 afl'ectant.
2810 3990 2924 4042 Vos
2951 3991 3170 4053 autem,
3205 3987 3400 4059 inquit,
3432 4002 3552 4042 non
3577 3984 3818 4065 sic,·sed
3843 3988 3948 4058 qui
3971 4010 3980 4017 ·

2362 4080 2558 4135 maior
2584 4081 2668 4133 est
2695 4080 2756 4131 in
2781 4075 2957 4139 vobis,
2978 4076 3104 4148 fiat
3137 4078 3287 4131 sicut
3316 4078 3531 4143 minor,·
3561 4080 3616 4131 et
3651 4078 3752 4147 qut
3771 4090 3951 4148 prae·

2363 4182 2558 4222 cessor
2581 4170 2682 4232 est,
2707 4168 2866 4222 sicut
2885 4168 3274 4223 ministrator.
3296 4164 3494 4222 Similia
3517 4164 3835 4222 habefflatt.
3853 4170 3949 4236 20,

2365 4262 2421 4311 et
2447 4255 2612 4311 Marci
2647 4260 2734 4323 10,
2765 4262 2820 4311 et
2849 4255 3049 4327 ubique
3077 4255 3419 4327 reprehendit
3439 4255 3653 4311 nimiam
3678 4254 3947 4325 cupidita-

2365 4352 2475 4402 tem
2497 4344 2832 4413 dominandi,
2863 4361 3092 4417 pravum
3117 4362 3304 4415 usum,
3330 4361 3436 4400 non
3463 4345 3758 4417 legitimum
3780 4348 3949 4414 impe-

2368 4438 2535 4493 rium:
2567 4443 2624 4494 et
2651 4438 2722 4493 ita
2747 4442 3027 4507 exponunt
3055 4436 3105 4491 in
3134 4435 3240 4492 illis
3275 4436 3410 4492 locis
3449 4435 3789 4503 Ambrosius,
3829 4434 3949 4490 flie-

2366 4542 2633 4602 ronymus
2661 4533 2716 4583 et
2741 4526 3190 4601 Chrysostomus.

2443 4614 2522 4671 Ad
2555 4615 2772 4671 tertium
2795 4630 2860 4671 ex
2881 4614 3066 4671 Matth.
3086 4614 3186 4671 ult.
3205 4612 3567 4686 respondetur
3589 4616 3788 4686 primo,
3803 4614 3956 4672 Chri-

2365 4712 2513 4763 stum
2543 4703 2805 4761 dicendo:
2837 4707 3120 4761 Docentes
3148 4720 3244 4761 eos
3271 4719 3509 4761 servare
3535 4706 3758 4770 omnia,
3779 4718 3956 4777 quae-

2365 4810 2615 4867 cumque
2641 4792 2927 4850 mandavi
2955 4793 3130 4860 vobis,
3166 4808 3276 4849 non
3303 4794 3600 4851 exclusisse
3623 4793 3744 4856 alia,
3769 4791 3865 4849 sed
3887 4806 3953 4847 ea

2362 4899 2843 4949 commemorasse,
2857 4898 2997 4955 quae
3022 4885 3253 4939 maxime
3265 4884 3574 4940 necessaria
3594 4888 3772 4950 erant,
3792 4896 3957 4955 quae·

2363 4989 2470 5046 que
2501 4974 2602 5029 iam
2633 4978 2766 5028 tunc
2796 4978 2954 5028 erant
2981 4972 3232 5028 stabilita.
3269 4971 3469 5029 Deinde
3498 4970 3643 5043 dico,
3673 4971 3743 5027 ibi
3768 4973 3818 5027 in
3843 4973 3955 5026 vir-

2365 5069 2482 5120 tute
2509 5059 2988 5133 comprehendisse
3010 5060 3242 5133 reliqua,
3266 5063 3397 5134 quia
3417 5062 3534 5133 ipse
3555 5062 3822 5132 praecipit
3841 5075 3960 5116 ser-

2367 5168 2496 5209 vare
2534 5153 2748 5225 integre
2789 5149 2965 5224 legem
3003 5149 3338 5221 naturalem,
3383 5157 3438 5208 et
3475 5149 3606 5207 dare
3641 5150 3960 5223 unicuique,

2366 5242 2515 5317 quod
2529 5257 2696 5299 suum
2719 5248 2825 5313 est,
2841 5251 2894 5298 et
2911 5241 3093 5297 facere
3114 5240 3254 5314 aliis,
3273 5238 3420 5312 quod
3440 5242 3820 5314 unusquisque
3843 5239 3966 5297 vult
