4325 6267
820 334 904 398 92

746 486 834 539 est
866 479 938 539 ab
972 479 1160 540 eadem
1196 478 1374 538 divina
1407 479 1752 540 auctoritate.
1783 478 1854 538 Et
1880 478 1964 538 sic
1992 476 2335 537 satisfactum

746 578 834 628 est
860 572 1026 643 priori
1054 571 1192 644 parti
1223 570 1584 630 difficultatis.
1724 624 1730 633 .

815 661 900 722 Ad
926 661 1154 720 alteram
1181 676 1310 719 vero
1337 668 1574 736 partem,
1598 659 1845 736 neganda
1862 665 1950 718 est
1967 658 2135 719 illatio
2165 658 2336 718 111116-

741 759 868 826 cta,
911 752 1198 825 nimirum,
1236 750 1386 826 quod
1415 751 1669 826 obligatio
1695 753 1828 825 legis
1858 749 2128 808 humanae
2153 749 2336 807 divina

742 845 830 903 sit.
877 845 977 902 Est
1013 846 1157 901 enim
1188 843 1350 918 longe
1376 842 1592 900 diversa
1619 845 1756 899 ratio
1783 842 1838 898 in
1867 842 1982 915 lege
2009 841 2249 899 humana
2274 847 2333 899 et

740 933 945 1008 divina3
990 951 1114 992 nam
1157 933 1238 992 lex
1290 935 1528 990 humana
1575 948 1684 989 non
1731 931 1908 990 solum
1936 938 2102 1005 prout
2143 937 2233 990 est
2276 935 2332 986 in

737 1025 990 1098 subditis,
1020 1023 1116 1082 sed
1142 1026 1308 1082 etiam
1343 1030 1513 1096 prout
1539 1024 1594 1078 in
1622 1022 1842 1096 proprio
1872 1021 2217 1095 legislatore,
2246 1026 2336 1079 est

735 1113 870 1189 quid
904 1109 1152 1172 creatum
1180 1120 1240 1171 et
1267 1109 1570 1186 temporale
1588 1155 1604 1184 ,
1633 1112 1764 1186 quia
1787 1111 1922 1168 haec
1950 1112 2036 1168 lex
2065 1113 2116 1168 in
2149 1117 2329 1169 mente

735 1211 793 1262 et
830 1202 1111 1262 voluntate
1151 1203 1387 1260 bominis
1429 1204 1716 1275 formatur,
1763 1216 1827 1260 ac
1855 1201 2169 1274 perficitur',
2201 1202 2330 1275 quia

735 1295 1046 1353 immediate
1067 1299 1152 1351 est
1172 1293 1258 1351 lex
1278 1292 1533 1365 hominis,
1551 1308 1662 1350 non
1683 1293 1855 1365 ipsius
1877 1292 1989 1349 Dei.
2015 1291 2171 1351 Unde
2193 1292 2329 1351 baec

735 1384 824 1442 lex
853 1384 958 1441 sub
985 1391 1218 1460 utraque
1247 1383 1676 1442 consideratione
1702 1389 1792 1441 est
1817 1381 2044 1440 effectus
2073 1383 2210 1457 legis
2238 1399 2330 1440 ae·

738 1481 961 1549 ternae,
999 1481 1062 1532 ut
1097 1475 1292 1547 probat
1326 1473 1465 1532 ratio
1497 1473 1670 1546 sacta,
1701 1475 1832 1547 quia
1860 1472 1994 1530 baec
2023 1474 2193 1530 etiam
2221 1472 2327 1546 lex,

736 1572 906 1641 prout
931 1573 1018 1624 est
1044 1566 1096 1623 in
1122 1567 1238 1638 ipso
1268 1565 1596 1640 legislatore,
1625 1570 1712 1622 est
1731 1564 1816 1622 lex
1839 1580 1937 1636 per
1958 1563 2328 1636 participatio-

737 1673 883 1716 nem.
923 1658 1060 1714 Item
1097 1662 1281 1714 manat
1316 1671 1347 1712 a
1385 1661 1653 1728 potestate
1691 1653 1819 1712 data
1845 1655 1913 1712 ab
1937 1656 2058 1727 ipso
2084 1658 2231 1728 Deo,
2262 1653 2332 1713 ad

733 1749 896 1807 Rom.
929 1750 1016 1807 13.
1047 1747 1226 1805 Habet
1251 1745 1411 1804 etiam
1439 1746 1551 1802 vim
1577 1745 1871 1819 obligandi,
1905 1751 2179 1820 quatenus
2208 1746 2330 1802 niti-

736 1847 832 1897 tur
871 1839 923 1895 in
964 1837 1234 1911 principiis
1277 1836 1412 1909 legis
1454 1843 1738 1909 aeternae,
1769 1835 1932 1910 quale
1959 1843 2046 1894 est
2072 1835 2328 1894 obedien·

737 1930 871 1989 dum
906 1943 1028 1986 esse
1069 1928 1460 2003 superioribus.
1493 1928 1769 2002 Denique,
1801 1929 1934 2000 quia
1959 1937 2024 1985 ut
2049 1927 2119 1984 sit
2146 1934 2323 1996 recta,

739 2021 900 2079 debet
923 2035 1045 2077 esse
1070 2019 1370 2076 conformis
1399 2017 1505 2093 legi
1535 2025 1812 2088 aeternae,
1844 2023 1930 2075 est
1954 2033 2088 2091 ergo
2113 2016 2197 2074 bis
2220 2036 2334 2076 mo·

738 2112 822 2171 dis
851 2111 1102 2168 omnibus
1127 2108 1356 2167 effectus
1383 2111 1524 2178 eius.
1553 2109 1624 2165 Et
1647 2109 1720 2165 ita
1747 2107 1815 2166 de
1843 2108 1946 2166 1160
1975 2107 2094 2182 1030
2116 2107 2333 2182 potissi-

739 2217 826 2260 me
855 2200 1098 2275 loquitur
1125 2203 1364 2273 August.
1397 2199 1534 2256 locis
1562 2197 1763 2256 citatis.
1797 2198 1954 2257 Unde
1983 2199 2066 2270 tit,
2097 2205 2160 2257 ut
2194 2197 2333 2257 baec

737 2293 855 2363 lex,
888 2298 1160 2365 quatenns
1195 2291 1361 2348 estin
1388 2287 1654 2358 subditis,
1684 2305 1794 2345 non
1825 2291 1898 2346 ita
1925 2287 2235 2347 immediate
2264 2291 2336 2346 sit

737 2383 965 2441 effectus
1003 2380 1139 2455 legis
1177 2386 1465 2450 aeternae,
1506 2379 1654 2436 sicut
1690 2378 1775 2436 lex
1816 2379 1932 2453 ipsa
1958 2379 2158 2436 divina.
2194 2380 2333 2436 Nam

633 2513 638 2520 -
735 2473 824 2531 lex
861 2472 1100 2530 bumana
1138 2471 1381 2544 pervenit
1407 2470 1475 2528 ad
1503 2469 1755 2528 subditos
1783 2467 2057 2528 mediante
2086 2469 2330 2541 bomine,

621 2639 626 2646 Ι
738 2579 850 2621 non
886 2567 1099 2620 tantum
1136 2567 1200 2619 ut
1239 2576 1409 2618 causa
1434 2576 1532 2633 per
1554 2559 1813 2618 accidens
1847 2560 1864 2634 (
1884 2566 1948 2617 ut
1975 2561 2054 2617 sic
2081 2559 2329 2634 dicam),

738 2654 790 2712 id
818 2659 901 2711 est
926 2657 1266 2725 proponente
1294 2658 1353 2709 et
1378 2651 1720 2725 applicante3
1753 2650 1850 2708 sed
1877 2652 2042 2708 etiam
2071 2657 2135 2708 ut
2161 2666 2331 2708 causa

736 2760 839 2817 per
865 2760 924 2801 se
942 2784 958 2815 ,
987 2743 1043 2799 id
1069 2748 1156 2800 est
1182 2744 1546 2800 constituente
1574 2743 1750 2814 ipsam
1777 2741 1990 2815 legem3
2022 2757 2148 2799 nam
2178 2758 2209 2799 a
2237 2757 2333 2799 vo-

738 2833 942 2891 luntate
983 2832 1215 2889 hominis
1254 2830 1583 2905 legislatoris
1612 2831 1775 2888 babet
1800 2831 2048 2904 proxime
2075 2832 2213 2890 baec
2243 2834 2333 2891 lex

739 2939 899 2980 suam
924 2925 1182 2980 virtutem
1209 2929 1266 2980 et
1291 2921 1614 2979 efficaciam.

820 3019 876 3074 ⁴.
907 3015 1042 3072 Hinc
1069 3015 1232 3071 etiam
1261 3014 1512 3086 sequitur
1538 3013 1858 3085 differentia,
1889 3028 2032 3087 quae
2057 3014 2108 3070 in
2132 3029 2331 3088 propo-

746 3107 854 3164 sita
892 3103 1214 3164 difficultate
1250 3104 1582 3177 postulatur,
1613 3106 1743 3179 quia
1769 3105 1826 3161 in
1851 3103 2028 3162 divina
2055 3103 2174 3178 lege
2203 3105 2337 3162 obli·

744 3197 889 3274 gatio
927 3201 1012 3254 est
1051 3195 1353 3253 immediate
1396 3193 1464 3251 ab
1502 3197 1622 3269 ipso
1649 3198 1789 3267 Deo;
1820 3212 1947 3254 nam
1974 3202 2142 3269 prout
2170 3199 2336 3254 estin

739 3287 978 3362 homine,
1009 3301 1121 3344 non
1148 3284 1377 3359 obligat,
1418 3286 1524 3342 nisi
1563 3294 1832 3358 quatenus
1859 3286 2067 3344 indicat
2093 3286 2334 3344 divinam

741 3378 1006 3436 rationem
1052 3392 1151 3434 seu
1197 3377 1567 3448 voluntatem3
1615 3377 1668 3432 in
1720 3375 1834 3450 lege
1885 3382 2072 3434 autem
2100 3374 2337 3433 bumana

743 3469 996 3542 obligatio
1025 3483 1135 3524 non
1161 3473 1247 3524 est
1270 3466 1580 3524 immediate
1607 3482 1640 3523 a
1665 3469 1798 3536 Deo,
1829 3467 1960 3540 quia
1986 3473 2152 3539 prout
2178 3467 2337 3524 estin

743 3560 1003 3629 subditis,
1034 3557 1338 3615 immediate
1384 3556 1609 3628 respicit
1654 3555 1992 3614 voluntatem
2041 3557 2333 3630 principis,

741 3649 836 3722 qui
864 3648 1030 3705 habet
1065 3648 1172 3705 vim
1203 3645 1570 3703 constituendi
1596 3661 1794 3704 novam
1823 3646 1996 3719 legem
2021 3645 2337 3703 distinctam

743 3755 778 3796 a
803 3737 918 3811 lege
940 3735 1138 3807 divina,
1163 3741 1220 3793 et
1243 3735 1310 3792 ab
1341 3733 1429 3792 illa
1453 3741 1538 3792 est
1572 3736 1820 3807 proxima
1849 3735 2128 3810 obligatio,
2145 3751 2339 3811 quam·

745 3828 826 3886 vis
853 3826 1165 3885 radicaliter
1191 3829 1304 3883 tota
1332 3825 1405 3883 sit
1433 3841 1464 3882 a
1491 3824 1609 3898 1030
1638 3832 1879 3883 aeterna.

823 3923 875 3976 5.
917 3920 1204 3975 Praeterea
1242 3930 1310 3973 ex
1351 3915 1511 3973 dictis
1551 3915 1931 3989 concluditur,
1961 3914 2138 3990 legem
2165 3921 2339 3974 aeter·

743 4027 871 4069 nam
897 4025 1008 4066 non
1035 4023 1155 4065 esse
1182 4022 1283 4080 per
1307 4022 1367 4064 se
1393 4007 1568 4078 ipsam
1596 4013 1783 4064 notam
1811 4006 2122 4064 bominibus
2151 4006 2203 4063 in
2232 4007 2335 4066 11110

742 4103 875 4171 vita,
912 4098 1008 4156 sed
1046 4097 1128 4155 vel
1169 4099 1222 4154 in
1259 4095 1376 4153 aliis
1404 4095 1645 4170 legibus,
1673 4095 1761 4153 vel
1789 4112 1887 4169 per
1915 4097 2053 4176 illas.
2085 4097 2335 4155 Viatores

741 4192 886 4248 enim
927 4188 1174 4245 homines
1215 4203 1326 4243 non
1366 4192 1601 4259 possunt
1641 4186 1878 4244 divinam
1916 4186 2255 4246 voluntatem
2282 4189 2336 4244 in

749 4298 808 4339 se
847 4282 966 4353 ipsa
1004 4291 1374 4350 cognoscere,
1405 4274 1498 4332 sed
1529 4275 1710 4333 solum
1735 4284 2004 4351 quantum
2032 4293 2130 4350 per
2158 4279 2338 4352 aliqua

745 4371 926 4446 signa,
965 4367 1048 4424 vel
1073 4366 1304 4424 effectus
1331 4365 1411 4423 eis
1438 4369 1786 4440 proponitur,
1817 4373 1873 4424 et
1900 4368 2022 4426 ideo
2052 4369 2335 4441 proprium

743 4467 830 4520 est
853 4460 1162 4530 beatorum,
1196 4463 1258 4514 ut
1285 4455 1521 4514 divinam
1549 4456 1887 4514 voluntatem
1915 4458 2215 4532 intuentes,
2239 4473 2335 4531 per

740 4553 890 4612 illam
930 4557 992 4609 ut
1019 4566 1115 4624 per
1140 4550 1417 4622 propriam
1447 4547 1617 4621 legem
1646 4547 2046 4621 gubernentur,
2078 4555 2140 4605 ut
2168 4564 2337 4622 supra

740 4659 810 4702 ex
849 4640 1154 4714 Augustino
1196 4638 1382 4697 retuli.
1426 4639 1788 4713 cognoscunt
1824 4653 1960 4711 ergo
1991 4639 2229 4696 viatores
2259 4640 2336 4696 le·

742 4750 868 4811 gem
909 4739 1185 4790 aeternam
1212 4745 1308 4803 per
1333 4729 1804 4802 participationem
1829 4729 1972 4802 eius,
2003 4745 2070 4786 ac
2099 4728 2336 4787 subinde

743 4840 842 4900 per
869 4823 1016 4897 leges
1044 4821 1249 4892 iustas,
1281 4819 1637 4892 temporales,
1668 4835 1735 4875 ac
1762 4825 1998 4894 creatas,
2029 4820 2160 4894 quia
2190 4821 2336 4878 sicut

743 4929 946 4973 causae
987 4909 1264 4969 secundae
1304 4909 1601 4967 ostendunt
1639 4908 1906 4982 primam,
1951 4917 2007 4966 et
2047 4917 2335 4968 creaturae

655 4993 662 4999 ”
741 5011 1077 5076 creatorem,
1102 5002 1173 5059 ita
1193 4999 1337 5074 leges
1361 5000 1706 5073 temporales,
1735 5014 1877 5075 quae
1894 4999 2338 5074 participationes

745 5104 878 5155 sunt
915 5094 1050 5168 legis
1089 5099 1370 5162 aeternae,
1411 5089 1707 5148 ostendunt
1743 5091 1984 5163 sontem,
2023 5106 2056 5148 a
2081 5108 2192 5166 quo
2223 5109 2337 5149 ma·

741 5193 893 5246 nant.
936 5186 1173 5258 Tamen,
1215 5189 1276 5240 ut
1310 5181 1451 5254 dixi,
1487 5195 1598 5238 non
1635 5195 1824 5238 omnes
1861 5179 2114 5239 homines
2141 5197 2336 5240 conse·

743 5282 996 5357 quantur
1035 5275 1176 5334 banc
1217 5271 1605 5348 cognitionem,
1644 5271 1770 5346 quia
1803 5287 1914 5330 non
1941 5287 2130 5331 omnes
2155 5273 2339 5332 valent

2206 348 2411 402 mn
2434 349 2517 402 11.

2403 493 2473 536 ex
2500 477 2703 539 effectu
2730 495 2957 540 causam
2985 483 3347 556 cognoscere.
3375 480 3449 539 Et
3464 481 3543 540 ita
3564 493 3759 539 omnes
3778 473 4003 553 quidem

2405 567 2649 628 homines
2687 572 2999 630 necessario
3038 572 3225 630 vident
3261 571 3498 645 aliquam
3524 569 4001 644 participationem

2404 658 2535 734 legis
2573 667 2823 720 aeternae
2864 663 2920 720 in
2959 679 3019 720 se
3057 662 3219 736 ipsis,
3257 663 3389 738 quia
3415 678 3577 720 nemo
3604 667 3769 720 utens
3798 659 4008 718 ratione

2405 758 2509 826 est,
2540 755 2635 827 qui
2664 770 2773 811 non
2804 753 3010 812 iudicet
3036 753 3221 830 aliquo
3250 753 3436 823 modo,
3460 754 3761 811 honestum
3780 765 3904 808 esse
3924 765 4007 806 se-

2404 843 2715 917 quendum,
2758 850 2815 902 et
2853 852 3017 918 turpe
3058 843 3375 902 vitandum:
3418 845 3559 902 etin
3591 842 3699 900 boc
3730 856 3901 898 sensu
3928 839 4006 896 di·

2404 939 2612 990 cuntur
2640 933 2889 992 homines
2916 933 3115 992 babere
3144 934 3381 1008 aliquam
3402 934 3650 991 notitiam
3673 932 3813 1006 legis
3837 938 4006 987 aeter-

2403 1037 2525 1096 nae,
2553 1030 2617 1081 ut
2636 1023 2942 1098 loquuntur
2968 1023 3023 1082 d.
3047 1024 3305 1096 Thomas,
3327 1023 3537 1081 Alensis
3560 1031 3619 1082 et
3642 1022 3735 1080 alii
3766 1021 4001 1094 theologi

2401 1130 2533 1171 cum
2560 1113 2867 1187 Augustino
2894 1115 2987 1172 lib.
3012 1118 3060 1174 1.
3082 1113 3153 1174 de
3180 1113 3345 1172 liber.
3365 1113 3581 1172 arbitr.
3614 1129 3743 1186 cap.
3779 1115 3839 1179 6,
3864 1109 4007 1167 etde

2400 1218 2549 1262 vera
2573 1202 2743 1280 reliq.
2778 1221 2905 1276 cap.
2942 1208 3030 1264 18.
3062 1205 3425 1263 Nihilominus
3451 1211 3635 1261 tamen
3674 1218 3789 1260 non
3818 1215 4003 1258 omnes

2405 1302 2758 1369 cognoscunt
2784 1295 2928 1353 illam
2960 1295 3261 1354 formaliter
3286 1296 3389 1353 sub
3411 1295 3617 1352 ratione
3638 1292 4006 1367 participatio-

2404 1385 2491 1440 nis
2531 1384 2663 1458 legis
2695 1393 2987 1466 *aeternae3
3026 1392 3084 1444 et
3123 1388 3203 1445 ita
3228 1402 3337 1443 non
3364 1392 3452 1443 est
3474 1384 3733 1443 omnibus
3764 1389 3899 1442 nota
3925 1382 4006 1439 lex

2404 1481 2626 1532 aeterna
2663 1492 2763 1548 per
2800 1476 3067 1534 directam
3108 1478 3507 1552 cognitionem,
3550 1491 3695 1552 quac
3730 1475 3805 1536 ad
3834 1477 4003 1547 ipsam

2401 1564 2699 1624 formaliter
2740 1569 3084 1626 terminetur.
3123 1568 3303 1642 Aliqui
3346 1574 3525 1625 tamen
3572 1583 3696 1625 eam
3732 1566 4005 1640 cognitio-

2404 1671 2526 1712 nem
2564 1663 2973 1730 assequuntur,
3004 1657 3087 1715 vel
3123 1657 3361 1714 naturali
3394 1656 3679 1722 discursu,
3712 1657 3801 1716 vel
3830 1655 4003 1729 perle-

2404 1748 2547 1804 ctius
2590 1762 2686 1820 per
2726 1747 3109 1806 revelationem
3138 1747 3279 1822 fidei3
3310 1755 3369 1805 et
3394 1747 3517 1805 ideo
3543 1746 3672 1815 dixi,
3704 1747 3889 1820 legem
3917 1762 4001 1803 ae·

2404 1841 2617 1894 ternam
2657 1836 2989 1910 quibusdam
3028 1845 3217 1896 notam
3256 1853 3378 1894 esse
3412 1844 3624 1895 tantum
3650 1838 3707 1894 in
3737 1836 4005 1893 interiori·-

2404 1927 2509 1984 bus
2537 1927 2779 2001 legibus,
2812 1928 2930 1986 aliis
2960 1943 3089 1986 vero
3119 1944 3229 1986 non
3258 1928 3436 1986 solum
3468 1929 3519 1986 in
3548 1928 3675 2000 illis,
3706 1927 3809 1985 sed
3834 1927 4001 1984 etiam

2402 2032 2501 2090 per
2529 2017 2673 2076 illas.

2484 2111 2537 2166 6.
2570 2107 2773 2166 Ultimo
2800 2115 3021 2168 constat
3044 2125 3113 2168 ex
3139 2108 3300 2168 dictis
3320 2154 3335 2182 ‚
3367 2108 3647 2186 quomodo
3676 2109 3767 2167 lex
3794 2114 4011 2166 aeterna

2402 2197 2643 2272 obliget;
2675 2215 2801 2256 nam
2828 2202 3075 2272 praecise
3118 2208 3366 2273 spectata
3399 2206 3462 2261 ut
3499 2207 3721 2259 aeterna
3750 2207 3873 2271 est,
3902 2215 4007 2256 non

2403 2294 2589 2360 potest
2626 2288 2736 2346 dici
2778 2290 3049 2364 obligare,
3094 2289 3186 2348 sed
3222 2289 3329 2348 dici
3355 2290 3555 2363 poterit
3582 2290 3885 2367 obligativa
3912 2289 3927 2363 1
3950 2296 4011 2346 ut

2404 2377 2483 2435 sic
2523 2393 2611 2436 res
2652 2378 2994 2454 explicetur)
3033 2395 3133 2438 seu
3168 2379 3237 2439 de
3266 2397 3325 2439 se
3354 2381 3637 2440 sufficiens
3666 2379 3736 2438 ad
3764 2379 4007 2454 obligan-

2402 2467 2556 2526 dum.
2598 2471 2754 2528 Ratio
2794 2476 2908 2543 est,
2947 2470 3075 2545 quia
3117 2471 3205 2528 lex
3230 2487 3337 2528 non
3365 2478 3548 2544 potest
3573 2477 3707 2530 actu
3738 2470 4003 2544 obligare,

2402 2559 2504 2617 nisi
2546 2561 2615 2616 sit
2652 2563 2896 2619 exterius
2934 2561 3309 2635 promulgata3
3336 2561 3421 2620 lex
3449 2568 3635 2620 autem
3663 2569 3915 2635 aeterna,
3942 2569 4003 2619 ut

2404 2649 2506 2718 sic,
2538 2665 2647 2708 non
2679 2658 2767 2708 est
2790 2651 3031 2710 exterius
3058 2651 3432 2726 promulgata,
3461 2668 3615 2725 ergo.
3646 2654 3786 2710 ltem
3810 2652 3897 2710 lex
3918 2668 4005 2710 ae-

2403 2745 2580 2811 terna,
2606 2747 2671 2797 ut
2690 2743 2794 2812 sic,
2820 2757 2929 2798 non
2952 2748 3216 2799 connotat
3232 2742 3488 2800 effectum
3511 2742 3870 2816 temporalem
3891 2744 3995 2800 iam

2402 2830 2635 2901 sactum,
2665 2833 2794 2903 quia
2817 2830 2896 2888 sio
2917 2839 3253 2904 repugnaret
3270 2847 3393 2890 esse
3414 2839 3718 2904 aeternam,
3744 2831 3845 2890 sed
3864 2840 3997 2890 actu

2336 2957 2345 2970 .
2405 2919 2649 2994 obligare
2688 2927 2777 2978 est
2816 2922 3129 2993 temporalis
3166 2923 3429 2994 effectus;
3470 2938 3623 2995 ergo.
3656 2921 3814 2981 Unde
3840 2923 4001 2980 etiam
4038 2965 4047 2977 .

2402 3013 2492 3084 fit,
2524 3018 2588 3069 ut
2617 3011 2703 3069 lex
2729 3020 2952 3069 aeterna
2976 3028 3257 3087 nunquam
3288 3029 3387 3086 per
3414 3013 3648 3086 seipsam
3685 3012 3892 3086 obliget
3918 3029 3999 3070 se·

2404 3109 2594 3176 parata
2620 3102 2688 3159 ab
2717 3103 2863 3161 omni
2892 3102 2992 3160 alia
3017 3102 3159 3178 lege,
3192 3103 3287 3165 sed
3314 3105 3627 3164 necessario
3657 3103 3821 3162 debet
3841 3103 4001 3162 alicui

2407 3192 2561 3250 alteri
2588 3192 2871 3266 coniungi,
2902 3199 2967 3251 ut
2992 3201 3125 3251 actu
3154 3193 3376 3268 obliget.
3407 3196 3546 3264 Quia
3570 3211 3681 3252 non
3708 3202 3845 3252 actu
3872 3194 4009 3251 obli·

2404 3289 2518 3355 gat,
2538 3283 2638 3339 nisi
2663 3281 2883 3356 quando
2906 3290 3036 3340 actu
3058 3284 3295 3340 exterius
3319 3284 3727 3358 promulgatum
3745 3299 3855 3341 non
3882 3300 4002 3357 pro·

2404 3371 2688 3446 mulgetur
2726 3379 2908 3430 autem
2927 3413 2943 3444 ,
2984 3373 3081 3428 nisi
3111 3372 3331 3449 quando
3360 3373 3443 3432 lex
3472 3372 3653 3447 aliqua
3679 3373 3891 3445 divina3
3923 3373 4003 3432 vel

2406 3462 2644 3519 humana
2681 3461 3083 3535 promulgatur.
3115 3468 3298 3537 Atque
3323 3463 3431 3521 hoc
3460 3464 3619 3523 modo
3645 3471 3831 3537 potest
3868 3465 4001 3536 dici,

2408 3553 2577 3626 legem
2615 3560 2889 3611 aeternam
2930 3569 3212 3628 nunquam
3249 3556 3489 3628 obligare
3529 3556 3839 3614 immediate
3862 3599 3879 3628 ,
3912 3556 4006 3616 sed

2406 3643 2674 3702 mediante
2700 3643 2887 3718 aliqua
2910 3644 3013 3702 alia
3042 3645 3180 3718 lege.
3205 3647 3431 3703 Diverso
3454 3654 3638 3705 tamen
3662 3646 3854 3719 modo,
3880 3649 4008 3720 quia

2404 3734 2623 3811 quando
2661 3748 2761 3810 per
2797 3735 3033 3792 divinam
3062 3735 3235 3810 legem
3265 3736 3597 3809 applicatur,
3628 3737 3768 3794 ratio
3800 3737 4008 3812 obliga-

2404 3827 2567 3884 tionis
2595 3825 2903 3900 priucipalis
2930 3841 2995 3884 ac
3025 3829 3273 3898 proxima
3300 3834 3385 3885 est
3410 3829 3527 3902 ipsa
3555 3827 3643 3886 lex
3677 3835 3931 3900 aeterna3
3952 3835 4005 3887 et

2405 3914 2489 3974 lex
2530 3922 2782 3986 externa,
2824 3931 2965 3990 quae
3007 3917 3075 3974 ibi
3120 3917 3423 3989 intervenit,
3454 3918 3630 4001 solum
3663 3925 3752 3976 est
3778 3921 4001 3992 signum

2408 4005 2649 4063 indicans
2672 4004 2849 4079 legem
2879 4005 3246 4081 principaliter
3274 3990 3621 4081 obligan'tem.
3652 4009 3814 4076 Quod
3846 4009 3903 4065 in
3932 4008 4009 4066 le·

2404 4097 2565 4170 gibus
2594 4094 2785 4153 divinis
2812 4097 3053 4168 positivis
3082 4104 3170 4155 est
3189 4098 3565 4170 manifestum
3592 4101 3645 4155 in
3670 4097 3791 4173 lege
3813 4107 4005 4161 autem

2406 4186 2642 4244 naturali
2682 4185 2847 4243 babet
2885 4185 3123 4260 aliquam
3164 4186 3581 4260 difficultatem,
3624 4205 3792 4263 quam
3836 4191 3893 4247 in
3924 4207 4007 4249 se-

2406 4277 2703 4352 quentibus
2728 4277 2994 4350 capitibus
3016 4278 3431 4350 explicabimus.
3457 4279 3681 4348 Quando
3704 4287 3897 4338 autem
3918 4297 4011 4358 ap-

2408 4368 2627 4442 plicatio
2658 4367 2789 4442 legis
2819 4375 3071 4426 aeternae
3098 4369 3159 4426 lit
3185 4384 3281 4440 per
3307 4370 3483 4444 legem
3512 4371 3839 4442 humanam,
3876 4380 4010 4430 tunc

2408 4462 2539 4521 licet
2579 4461 2667 4520 lex
2705 4468 2926 4518 aeterna
2953 4469 3258 4519 concurrat
3282 4460 3353 4518 ad
3379 4461 3761 4534 obligationem
3789 4461 3859 4518 ad
3892 4479 4009 4520 mo·

2405 4553 2541 4611 dum
2566 4567 2771 4609 causae
2800 4550 3158 4622 universalis·,
3192 4558 3371 4608 tamen
3399 4551 3641 4625 proxima
3670 4565 3843 4607 causa
3875 4551 4012 4608 obli·

2404 4642 2631 4716 gationis
2670 4647 2758 4699 est
2797 4642 2915 4712 ipsa
2957 4639 3041 4697 lex
3069 4639 3336 4712 bumana,
3365 4640 3489 4712 quia
3520 4655 3630 4696 non
3658 4637 3865 4713 obligat
3892 4651 4011 4698 tan-

2406 4741 2524 4790 tum
2554 4739 2618 4789 ut
2657 4731 2875 4804 signum
2910 4729 3209 4787 voluntatis
3234 4728 3471 4802 divinae,
3500 4729 3597 4786 sed
3626 4731 3915 4804 proxime,
3950 4737 4012 4788 ut

2406 4823 2618 4896 signum
2646 4821 2945 4878 voluntatis
2980 4820 3280 4891 humanae,
3310 4819 3465 4876 etita
3492 4821 3547 4875 in
3572 4818 3786 4892 legibus
3813 4819 4013 4878 huma·

2406 4916 2489 4970 nis
2525 4913 2705 4970 minus
2742 4913 3043 4985 propinque
3074 4911 3176 4982 (ut
3202 4911 3281 4967 sic
3312 4909 3527 4982 dicam)
3565 4907 3773 4983 obligat
3800 4909 3891 4970 lex
3920 4927 4013 4970 ae·

2406 5012 2593 5081 ternae
2611 5005 2687 5061 De
2711 5017 2824 5076 qua
2850 5001 2987 5059 baec
3016 4999 3275 5059 sufficere
3302 5000 3579 5060 videntur.
