4325 6267
1704 381 1917 432 CAPUT
1943 381 2140 430 xxIV.

296 505 462 580 sunt)
499 505 554 562 in
584 507 813 564 materia
842 504 1093 576 iustitiae,
1123 505 1344 578 quando
1371 503 1457 564 lex
1486 512 1634 564 taxat
1652 508 1891 581 pretium

293 599 395 666 τοῖς
426 611 644 668 ηαιιι,θο
672 597 788 668 ipso
813 594 945 653 illud
971 602 1057 653 est
1086 594 1324 654 medium
1349 598 1602 671 iustitiae,
1632 604 1689 655 et
1716 605 1893 654 trans-

291 687 502 760 gressio
534 693 624 744 est
647 686 936 758 iniustitia,
968 701 1108 760 quae
1135 702 1200 743 ex
1227 702 1424 760 genere
1464 704 1567 747 suo
1597 696 1890 761 peccatum

291 776 520 833 mortale
567 781 684 849 est,
713 781 770 834 et
795 781 1199 849 consequenter
1221 777 1381 834 etiam
1413 779 1633 837 violatio
1661 779 1788 836 talis
1817 777 1891 836 le-

291 866 376 940 gis
409 872 589 923 estex
619 883 722 923 suo
748 881 950 940 genere
976 873 1268 938 peccatum
1299 867 1548 941 mortale,
1571 877 1628 926 et
1648 867 1786 927 idem
1807 875 1893 926 est

291 971 424 1013 cum
470 957 822 1029 proportione
857 955 913 1011 in
951 955 1193 1030 reliquis.
1223 957 1403 1015 Tertio
1432 958 1727 1032 probatur,
1762 961 1892 1033 quia

291 1045 430 1105 haec
473 1049 764 1106 concessio
800 1061 909 1103 non
945 1054 1030 1103 est
1064 1045 1371 1120 specialiter
1405 1046 1530 1105 (lata
1577 1065 1610 1106 a
1645 1049 1887 1123 Christo,

294 1137 426 1195 alias
461 1143 605 1196 esset
653 1138 874 1210 propria
909 1136 1044 1210 legis
1080 1153 1283 1210 novae,
1321 1138 1471 1213 quod
1505 1146 1592 1196 est
1633 1139 1890 1198 frivolum

292 1233 349 1285 et
383 1228 500 1285 sine
537 1227 908 1300 fundamento,
937 1234 994 1284 et
1021 1236 1207 1300 aperte
1234 1235 1504 1302 repugnat
1529 1231 1698 1288 Paulo
1725 1232 1886 1288 Rom.

300 1323 390 1377 13.
429 1318 661 1376 dicenti:
700 1319 913 1377 Omnis
949 1321 1188 1386 anima,
1224 1325 1334 1376 etc.
1366 1327 1425 1377 et
1458 1319 1626 1377 tradit
1665 1335 1891 1394 genera-

292 1406 400 1466 lem
439 1392 740 1466 doctrinam
778 1424 1124 1466 communem
1151 1411 1312 1466 etiam
1337 1409 1596 1484 ethnicis,
1629 1418 1692 1468 ut
1717 1413 1769 1469 in
1797 1429 1892 1469 su-

289 1500 598 1572 perioribus
623 1501 802 1558 visum
831 1506 936 1572 est,
963 1506 1019 1556 et
1045 1507 1264 1557 constat
1290 1506 1474 1574 aperte
1501 1516 1567 1558 ex
1589 1502 1744 1559 simili
1767 1502 1889 1560 loco

291 1591 438 1648 Petri
474 1595 524 1650 1.
558 1607 758 1648 canon.
788 1607 907 1663 cap.
935 1595 991 1662 2,
1019 1597 1076 1646 et
1101 1592 1228 1662 Sap.
1265 1595 1318 1649 6:
1351 1590 1584 1660 Audite,
1613 1607 1792 1665 reyes,

289 1684 579 1756 quoniam
603 1682 756 1738 data
784 1687 869 1738 est
896 1697 939 1738 a
963 1684 1218 1739 Domino
1237 1687 1505 1755 potestas
1533 1681 1708 1739 vobis.
1731 1683 1888 1751 Quod

295 1787 432 1828 vero
460 1771 550 1829 illa
576 1777 839 1844 potestas,
871 1785 1011 1844 quae
1037 1771 1348 1828 communis
1375 1777 1462 1830 est
1490 1771 1747 1845 ethnicis,
1779 1789 1889 1834 non

293 1859 373 1916 sit
408 1875 476 1917 ex
517 1859 740 1933 speciali
767 1862 1120 1920 concessione
1151 1858 1332 1918 addita
1360 1866 1612 1934 naturae,
1644 1861 1696 1918 in
1727 1877 1890 1935 supe-

291 1949 534 2007 rioribus
574 1957 860 2008 ostensum
897 1958 1014 2022 est,
1057 1958 1115 2008 et
1151 1967 1248 2024 per
1289 1967 1346 2008 se
1373 1958 1462 2010 est
1485 1951 1738 2026 evidens,
1767 1959 1886 2010 tum

292 2041 424 2112 quia
447 2042 503 2097 in
531 2042 818 2114 Scriptura
842 2041 991 2099 nulla
1017 2041 1075 2098 tit
1102 2042 1300 2098 mentio
1341 2041 1464 2098 talis
1492 2043 1884 2117 concessionis,

293 2128 398 2186 sed
425 2129 496 2187 illi
525 2132 777 2203 potestati
803 2129 1039 2188 naturali
1071 2130 1324 2188 tribuitur
1347 2132 1599 2189 tantavis
1622 2131 1889 2205 imperan-

293 2219 374 2294 di,
406 2227 468 2278 ut
495 2222 590 2295 qui
616 2221 663 2278 ei
687 2224 984 2294 resistunt,
1015 2220 1113 2276 sibi
1141 2219 1542 2278 damnationem
1572 2223 1885 2296 acquirant,

292 2313 456 2369 Rom.
494 2315 584 2386 13,
613 2319 734 2370 tum
759 2313 945 2383 etiam,
975 2313 1105 2385 quia
1132 2310 1252 2369 talis
1279 2317 1519 2382 potestas
1551 2312 1765 2369 inventa
1805 2318 1889 2370 est

295 2403 354 2459 in
380 2403 636 2477 legitimis
671 2403 892 2478 regibus
920 2401 1224 2459 infidelibus
1257 2393 1472 2459 'nullam
1502 2401 1888 2461 revelationem

293 2492 382 2549 vel
407 2493 874 2565 supernaturalem
897 2491 1144 2550 notitiam
1165 2491 1520 2568 habentibus,
1543 2499 1629 2551 est
1651 2511 1783 2569 ergo
1808 2497 1890 2552 in·

295 2585 537 2639 trinseca
563 2583 820 2656 potestati
847 2582 1097 2655 naturali,
1131 2589 1188 2640 et
1214 2582 1398 2640 divina
1419 2582 1628 2642 dicitur
1649 2601 1745 2656 per
1769 2601 1887 2642 mo-

298 2655 432 2728 dum
470 2672 600 2730 doni
639 2672 1050 2747 connaturalis,
1092 2688 1198 2732 non
1241 2689 1338 2746 per
1379 2674 1604 2732 modum
1634 2674 1886 2747 specialis

299 2763 688 2820 concessionis.

373 2853 574 2909 Contra
594 2853 732 2910 hanc
756 2857 941 2909 autem
964 2853 1248 2910 veritatem
1277 2851 1494 2910 videtur
1521 2855 1758 2910 sensisse
1780 2855 1887 2911 Me-

297 2941 426 2999 dina
449 2949 616 3000 tract.
648 2941 719 3000 de
743 2945 991 3011 ieiunia,
1025 2959 1145 3014 cap.
1177 2945 1230 3016 73
1263 2945 1429 3001 sentit
1451 2943 1620 3016 enim,
1645 2943 1890 3001 saecula-

297 3047 388 3090 res
415 3033 688 3106 principes
716 3032 914 3090 habere
943 3027 1084 3089 hanc
1111 3039 1434 3106 potestatem
1461 3049 1526 3090 ex
1557 3034 1782 3106 speciali
1796 3034 1888 3091 Dei

301 3123 684 3196 concessione3
718 3124 922 3180 ratione
949 3124 1114 3180 cuius
1141 3121 1294 3193 dicit,
1326 3140 1421 3181 eos
1450 3126 1528 3182 uti
1557 3128 1886 3182 auctoritate

297 3213 416 3282 Dei,
445 3211 666 3286 quando
689 3214 961 3286 imperant
988 3212 1092 3269 sub
1114 3221 1272 3271 reatu
1296 3229 1501 3286 poenae
1522 3221 1795 3272 aeternae.
1820 3217 1890 3273 Et

301 3301 354 3356 in
389 3299 495 3356 hoc
530 3301 845 3374 aequiparat
873 3303 1138 3376 principes
1169 3302 1478 3360 saeculares
1503 3304 1756 3377 praelatis
1783 3305 1892 3362 Ec-

301 3390 520 3463 clesiae,
548 3393 644 3464 qui
668 3398 996 3464 potestatem
1025 3408 1180 3450 suam
1204 3392 1403 3450 habent
1423 3409 1488 3450 ex
1514 3393 1734 3467 speciali
1758 3410 1890 3451 con·

301 3483 552 3538 cessione
593 3481 811 3540 Christi.
843 3483 1152 3558 Nititurque
1181 3487 1233 3542 in
1259 3483 1350 3541 illo
1379 3483 1733 3543 fundamento
1761 3487 1890 3543 Ger-

301 3572 481 3645 soniS,
511 3573 660 3647 quod
687 3589 846 3630 nemo
879 3580 1058 3646 potest
1085 3575 1188 3632 sub
1216 3581 1370 3633 reatu
1407 3591 1613 3649 poenae
1639 3583 1889 3634 aeternae

299 3662 593 3736 imperare,
635 3663 734 3719 nisi
769 3665 864 3737 qui
891 3663 1038 3720 illam
1067 3679 1297 3736 poenam
1325 3672 1506 3738 potest
1533 3665 1806 3740 infligere,
1835 3673 1892 3724 et

301 3751 424 3809 ideo
465 3752 620 3809 solus
661 3755 806 3810 Deus
843 3753 899 3810 id
925 3760 1139 3827 potest,
1170 3755 1257 3812 vel
1284 3757 1378 3828 qui
1407 3756 1474 3813 ab
1503 3755 1593 3813 illo
1623 3755 1786 3813 habet
1811 3763 1890 3812 ta·

299 3841 407 3900 lem
451 3849 780 3915 potestatem
825 3844 1138 3916 specialiter
1183 3846 1554 3904 commissam.
1610 3847 1888 3905 Almainus

299 3947 434 3990 vero
454 3932 515 3989 d.
547 3949 600 3990 c.
636 3938 684 3993 1.
710 3934 900 3991 Moral.
925 3935 1054 3994 licet
1075 3936 1128 3991 in
1153 3935 1436 4009 principali
1459 3937 1756 3994 assertione
1783 3937 1890 3995 dis-

302 4026 503 4081 sentiat
539 4040 572 4081 a
607 4023 846 4099 Medios,
881 4031 1060 4082 tamen
1087 4028 1142 4083 in
1173 4025 1278 4083 hoc
1308 4025 1660 4085 fundamento
1690 4044 1889 4086 conve-

299 4116 417 4171 nire
435 4115 672 4174 videtur.
689 4118 856 4175 Putat
875 4117 1040 4189 enim,
1060 4115 1127 4173 ad
1151 4117 1588 4190 praecipiendum
1610 4117 1714 4174 sub
1735 4125 1890 4176 reatu

301 4221 510 4278 poenae
539 4213 788 4265 aeternae
815 4207 1180 4264 necessariam
1206 4223 1328 4264 esse
1354 4210 1740 4267 auctoritatem
1769 4225 1892 4282 spe-

299 4295 520 4353 cialiter
563 4312 593 4352 a
629 4299 738 4354 Deo
774 4312 1128 4368 concessam,
1159 4303 1216 4354 et
1240 4298 1366 4369 quia
1396 4303 1568 4371 putat,
1605 4298 1744 4355 hanc
1771 4314 1890 4356 esse

299 4387 488 4444 datam
508 4386 712 4445 Christi
729 4387 967 4462 Vicario,
991 4403 1098 4444 non
1123 4394 1306 4445 autem
1330 4387 1558 4460 principi
1583 4389 1887 4464 temporali,

301 4475 426 4534 ideo
466 4483 658 4551 negat,
701 4475 851 4551 leges
877 4477 1064 4535 civiles
1091 4476 1326 4552 obligare
1355 4477 1460 4536 sub
1484 4478 1734 4554 mortali,
1763 4478 1893 4538 licet

301 4565 372 4624 de
397 4568 788 4626 ecclesiasticis
817 4568 869 4625 id
896 4569 1186 4626 concedat.
1562 4628 1580 4650 ,

381 4659 484 4716 Sed
524 4659 770 4732 protecto
811 4658 953 4716 idem
992 4666 1078 4718 est
1103 4675 1233 4717 cum
1258 4661 1608 4732 proportione
1641 4659 1710 4718 de
1738 4667 1894 4718 utro-

305 4765 416 4824 que
443 4749 712 4822 superiori
737 4750 1006 4808 saeculari
1033 4757 1088 4807 et
1112 4748 1482 4809 ecclesiastico
1512 4753 1564 4809 in
1599 4752 1702 4810 hac
1737 4757 1889 4824 parte

305 4836 670 4898 sentiendum.
711 4842 846 4898 Nam
885 4840 1013 4898 licet
1053 4842 1103 4897 in
1133 4840 1238 4898 hoc
1267 4840 1534 4912 differant,
1565 4841 1715 4915 quod
1738 4849 1890 4914 pote-

305 4935 422 4986 stas
446 4929 782 5003 gubernandi
811 4930 970 4988 aliter
997 4929 1126 4988 data
1143 4937 1230 4987 est
1245 4931 1460 4989 vicario
1480 4931 1697 5005 Christi,
1723 4948 1890 5006 quam

305 5020 658 5094 imperatori3
690 5020 762 5076 illi
787 5021 929 5077 enim
954 5019 1080 5078 data
1106 5026 1195 5078 est
1219 5036 1318 5094 per
1345 5021 1639 5094 specialem
1662 5038 1893 5080 conces-

305 5111 516 5169 sionem
553 5109 1050 5184 supernaturalem,
1083 5109 1209 5168 huic
1237 5126 1337 5185 per
1362 5097 1683 5170 electionem
1721 5113 1892 5171 bomi-

305 5217 472 5276 num,
511 5201 596 5259 vel
635 5201 801 5258 alium
836 5199 1059 5258 modum
1097 5199 1461 5258 dimanantem
1499 5217 1530 5258 a
1557 5202 1667 5259 Deo
1704 5211 1768 5261 ut
1795 5219 1891 5261 au-

307 5301 464 5356 ctore
503 5299 730 5354 naturae
755 5308 822 5352 ex
856 5291 908 5350 vi
937 5291 1196 5350 naturalis
1224 5290 1442 5350 luminis
1469 5292 1724 5368 rationis3
1755 5293 1895 5353 nihi·

3336 359 3466 456 247

1959 504 2195 564 lominus
2222 507 2277 562 iu
2304 505 2409 562 hoc
2438 503 2791 574 conveniunt,
2822 503 2973 578 quod
3001 503 3179 561 neutri
3204 501 3331 560 data
3352 509 3437 560 est
3458 518 3549 574 pe-

1961 596 2191 654 culiaris
2228 601 2470 669 potestas
2510 595 2811 668 imperandi
2840 597 2891 652 in
2921 611 3023 653 sua
3051 596 3281 652 materia
3301 639 3314 664 ,
3345 601 3402 652 et
3430 595 3549 650 soro

1958 687 2063 744 sub
2095 693 2250 744 reatu
2280 701 2486 759 poenae
2516 693 2767 744 aeternae
2794 701 2893 759 per
2920 685 3209 758 specialem
3236 687 3551 742 concessio-

1959 765 2106 848 nem,
2137 776 2234 834 sed
2262 777 2440 833 solum
2466 777 2739 847 quatenus
2760 791 2827 833 ex
2851 783 3047 832 natura
3069 775 3149 831 rei
3170 773 3472 832 includitur
3495 777 3553 831 in

1961 872 2227 938 potestate
2266 864 2605 940 gubernandi
2643 865 2941 938 unicuique
2968 881 3257 922 concessa.
3289 868 3423 923 Nam
3451 867 3552 923 Pe-

1958 965 2078 1015 trus
2103 974 2209 1014 non
2232 956 2423 1016 habuit
2444 956 2585 1014 hanc
2610 962 2956 1028 potestatem,
2982 964 3048 1014 ut
3066 957 3207 1013 infra
3226 955 3546 1030 videbimus,

1958 1049 2056 1120 nisi
2095 1064 2162 1106 ex
2205 1049 2261 1104 vi
2300 1047 2442 1104 illius
2470 1046 2859 1104 concessionis:
2892 1049 3079 1104 Pasce
3106 1062 3237 1104 oves
3264 1061 3457 1112 meas,
3494 1053 3551 1104 et

1959 1138 2119 1196 aliam
2147 1137 2524 1211 specialiorem
2551 1138 2751 1210 fingere
2782 1152 2981 1193 vanum
3008 1143 3095 1193 est
3120 1143 3176 1194 et
3205 1137 3320 1192 sine
3356 1134 3549 1193 funda-

1961 1233 2167 1285 mento.
2200 1227 2349 1286 Idem
2374 1241 2507 1300 ergo
2535 1242 2665 1283 cum
2695 1228 3041 1299 proportione
3064 1231 3151 1282 est
3176 1225 3243 1282 de
3274 1241 3423 1299 rege,
3454 1241 3551 1282 seu

1961 1317 2308 1389 imperatore,
2338 1316 2465 1391 quia
2494 1317 2545 1372 in
2573 1313 2851 1374 latitudine
2880 1329 3011 1372 suae
3034 1316 3287 1372 materiae
3308 1322 3549 1386 potestas

1957 1407 2077 1464 eius
2119 1406 2351 1465 includit
2392 1407 2531 1464 hanc
2561 1409 2671 1464 vim
2698 1413 2756 1462 et
2781 1406 3085 1464 efficaciam
3122 1405 3453 1481 imperandi,
3486 1411 3551 1463 ut

1960 1496 2301 1556 declaratum
2318 1505 2433 1556 est.

2034 1589 2224 1661 Neque
2246 1587 2477 1644 sortasse
2499 1584 2703 1644 Medina
2723 1585 2868 1643 aliud
2892 1589 3080 1659 sensit,
3104 1601 3387 1660 nunquam
3406 1587 3549 1644 enim

1958 1676 2111 1746 dixit,
2146 1677 2287 1734 hanc
2315 1692 2435 1735 esse
2464 1677 2752 1750 specialem
2781 1677 3211 1748 concessionem,
3250 1677 3344 1734 sed
3368 1679 3549 1735 solum

1959 1765 2129 1824 voluit
2166 1767 2471 1840 explicare,
2514 1783 2632 1824 nou⁴
2652 1767 2893 1839 potuisse
2921 1781 3329 1840 quamcumque
3357 1783 3425 1824 ex
3462 1766 3547 1823 his

1955 1857 2321 1931 potestatibus
2355 1856 2573 1913 extendi
2606 1855 2673 1912 ad
2711 1855 3061 1930 obligandum
3088 1856 3191 1914 sub
3219 1863 3376 1914 reatu
3418 1873 3548 1930 poe-

1955 1965 2056 2006 nae
2087 1956 2363 2022 aeternae,
2394 1948 2496 2004 nisi
2522 1955 2669 2006 esset
2695 1953 2925 2020 utraque
2948 1947 3127 2021 aliquo
3150 1946 3315 2006 modo
3336 1947 3539 2022 divina,

1953 2046 2011 2096 et
2035 2054 2134 2111 per
2161 2055 2281 2096 eam
2311 2045 2631 2111 operaretur
2658 2036 2843 2110 homo,
2874 2053 2940 2093 ac
2970 2039 3324 2114 praeciperet,
3357 2047 3421 2096 ut
3446 2041 3547 2096 mi·

1955 2129 2126 2186 nister
2166 2129 2279 2186 Dei.
2322 2127 2477 2198 Quod
2518 2136 2604 2187 est
2629 2129 2994 2202 verissimum,
3025 2136 3145 2186 tum
3174 2131 3301 2202 quia
3328 2129 3381 2187 id
3410 2132 3543 2188 satis

1952 2218 2211 2276 indicavit
2250 2219 2455 2276 Paulus
2496 2219 2619 2276 loco
2659 2218 2853 2292 citato,
2885 2225 3003 2275 tum
3028 2221 3223 2287 etiam,
3253 2221 3379 2293 quia
3408 2219 3540 2278 alias

1957 2312 2317 2385 transgressio
2358 2309 2479 2366 talis
2519 2309 2650 2383 legis
2678 2327 2785 2367 non
2813 2308 3143 2368 redundaret
3171 2309 3223 2365 in
3254 2310 3343 2366 Dei
3373 2309 3539 2367 offen·

1957 2403 2165 2458 sionem
2172 2443 2195 2483 2
2234 2407 2290 2458 et
2324 2409 2724 2475 consequenter
2769 2417 2875 2459 non
2916 2407 3224 2458 mereretur
3265 2406 3541 2460 aeternam

1956 2508 2208 2567 poenam.
2242 2491 2525 2549 Almainus
2554 2499 2735 2549 autem
2758 2494 3035 2554 immerito.
3051 2492 3340 2549 constituit
3360 2492 3413 2548 in
3435 2493 3541 2549 hoc

1957 2581 2313 2640 differentiam
2352 2584 2491 2639 inter
2530 2589 2855 2652 potestatem
2897 2582 3092 2639 laicam
3130 2589 3189 2639 et
3214 2581 3573 2640 ecclesiasti·.

1959 2687 2112 2742 cam,
2154 2688 2279 2730 nam
2317 2672 2448 2729 licet
2476 2673 2527 2729 in
2558 2672 2742 2730 multis
2770 2673 2884 2730 aliis
2911 2670 3179 2746 differant,
3210 2672 3260 2728 in
3291 2671 3396 2729 hoc
3426 2688 3540 2729 ser-

1957 2770 2090 2818 vant
2117 2763 2560 2836 proportionem,
2592 2778 2698 2818 non
2728 2757 3099 2836 aequalitatis,
3132 2760 3228 2819 sed
3255 2760 3547 2820 cuiusdam

1960 2851 2499 2924 proportionalitatis,
2534 2859 2597 2908 ut
2626 2851 2755 2909 satis
2782 2852 3116 2923 explicatum
3142 2858 3249 2908 est.

2033 2947 2090 3000 4.
2119 2941 2373 3001 Secundo
2413 2959 2481 2999 ex
2520 2941 2681 3000 dictis
2722 2941 2981 3014 insertur,
3021 2959 3128 3000 non
3171 2942 3349 3001 solum
3382 2957 3545 3015 posse

1955 3033 2176 3104 peccari
2212 3031 2511 3090 mortaliter
2538 3038 2729 3090 contra
2760 3031 2939 3106 legem
2980 3032 3210 3106 civilem,
3236 3033 3454 3107 quando
3479 3047 3549 3091 ex

1957 3129 2275 3194 contemptu
2302 3121 2516 3180 formali
2544 3139 2653 3179 non
2691 3129 2971 3194 servatur3
3002 3121 3099 3180 sed
3136 3123 3297 3180 etiam
3324 3125 3544 3198 quoties

1956 3228 2088 3270 cum
2119 3211 2415 3270 sufficienti
2443 3214 2754 3286 cognitione
2784 3229 2847 3270 ac
2874 3213 3258 3273 deliberatione
3280 3214 3539 3288 violatur,

1959 3304 2070 3360 sive
2107 3302 2162 3360 id
2202 3303 2296 3359 fiat
2333 3318 2401 3360 ex
2439 3303 2789 3377 negligentia,
2821 3303 2933 3360 sive
2958 3320 3025 3360 ex
3052 3319 3409 3378 quocumque
3437 3304 3543 3362 alio

1957 3407 2125 3470 pravo
2155 3391 2376 3450 affectu.
2408 3394 2522 3450 Hoc
2554 3393 2889 3451 advertimus
2917 3401 3115 3460 contra
3154 3395 3364 3469 aliquos
3393 3437 3408 3471 ,
3446 3397 3543 3470 qui

1955 3485 2116 3543 etiam
2142 3482 2209 3542 de
2236 3484 2621 3542 ecclesiasticis
2647 3484 2857 3558 legibus
2886 3485 3161 3558 dixerunt,
3186 3501 3291 3542 non
3324 3486 3543 3558 peccari

1957 3582 2154 3633 contra
2178 3590 2272 3632 eas
2302 3575 2577 3632 moraliter
2602 3618 2617 3647 ,
2645 3576 2745 3631 nisi
2773 3574 3069 3633 formaliter
3098 3583 3541 3650 contemnantur,

1957 3667 2050 3741 qui
2092 3683 2125 3724 a
2161 3665 2370 3724 fortiori
2408 3666 2768 3746 idem·essent
2794 3664 3001 3724 dicturi
3026 3663 3093 3723 de
3122 3665 3335 3740 legibus
3374 3666 3545 3724 civili-

1957 3758 2094 3815 bus:
2129 3756 2226 3814 sed
2266 3763 2465 3814 contra
2502 3756 2618 3813 illos
2657 3771 2721 3814 ex
2750 3757 2996 3830 professo
3028 3757 3381 3816 tractabimus
3409 3757 3543 3816 libro

1961 3847 2226 3922 sequenti.
2257 3849 2413 3906 Nunc
2442 3846 2711 3920 probatur
2731 3847 2915 3920 illatio,
2938 3850 3069 3921 quia
3088 3849 3201 3905 sine
3222 3854 3543 3922 contemptu

1963 3939 2173 3997 formali
2210 3938 2377 3996 datur
2402 3937 2558 4010 plena
2582 3945 2639 3996 et
2667 3947 3051 3997 consummata
3076 3941 3439 4015 transgressio
3466 3941 3545 3998 le-

1958 4030 2063 4102 gis3
2095 4043 2227 4102 ergo
2260 4029 2303 4085 si
2332 4027 2415 4084 lex
2436 4025 2589 4096 dese
2612 4027 2812 4101 obligat
2838 4029 2941 4086 sub
2964 4036 3120 4088 reatu
3142 4035 3391 4088 aeternae
3412 4047 3543 4103 poe·

1958 4133 2092 4189 nae,
2133 4119 2187 4174 in
2230 4117 2660 4192 transgressione
2698 4119 2816 4175 eius
2856 4120 3215 4177 committitur
3249 4128 3543 4193 peccatum

1961 4208 2192 4266 mortale
2212 4249 2229 4278 ,
2260 4208 2473 4265 etiamsi
2502 4224 2608 4265 non
2636 4209 2731 4265 fiat
2753 4226 2819 4267 ex
2849 4216 3163 4283 contemptu
3184 4201 3413 4269 formali.
3438 4214 3543 4270 Lo-

1959 4314 2103 4373 quor
2131 4304 2317 4356 autem
2346 4285 2559 4370 semper
2585 4296 2652 4356 de
2682 4299 2893 4357 formali
2921 4307 3263 4376 contemptu3
3289 4318 3412 4360 nam
3436 4304 3546 4360 vir·

1956 4387 2144 4462 tualis,
2178 4404 2276 4446 seu
2305 4391 2483 4461 potius
2514 4388 2827 4462 materialis,
2856 4389 2907 4446 in
2936 4392 3082 4447 omni
3110 4394 3541 4467 transgressione

1957 4478 2093 4554 legis
2127 4477 2449 4536 includitur:
2474 4479 2713 4537 formalis
2741 4487 2921 4540 autem
2943 4483 3289 4554 necessarius
3306 4498 3412 4540 non
3433 4489 3539 4560 est,

1959 4577 2024 4629 ut
2048 4577 2199 4645 patet
2224 4569 2582 4644 inductione,
2618 4587 2743 4630 nam
2769 4572 2835 4630 ad
2865 4572 3204 4646 peccandum
3242 4579 3434 4632 contra
3460 4576 3547 4633 iu·
3616 4613 3626 4624 -

1959 4662 2197 4735 stitiam,
2229 4658 2509 4718 vendendo
2538 4676 2652 4721 rem
2681 4664 2865 4720 carius
2892 4703 2907 4735 ,
2947 4679 3111 4737 quam
3155 4664 3266 4738 lege
3294 4672 3543 4724 taxatum

1961 4752 2060 4823 sit,
2093 4767 2201 4809 non
2245 4758 2333 4810 est
2370 4752 2711 4810 necessarius
2736 4751 2977 4821 formalis
3004 4760 3351 4829 contemptus
3380 4757 3536 4830 legis,

1959 4841 2052 4900 sed
2081 4845 2217 4901 satis
2244 4849 2332 4900 est
2352 4841 2403 4899 id
2426 4843 2604 4900 facere
2626 4842 2925 4900 voluntarie
2944 4859 3011 4902 ex
3035 4845 3233 4904 affectu
3256 4847 3543 4922 pecuniae,

1959 4933 2046 4990 vel
2075 4933 2179 4990 alio
2209 4931 2384 4990 simili.
2416 4933 2545 4989 item
2575 4938 2637 4990 ut
2662 4932 2826 4991 iudex
2862 4940 3057 5004 peccet
3095 4937 3331 5009 graviter
3365 4943 3544 4994 trans-

1958 5021 2256 5098 grediendo
2280 5021 2418 5080 iuris
2445 5021 2689 5080 ordinem
2724 5023 2777 5080 in
2800 5021 3019 5097 iudicio,
3044 5041 3151 5081 non
3183 5031 3271 5084 est
3290 5040 3537 5102 necesse,

1969 5121 2035 5172 ut
2060 5131 2126 5172 ex
2155 5117 2478 5186 contemptu
2505 5110 2556 5169 id
2582 5113 2743 5170 saciat
2763 5157 2778 5186 ,
2808 5120 2872 5172 ut
2906 5121 3146 5173 constat.
3177 5116 3244 5174 Et
3268 5115 3410 5174 idem
3436 5125 3543 5191 est,

1969 5207 2024 5262 in
2054 5203 2317 5274 similibus
2333 5244 2350 5278 ,
2372 5219 2513 5277 quae
2538 5203 2670 5260 satis
2697 5210 2952 5263 constant
2977 5219 3042 5262 ex
3064 5207 3340 5263 communi
3366 5223 3471 5265 usu
3490 5213 3547 5266 et

1961 5311 2132 5362 sensu,
2168 5294 2570 5354 fidelium.1mo
2608 5293 2733 5354 hinc
2771 5294 2946 5356 obiter
2970 5294 3141 5356 insero
3170 5337 3186 5373 ,
3225 5311 3387 5373 posse
3414 5313 3544 5374 pec-
