4325 6267
867 371 992 436 238

782 513 1102 573 derivantur
1141 530 1174 572 a
1213 515 1329 590 lege
1371 509 1603 572 naturali
1640 509 1817 568 solum
1856 505 2142 582 posteriori
2183 506 2372 583 modo,

782 604 998 663 scilicet
1024 622 1121 676 per
1148 606 1377 664 modum
1414 602 1878 663 determinationis
1906 642 1922 667 ,
1964 606 2021 658 et
2060 600 2369 658 secundum

784 695 929 754 illam
961 695 1473 754 determinationem
1502 694 1748 768 obligant
1772 692 2075 750 immediate
2101 707 2170 750 ex
2196 692 2248 748 vi
2275 709 2374 765 po-

2241 381 2448 432 LIBER
2485 381 2590 432 111.

2442 509 2498 565 in
2526 506 2865 576 conscientia
2889 521 3012 564 esse
3047 507 3436 572 necessariam.
3471 513 3539 567 ut
3577 515 3834 583 potestas
3875 509 4050 568 civilis

2441 613 2539 672 per
2555 614 2683 657 suas
2703 596 2849 670 leges
2871 599 3046 670 possit
3064 597 3366 656 efficaciter
3382 601 3650 674 consequi
3665 601 3834 658 finem
3849 619 4044 670 suum3

2443 690 2574 764 quia
2594 691 2692 746 nisi
2713 688 2858 746 cives
2883 690 2935 745 in
2959 689 3294 747 conscientia
3321 696 3608 748 teneantur
3628 707 3694 748 ea
3720 691 3940 761 facere,
3969 692 4050 749 vel

784 786 993 845 testatis
1024 785 1357 860 legislativae
1384 785 1685 855 humanae,
1718 799 1857 857 quae
1886 783 2268 856 obligationem
2308 782 2370 839 il·
2438 781 2606 837 vitare
2631 820 2646 851 ,
2690 796 2832 854 quae
2877 779 2960 837 lex
3003 778 3176 836 civilis
3221 781 3520 839 efficaciter
3561 783 3839 855 praecipit
3873 823 3893 854 ,
3947 789 4042 840 aut

779 874 889 934 lam
916 879 973 933 in
1002 878 1343 938 conscientia
1371 884 1553 951 potest
1579 875 1775 934 addere
1802 889 1971 946 supra
1991 874 2371 949 obligationem

781 966 916 1041 legis
943 969 1211 1025 naturalis
1240 968 1326 1025 vel
1351 967 1583 1040 divinae,
1618 972 1683 1024 ut
1708 972 1991 1023 ostensum
2016 972 2118 1023 est.
2150 967 2221 1023 Et
2247 966 2376 1039 quia

781 1057 873 1115 illa
901 1064 1146 1130 potestas
1186 1057 1367 1131 quoad
1413 1058 1559 1130 leges
1590 1056 1775 1114 civiles
1798 1054 2077 1113 derivatur
2104 1054 2172 1112 ad
2201 1055 2374 1112 bomi-

778 1163 903 1204 nem
932 1147 1109 1204 media
1136 1149 1347 1205 ratione
1376 1147 1643 1227 naturali,
1675 1153 1739 1204 ut
1759 1161 1927 1218 supra
1946 1151 2230 1202 ostensum
2259 1151 2369 1216 est,

778 1236 898 1294 ideo
925 1243 1075 1294 recte
1117 1237 1380 1294 dicuntur
1420 1237 1556 1294 tales
1598 1237 1745 1311 leges
1774 1235 2044 1294 humanae
2076 1233 2275 1292 deduci
2302 1233 2386 1292 ex'

782 1326 1018 1384 naturali
1046 1343 1142 1401 per
1163 1328 1391 1386 modum
1420 1327 1911 1398 determinationis,
1936 1341 2039 1382 seu
2062 1322 2370 1398 additionis,

780 1417 957 1474 sactae
998 1433 1095 1490 per
1135 1424 1462 1490 potestatem
1502 1417 1805 1476 derivatam
1844 1417 1911 1474 ab
1949 1417 2065 1490 ipsa
2113 1415 2233 1489 lege
2277 1430 2372 1472 na-

779 1507 965 1565 turali.

858 1602 912 1658 9.
945 1599 1248 1671 Superest,
1294 1604 1358 1656 ut
1396 1597 1733 1673 argumentis
1773 1597 1825 1654 in
1868 1595 2366 1670 principio-positis

778 1688 1228 1761 respondeamus.
1263 1690 1344 1746 Ad
1373 1689 1607 1762 primum
1636 1694 1919 1760 sumptum
1948 1703 2015 1744 ex
2042 1701 2180 1743 voce
2208 1689 2264 1743 et
2288 1685 2369 1742 di-

775 1782 1071 1839 stinctione
1098 1773 1203 1837 soii
1231 1779 1613 1854 respondetur,
1637 1781 1848 1837 etiamsi
1873 1778 2057 1834 sorum
2084 1783 2369 1834 externum

776 1869 961 1946 quoad
989 1872 1370 1929 executionem
1397 1878 1455 1929 et
1483 1870 1741 1928 iudicium
1771 1870 2085 1926 distinctum
2111 1869 2184 1925 sit
2201 1885 2232 1925 a
2253 1868 2370 1925 foro

773 1963 1013 2036 interno,
1054 1968 1112 2018 et
1139 1962 1531 2032 conscientiae,
1564 1961 1912 2019 nihilominus
1952 1975 2019 2017 ex
2060 1959 2181 2032 lege
2219 1965 2371 2015 exte-

774 2053 893 2109 rius
928 2052 1106 2126 posita
1131 2050 1200 2108 de
1228 2051 1409 2126 aliquo
1439 2057 1573 2109 actu
1596 2050 1901 2108 redundare
1922 2047 2196 2106 diversum
2227 2045 2371 2106 iudi-

778 2142 930 2200 cium
956 2142 1010 2198 in
1039 2143 1159 2199 soro
1188 2135 1551 2199 conscientiae
1580 2140 1646 2198 de
1675 2140 1869 2198 eodem
1897 2146 2061 2212 actu3
2094 2139 2221 2212 quia
2249 2139 2369 2196 talis

778 2233 865 2290 lex
891 2231 1054 2290 habet
1074 2233 1183 2289 vim
1200 2231 1572 2290 constituendi
1596 2231 1757 2288 talem
1782 2229 2073 2302 actionem,
2099 2229 2182 2286 vel
2205 2230 2372 2286 omis-

777 2325 984 2381 sionem
1012 2324 1068 2380 in
1102 2321 1331 2381 materia
1356 2323 1665 2380 necessaria
1692 2322 1906 2377 virtutis
1935 2320 2022 2377 vel
2064 2319 2174 2377 vitii
2202 2339 2217 2392 ;
2260 2334 2372 2393 qua

775 2413 969 2470 morali
1000 2415 1306 2471 mutatione
1332 2412 1514 2484 sacta,
1554 2411 1891 2470 conscientia
1918 2408 2118 2482 dictat,
2152 2410 2258 2468 boc
2289 2411 2366 2467 ia-

775 2519 930 2574 cere,
983 2503 1070 2561 vel
1109 2505 1361 2561 omittere
1401 2519 1522 2561 esse
1560 2509 1874 2577 peccatum.
1904 2504 2041 2560 ltem
2070 2502 2235 2560 habet
2262 2503 2367 2559 vim

775 2595 861 2653 lex
890 2594 1125 2651 humana
1155 2593 1460 2666 applicandi
1487 2609 1588 2652 suo
1616 2593 1780 2651 modo
1810 2590 2145 2650 voluntatem
2174 2594 2290 2666 Dei,
2311 2601 2371 2650 et

775 2692 1181 2758 consequenter
1227 2683 1497 2742 efficiendi
1538 2684 1915 2757 obligationem
1964 2683 2017 2739 in
2065 2683 2186 2740 soro
2234 2699 2367 2740 con-

774 2776 1051 2833 scientiae.
1081 2775 1234 2834 Unde
1262 2774 1580 2848 simpliciter
1622 2773 1931 2848 negandum
1964 2779 2080 2843 est,
2122 2772 2368 2831 homines

774 2882 881 2923 non
908 2882 1068 2939 posse
1098 2866 1338 2939 obligare
1366 2866 1417 2923 in
1446 2864 1563 2923 foro
1594 2866 1708 2933 Dei,
1742 2867 1869 2946 quia
1891 2864 2108 2940 quando
2136 2881 2367 2939 operan-

773 2962 866 3014 tur
894 2961 959 3014 ut
997 2953 1231 3013 ministri
1272 2957 1402 3028 Dei,
1444 2956 1499 3012 in
1540 2955 1660 3012 soro
1701 2954 1943 3013 eiusdem
1980 2957 2074 3013 Dei
2104 2956 2361 3029 obligant.

770 3049 882 3106 Nec
920 3053 1006 3105 est
1044 3046 1464 3116 inconveniens,
1509 3045 1657 3121 quod
1686 3046 1905 3104 inferior
1933 3046 2137 3120 obligat
2162 3049 2216 3104 in
2243 3047 2363 3104 soro

772 3138 1097 3212 superioriS,
1126 3137 1344 3212 quando
1374 3153 1470 3210 per
1500 3142 1823 3210 potestatem
1846 3136 1914 3194 ab
1934 3137 2174 3209 ipsomet
2199 3153 2363 3209 supe-

769 3231 913 3286 riore
945 3228 1127 3286 datam
1158 3235 1449 3302 operatur;
1482 3242 1606 3285 nam
1634 3229 1753 3300 ipse
1780 3226 2030 3300 superior
2058 3225 2199 3292 vult,
2235 3233 2295 3284 ut
2314 3229 2363 3285 ei

770 3319 1086 3390 obediatur,
1122 3318 1277 3376 iuxta
1306 3317 1469 3379 illud:
1509 3320 1627 3391 Qui
1660 3333 1762 3374 vos
1803 3315 1999 3383 audit,
2034 3332 2127 3373 me
2154 3315 2357 3385 audit,-

770 3409 911 3467 unde
950 3412 1115 3467 etiam
1145 3409 1453 3484 subiungit:
1495 3411 1615 3485 Qui
1640 3424 1740 3465 vos
1766 3411 2015 3482 spernit,
2064 3424 2157 3464 me
2199 3424 2360 3483 sper-

768 3503 876 3558 nit.
915 3500 997 3557 Ad
1026 3499 1336 3557 secundum
1363 3497 1761 3572 respondetur,
1796 3503 2117 3569 potestatem
2146 3498 2360 3555 civilem

767 3589 875 3646 dici
901 3589 1259 3662 temporalem
1290 3605 1356 3646 ex
1378 3596 1533 3662 parte
1565 3589 1849 3662 materiae3
1877 3595 1932 3644 et
1957 3585 2062 3645 hoc
2092 3588 2253 3645 modo
2274 3596 2361 3647 est

769 3695 995 3752 verum,
1026 3695 1137 3736 non
1167 3695 1326 3752 posse
1368 3694 1571 3751 ponere
1598 3679 1878 3736 vinculum
1906 3678 2224 3750 spirituale,
2257 3679 2362 3736 sci·

766 3770 897 3828 licet
939 3770 994 3825 in
1036 3769 1263 3825 materia
1302 3768 1601 3842 spirituali,
1645 3768 1727 3825 vel
1764 3783 1861 3840 per
1888 3782 1949 3825 se
1975 3783 2041 3825 ac
2070 3767 2277 3825 directe
2305 3770 2360 3826 in

768 3859 953 3917 ordine
989 3859 1057 3915 ad
1078 3858 1417 3930 spiritualem
1446 3865 1633 3916 actum
1659 3856 1743 3914 vel
1773 3857 2050 3915 effectum.
2077 3858 2356 3916 Nihilomi-

767 3967 871 4008 nus
921 3957 1102 4008 tamen
1132 3958 1405 4024 quatenus
1436 3951 1488 4006 in
1517 3949 1739 4007 materia
1764 3948 2041 4021 temporali
2072 3955 2252 4022 potest
2276 3965 2361 4006 re·

765 4042 933 4115 periri
968 4041 1226 4096 honestas
1255 4043 1313 4096 et
1339 4039 1592 4113 obligatio
1620 4039 1690 4096 ad
1718 4039 1861 4096 illam
1891 4039 2236 4112 servandam,
2267 4055 2358 4098 ea-

764 4139 927 4190 tenus
958 4135 1139 4203 potest
1166 4130 1251 4188 lex
1279 4129 1449 4186 civilis
1475 4145 1541 4186 ex
1570 4135 1721 4201 parte
1754 4129 2006 4186 materiae
2036 4128 2139 4187 hoc
2169 4132 2361 4188 vincu-

765 4222 882 4280 lum
926 4235 1162 4293 ponere,
1204 4219 1411 4276 etiamsi
1450 4217 1635 4292 aliquo
1674 4217 1836 4276 modo
1875 4219 2155 4292 spirituale
2183 4220 2364 4278 videa·

764 4319 879 4384 tur,
922 4318 1193 4384 quatenus
1222 4312 1561 4368 conscientia
1588 4308 1719 4383 quid
1749 4310 2027 4383 spirituale
2067 4317 2193 4384 est,
2237 4313 2362 4385 quia

762 4405 905 4462 sacta
934 4403 1232 4460 mutatione
1260 4402 1314 4458 in
1346 4403 1569 4459 materia
1597 4400 1908 4475 temporali,
1941 4403 2054 4475 ipsa
2075 4404 2361 4462 conscien-

765 4489 837 4553 tia
858 4494 1012 4552 aliter
1041 4491 1213 4552 dictat
1237 4491 1305 4549 de
1329 4492 1611 4550 honestate
1634 4491 1719 4549 vel
1742 4492 2077 4565 turpitudine
2105 4494 2224 4551 talis
2247 4509 2359 4552 ma-

762 4587 949 4642 teriae.
976 4586 1225 4642 Potestas
1252 4588 1437 4640 autem
1464 4582 1635 4640 civilis
1658 4588 1843 4654 potest
1863 4582 2043 4641 iacere
2064 4584 2212 4641 illam
2236 4601 2356 4642 mu·-

764 4677 1025 4733 tationem
1066 4676 1121 4730 in
1162 4672 1404 4732 materia.
1450 4672 1641 4746 Adde,
1684 4679 2005 4746 potestatem
2046 4673 2191 4731 illam
2232 4689 2353 4732 esse

762 4765 1233 4841 participationem
1265 4763 1476 4822 divinae
1504 4767 1812 4838 potestatis,
1842 4773 1899 4820 et
1926 4764 2029 4822 sub
2055 4780 2119 4821 ea
2146 4765 2353 4823 ratione

763 4873 925 4930 posse
956 4855 1240 4938 includere
1275 4855 1381 4912 vim
1404 4854 1877 4930 quamdam,quae
1898 4855 2148 4927 spiritum
2175 4856 2358 4927 ipsum

764 4955 819 5006 et
848 4947 1118 5006 rationem
1146 4947 1300 5020 liget.
1818 4957 1823 4964 ·

841 5037 925 5096 Ad
966 5039 1191 5096 tertium
1230 5033 1633 5108 respondetur,
1674 5033 1825 5109 leges
1866 5033 2050 5091 civiles
2089 5035 2250 5092 etiam
2274 5035 2359 5093 in-

770 5130 995 5188 tendere
1025 5127 1367 5187 honestatem
1400 5140 1618 5183 morum
1648 5125 1702 5182 in
1733 5139 1832 5183 sua
1859 5127 2088 5184 materia
2114 5125 2244 5182 etin
2273 5141 2361 5183 or-

762 5219 889 5277 dine
929 5219 997 5278 ad
1038 5235 1199 5278 suum
1246 5219 1442 5290 finem,
1486 5223 1542 5274 et
1580 5215 1682 5274 hac
1721 5213 1928 5274 ratione
1954 5217 2198 5290 possein
2226 5232 2364 5274 con-

764 5311 990 5370 scientia
1015 5310 1276 5387 obligare.
1304 5306 1507 5368 Deinde
1526 5307 1751 5382 dicitur,
1777 5307 1951 5382 ipsam
1972 5307 2358 5383 obligationem

2442 869 2724 942 prohibet,
2753 886 2862 927 non
2889 872 3086 943 poterit
3113 886 3215 943 pax
3241 877 3297 928 et
3321 873 3530 929 iustitia
3548 871 3894 944 reipublicae
3917 889 4050 930 con·-

2443 960 2682 1033 servari3
2712 961 2842 1035 quia
2870 960 3114 1018 homines
3141 963 3388 1033 proxime
3411 977 3508 1034 per
3527 964 3942 1020 conscientiam
3967 963 4047 1019 di·

2441 1055 2700 1126 riguntur
2730 1052 2781 1108 in
2811 1052 3120 1110 actionibus
3148 1053 3296 1125 suis,
3326 1058 3381 1110 et
3408 1052 3532 1111 ideo
3561 1068 3793 1110 necesse
3823 1059 3947 1123 est,
3989 1061 4050 1110 ut

2440 1159 2506 1199 ex
2535 1144 2654 1216 lege
2680 1143 2826 1199 civili
2847 1142 3117 1199 redundet
3140 1142 3395 1217 obligatio
3417 1142 3484 1200 ad
3505 1143 3938 1201 conscientiam.
3963 1144 4042 1202 Ad

2445 1238 2703 1306 quartum
2719 1230 2786 1288 de
2808 1232 3117 1306 cognitione
3139 1234 3261 1290 talis
3277 1232 3621 1306 obligationis
3644 1233 4042 1307 respondetur,

2446 1321 2593 1379 aliud
2634 1337 2755 1380 esse
2797 1329 3024 1396 actum,
3069 1322 3136 1380 de
3175 1339 3288 1396 quo
3329 1324 3506 1381 l'ertur
3534 1324 3652 1398 lex,
3682 1341 3806 1382 esse
3839 1325 4044 1382 debere

2444 1413 2756 1472 subiectum
2785 1414 3080 1487 cognitioni
3101 1414 3402 1488 humanae,
3435 1415 3581 1472 aliud
3597 1431 3733 1473 vero
3753 1415 4045 1490 obligatio-

2445 1520 2569 1562 nem
2614 1503 2680 1562 ad
2723 1505 2886 1572 talem
2929 1511 3118 1562 actum
3156 1504 3355 1563 debere
3381 1521 3501 1564 esse
3527 1505 3721 1564 eodem
3751 1506 3926 1564 modo
3953 1523 4046 1565 co-

2441 1594 2832 1667 gnoscibilem:
2877 1596 3115 1668 primum
3143 1601 3227 1654 est
3255 1612 3444 1654 verum
3463 1636 3479 1668 ,
3521 1613 3619 1670 per
3649 1613 3709 1654 se
3735 1597 4041 1671 loquendo,

2439 1700 2506 1742 ac
2536 1687 2945 1760 necessarium3
2976 1693 3034 1744 et
3061 1686 3162 1743 hac
3193 1687 3404 1744 ratione
3432 1703 3602 1760 supra
3627 1687 3910 1760 diximus,
3943 1688 4036 1746 has

2439 1775 2590 1851 leges
2623 1776 2800 1834 solum
2827 1776 2942 1833 dari
2973 1776 3040 1835 de
3062 1777 3273 1834 actibus
3295 1777 3566 1855 externis:
3593 1778 3918 1838 secundum
3945 1797 4038 1836 au-

2441 1871 2550 1923 tem
2587 1881 2696 1922 non
2723 1872 2808 1923 est
2833 1881 2931 1938 per
2961 1882 3018 1923 se
3045 1869 3455 1941 necessarium,
3485 1869 3613 1941 quia
3641 1876 3707 1926 ut
3725 1868 3815 1925 lex
3841 1869 4035 1927 huma-

2437 1973 2508 2013 na
2549 1957 2793 2030 imponat
2831 1956 3215 2032 obligationem
3251 1958 3304 2014 in
3331 1959 3692 2029 conscientia,
3725 1976 3840 2016 non
3869 1977 4032 2033 opor-

2438 2053 2539 2115 tet,
2564 2052 2629 2104 ut
2648 2062 2743 2120 per
2772 2062 2830 2104 se
2857 2063 2923 2106 ac
2954 2047 3166 2105 directe
3191 2047 3260 2106 de
3285 2065 3350 2106 ea
3378 2048 3604 2120 iudicet,
3627 2065 3728 2107 seu
3758 2051 3829 2109 de
3861 2058 4036 2108 trans

2437 2139 2718 2210 gressione
2749 2140 2805 2195 in
2835 2138 2924 2195 illo
2954 2139 3104 2211 soro,
3135 2137 3232 2196 sed
3261 2140 3440 2197 solum
3465 2139 3533 2196 de
3558 2147 3788 2197 externa
3815 2143 4030 2198 actione

2440 2229 2524 2286 vel
2555 2230 2864 2288 omissione.
2899 2230 3258 2290 Nihilominus
3291 2236 3472 2288 tamen
3497 2247 3692 2289 verum
3719 2237 3840 2302 est,
3875 2233 4034 2290 etiam

2442 2319 2808 2392 legislatorem
2831 2320 3134 2378 humanum
3161 2337 3322 2394 posse
3347 2337 3708 2395 cognoscere,
3739 2329 3799 2380 et
3823 2321 4030 2380 iudica·

2435 2424 2526 2482 re,
2558 2426 2713 2468 suam
2743 2409 2917 2486 legem
2957 2411 3194 2485 obligare
3222 2412 3276 2469 iu
3305 2413 3648 2470 conscientia
3668 2415 3726 2470 in
3747 2415 3846 2472 tali
3871 2421 4037 2471 mate·

2435 2501 2546 2572 ria,
2577 2502 2790 2558 etiamsi
2819 2503 2870 2559 in
2899 2503 3219 2576 particulari
3244 2506 3491 2578 ignoret,
3521 2520 3592 2562 an
3619 2505 3878 2563 subditus
3907 2522 4032 2580 ope-

2435 2598 2591 2650 retur
2623 2601 2817 2651 contra
2843 2595 3266 2665 conscientiam,
3297 2609 3400 2653 nec
3428 2611 3518 2652 ue.

2521 2689 2605 2742 10.
2636 2683 2716 2742 Ad
2745 2685 2996 2757 quintum
3017 2686 3084 2742 de
3107 2685 3434 2758 obligatione
3454 2683 3522 2742 ad
3547 2701 3778 2759 poenam
3805 2701 4030 2760 respon-

2434 2773 2630 2845 detur,
2673 2775 2965 2848 dupliciter
3005 2792 3169 2849 posse
3211 2776 3446 2850 aliquem
3487 2777 3604 2834 lieri
3631 2793 3790 2835 reum
3819 2795 4024 2852 poenae

2432 2881 2500 2924 ex
2527 2868 2955 2938 transgressione
2986 2865 3138 2938 legis.
3169 2867 3384 2939 Primo,
3427 2867 3556 2940 quia
3583 2868 3670 2926 lex
3699 2869 3820 2941 illa,
3855 2877 3921 2927 ut
3947 2876 4030 2926 est

2435 2973 2467 3014 a
2506 2957 2750 3029 proximo
2791 2957 3136 3031 legislatore,
3177 2956 3383 3016 directe
3423 2959 3654 3031 imponit
3693 2958 3860 3017 talem
3897 2975 4023 3032 poe-

2432 3061 2578 3103 nam.
2624 3045 2878 3104 Secundo
2918 3047 3100 3105 inferri
3139 3053 3320 3120 potest
3359 3054 3548 3105 reatus
3589 3063 3800 3120 poenae
3840 3049 4020 3107 solum

2433 3139 2825 3195 consecutione
2853 3137 3111 3212 quadam.
3145 3139 3316 3196 Priori
3343 3137 3506 3196 modo
3535 3155 3732 3197 verum
3755 3145 3873 3213 est,
3915 3157 4020 3198 non

2431 3241 2593 3299 posse
2623 3227 2989 3302 legislatorem
3019 3227 3265 3300 obligare
3293 3226 3360 3286 ad
3389 3245 3646 3302 poenam,
3677 3246 3847 3304 quam
3873 3229 4020 3287 nullo

2432 3315 2596 3374 modo
2627 3323 2808 3390 potest
2825 3319 3087 3392 infligere3
3115 3321 3404 3390 posteriori
3426 3327 3610 3377 autem
3631 3319 3800 3378 modo
3829 3321 4018 3378 salsum

2431 3414 2534 3464 est.
2567 3409 2680 3465 Lex
2707 3416 2892 3466 autem
2922 3408 3095 3465 civilis
3121 3425 3230 3466 non
3259 3410 3464 3484 obligat
3490 3412 3595 3468 sub
3623 3427 3804 3485 poena
3823 3411 4014 3470 inferni

2431 3499 2514 3554 vel
2545 3502 2848 3572 purgatorii
2886 3502 3056 3572 priori
3096 3499 3292 3572 modo,
3338 3502 3434 3559 sed
3472 3508 3694 3560 tautum
3733 3503 4016 3576 posteriori

2432 3586 2629 3661 modo,
2658 3595 2716 3646 et
2753 3588 2874 3646 ideo
2917 3592 3054 3647 ratio
3097 3606 3208 3647 non
3247 3589 3512 3664 procedit.
3549 3592 3620 3651 Ut
3645 3599 3836 3651 autem
3861 3593 4016 3650 buius

2429 3679 2506 3734 rei
2533 3678 2673 3736 ratio
2703 3694 2735 3735 a
2761 3679 2930 3751 priori
2956 3678 3324 3754 intelligatur,
3354 3680 3751 3741 advertendum
3793 3691 3910 3756 est,
3941 3685 4014 3739 in-

2430 3768 2646 3827 terdum
2689 3785 2848 3842 posse
2890 3773 3231 3843 superiorem
3271 3772 3572 3844 principem
3616 3788 3720 3830 seu
3747 3772 4014 3848 legislato-

2427 3873 2546 3915 rem
2575 3860 2850 3932 imponere
2879 3876 3106 3932 poenam
3135 3860 3236 3917 sibi
3268 3861 3542 3933 propriam
3567 3901 3583 3932 ,
3627 3878 3731 3919 seu
3771 3879 4012 3920 reserva·

2427 3955 2543 4006 tam
2583 3964 2717 4032 suae
2759 3948 3111 4007 iurisdictioni
3148 3966 3251 4023 pro
3293 3953 3799 4026 transgressoribus
3839 3951 4014 4027 legum

2429 4055 2661 4097 suorum
2690 4039 3158 4114 gubernatorum3
3189 4045 3249 4098 et
3281 4045 3418 4098 tunc
3457 4043 3708 4115 quamvis
3747 4043 4014 4117 guberna-

2429 4135 2516 4186 tor
2541 4145 2642 4188 seu
2680 4129 2960 4203 legislator
3002 4130 3219 4187 inferior
3259 4147 3358 4204 per
3397 4147 3556 4189 suam
3597 4133 3776 4208 legem
3817 4135 4013 4193 directe

2427 4235 2536 4278 non
2564 4221 2808 4294 imponat
2835 4221 2996 4279 talem
3036 4237 3298 4295 poenam,
3341 4222 3691 4282 nibilominus
3729 4241 3802 4283 ex
3839 4233 4014 4283 trans-

2427 4312 2703 4384 gressione
2731 4310 2872 4368 illius
2902 4310 3032 4384 legis
3059 4327 3157 4383 per
3179 4313 3543 4370 necessariam
3563 4318 4010 4374 consecutionem

2428 4404 2730 4461 incurritur
2771 4407 2959 4460 reatus
3001 4403 3143 4460 illius
3172 4419 3377 4475 poenae
3403 4406 3468 4461 in·
3489 4405 3692 4464 virtute
3715 4406 3854 4481 legis
3879 4405 4009 4464 latae

2429 4509 2461 4550 a
2489 4493 2760 4566 superiori
2786 4493 3065 4567 principe3
3097 4495 3172 4550 ita
3199 4509 3332 4568 ergo
3361 4496 3527 4553 estin
3555 4499 3851 4567 praesenti.
3883 4499 4010 4554 Nam

2425 4585 2571 4644 Deus
2613 4583 2802 4656 voluit,
2845 4585 3122 4642 observari
3164 4584 3311 4658 leges
3336 4601 3369 4642 a
3395 4587 3510 4643 suis
3549 4587 3816 4646 ministris
3854 4587 4008 4658 latas,

2426 4676 2590 4732 etiam
2617 4674 2720 4730 sub
2748 4689 2922 4746 poena
2949 4673 3172 4731 alterius
3203 4675 3366 4750 vitae,
3395 4678 3534 4749 quia
3553 4681 4012 4751 transgressiones

2425 4780 2615 4822 earum
2645 4766 2931 4823 continent
2959 4780 3142 4821 veram
3172 4766 3393 4839 culpam
3417 4807 3434 4838 ,
3473 4775 3532 4825 et
3573 4767 3628 4824 in
3669 4769 4010 4827 offensionem

2429 4857 2599 4930 ipsius
2631 4857 2872 4929 supremi
2901 4855 3224 4930 legislatoris
3252 4855 3585 4915 redundant.

2512 4950 2599 5006 11.
2631 4947 2715 5004 Ad
2744 4952 2958 5004 sextum
2981 4946 3048 5004 de
3066 4947 3388 5006 remissione
3407 4947 3604 5020 culpae
3623 4949 4004 5024 respondetur,

2428 5036 2481 5092 in
2509 5039 2689 5111 rigore
2718 5037 2918 5096 salsum
2945 5053 3065 5096 esse
3094 5039 3430 5111 principium
3457 5047 3808 5113 assumptum
3831 5060 3848 5113 ς
3891 5059 4012 5099 nam

2431 5127 2522 5185 illa
2549 5126 2690 5201 duc,
2721 5127 2988 5201 obliyare
3015 5129 3228 5187 scilicet
3263 5135 3318 5187 et
3355 5132 3687 5199 remittere,
3731 5148 3840 5189 non
3881 5139 4010 5190 sunt

2430 5233 2528 5290 per
2556 5233 2614 5275 se
2653 5235 2718 5275 ac
2760 5219 3067 5276 necessario
3097 5235 3374 5292 connexa3
3403 5236 3527 5278 nam
3555 5219 3722 5280 homo
3747 5230 3930 5295 potest
3957 5239 4010 5281 se

2431 5317 2565 5368 voto
2608 5308 2882 5384 obligare,
2923 5317 2982 5368 et
3019 5325 3130 5368 non
3169 5317 3354 5385 potest
3379 5309 3760 5386 obligationem
3787 5315 3888 5373 sibi
3915 5332 4011 5374 au-
