4325 6267
763 307 886 374 186

681 450 861 521 capite
908 453 958 508 1.
995 451 1220 522 Gregor.
1253 451 1436 507 aute'm
1471 449 1646 523 Lopez
1684 456 1921 508 conatur
1958 450 2113 508 aliter
2142 447 2291 506 illam

683 537 862 611 legem
887 539 1256 611 interpretari,
1279 540 1365 595 vel
1389 537 1644 614 limitare3
1675 540 1770 597 sed
1791 555 1898 597 uon
1922 546 2009 598 est
2032 555 2292 597 necessa·

680 629 765 684 ria
793 627 894 698 alia
921 627 1190 700 limitatio,
1221 635 1440 699 praeter
1469 643 1589 686 eam
1610 669 1625 697 ‚
1658 645 1825 703 quam
1851 629 2007 702 ponit
2033 629 2118 687 lex
2145 631 2287 700 ipsa,

681 715 895 774 scilicet
909 716 1009 774 nisi
1029 717 1108 774 eis
1132 717 1159 773 s
1157 718 1301 774 uerit
1317 733 1414 790 per
1435 717 1582 792 leges
1605 718 1912 792 specialiter
1931 733 2287 791 concessum,

680 811 743 862 ut
768 806 1018 865 dicemus
1047 809 1209 864 etiam
1239 807 1290 864 in
1323 806 1516 866 ultimo
1545 807 1711 866 dubio
1739 809 1904 866 huius
1931 809 2144 882 capitis3
2163 824 2292 866 nam

681 897 867 970 quoad
896 897 1002 956 boc
1032 897 1221 956 eadem
1249 904 1338 956 est
1363 899 1506 956 ratio
1533 898 1600 956 de
1625 899 1706 956 bis
1735 899 2121 972 potestatibus,
2147 915 2291 974 quae

675 983 746 1042 de
773 988 1088 1046 civitatibus
1115 988 1292 1061 regni,
1322 985 1391 1045 de
1417 988 1621 1062 quibus
1647 989 1718 1046 ibi
1745 988 2012 1048 dicemus.

753 1079 812 1135 4.
844 1077 1053 1145 Quarto
1085 1075 1450 1135 concluditur
1475 1093 1542 1136 ex
1571 1078 1755 1148 dictis,
1785 1084 2116 1151 potestatem
2146 1075 2289 1137 banc

677 1164 1039 1239 legislativum
1066 1168 1235 1225 etiam
1262 1183 1386 1225 esse
1426 1169 1484 1225 in
1526 1168 1628 1226 illis
1651 1169 2138 1226 communitatibus
2163 1185 2290 1242 per-

674 1254 859 1328 rectis,
889 1272 1033 1330 quae
1061 1272 1159 1329 per
1186 1273 1246 1314 se
1275 1257 1444 1332 ipsas,
1461 1263 1518 1316 et
1537 1274 1644 1315 non
1669 1275 1766 1330 per
1791 1274 1952 1332 reges
1977 1259 2289 1332 gubernan-

677 1352 791 1418 tur,
824 1347 938 1403 sive
966 1348 1372 1420 aristocratice,
1401 1348 1515 1405 sive
1542 1349 1882 1421 populariter
1911 1355 2197 1424 regantur,
2224 1349 2291 1406 il-

675 1431 774 1490 lud
809 1434 1161 1509 intelligendo
1206 1451 1336 1494 cum
1375 1440 1732 1511 proportione
1769 1444 1826 1497 et
1863 1441 2156 1511 partitione
2194 1455 2289 1498 ac·

677 1524 993 1582 commoda.
1033 1525 1117 1583 lta
1154 1526 1389 1584 sumitur
1423 1542 1492 1584 ex
1527 1526 1566 1584 1.
1609 1543 1808 1585 omnes
1837 1527 2084 1604 populi,
2131 1529 2187 1586 ff.
2221 1528 2290 1587 de

676 1613 850 1670 iustit.
879 1621 936 1670 et
964 1615 1071 1672 iur.
1103 1620 1158 1675 et
1183 1613 1256 1672 ibi
1283 1614 1488 1673 docent
1515 1631 1727 1674 omnes.
1745 1617 1817 1676 Et
1843 1619 1986 1676 ratio
2013 1624 2098 1676 est
2125 1620 2287 1676 etiam

679 1701 987 1777 manifesta,
1017 1706 1146 1777 quia
1173 1704 1274 1762 bae
1305 1708 1734 1764 communitates
1761 1709 1817 1763 in
1846 1721 1906 1764 se
1932 1708 2169 1767 retinent
2196 1725 2293 1767 su·

677 1805 926 1862 premam
955 1799 1277 1865 potestatem
1306 1795 1759 1870 gubernativam,
1792 1813 1923 1855 cum
1960 1813 2072 1855 non
2110 1804 2291 1856 trans-

676 1880 910 1940 tulerint
945 1882 1094 1941 iliam
1124 1884 1178 1944 in
1207 1884 1448 1959 aliquem
1475 1887 1812 1960 principem3
1850 1903 1982 1962 ergo
2013 1903 2110 1962 per
2140 1890 2286 1948 illam

675 1979 915 2044 possunt
941 1973 1042 2030 sibi
1075 1973 1224 2048 leges
1247 1974 1508 2034 condere.
1536 1975 1688 2033 Unde
1711 1977 1802 2050 tit,
1829 1975 1971 2037 idem
1992 1977 2286 2038 dicendum

679 2076 804 2120 esse
841 2077 970 2121 cum
1003 2064 1358 2142 proportione
1395 2065 1464 2124 de
1500 2065 1606 2122 illis
1639 2068 1808 2125 rebus
1843 2067 2074 2141 publicis
2095 2111 2112 2143 ,
2144 2087 2287 2144 quae

679 2168 993 2226 supremam
1021 2156 1078 2212 in
1113 2171 1174 2212 se
1200 2163 1530 2228 potestatem
1555 2145 1821 2233 retinent,
1853 2164 1918 2219 ut
1943 2166 2157 2232 veneta,
2189 2177 2286 2236 ge-

675 2245 926 2317 nuensis,
954 2250 1013 2302 et
1051 2245 1273 2303 similes:
1307 2246 1608 2320 quaelicet
1639 2247 1736 2306 sibi
1764 2263 1938 2306 unum
1968 2248 2171 2308 ducem
2199 2251 2284 2309 vel

675 2335 987 2408 principem
1026 2335 1265 2411 eligant,
1305 2339 1415 2394 non
1455 2344 1638 2395 tamen
1673 2339 1727 2394 in
1766 2353 1895 2396 eum
1946 2341 2290 2400 transferunt

679 2439 898 2483 omnem
921 2432 1272 2499 potestatem,
1297 2426 1420 2484 ideo
1440 2429 1496 2484 in
1522 2427 1623 2484 illis
1654 2430 1898 2502 regimen
1919 2435 2006 2486 est
2027 2433 2284 2506 mixtum,

675 2520 735 2572 et
763 2531 1024 2588 suprema
1062 2521 1305 2588 potestas
1335 2531 1518 2590 neque
1540 2521 1708 2576 estin
1737 2520 1985 2592 principe
2015 2521 2162 2594 solo,
2195 2538 2289 2578 ne-

677 2620 787 2679 que
816 2605 871 2662 in
897 2604 1013 2664 sola
1041 2607 1463 2680 communitate,
1493 2614 1558 2665 ut
1587 2608 1768 2667 abillo
1792 2609 2173 2684 distinguitur,
2192 2611 2287 2671 sed

675 2696 732 2751 in
774 2700 892 2753 toto
931 2711 1165 2769 corpore
1221 2712 1351 2754 cum
1381 2699 1581 2770 capite.
1614 2701 1792 2772 Atque
1819 2700 2011 2757 eodem
2041 2701 2207 2759 modo
2234 2703 2285 2759 in

679 2789 796 2841 toto
835 2787 954 2858 ipso
993 2785 1195 2843 residet
1233 2793 1475 2858 potestas
1516 2786 1665 2860 leges
1708 2788 1949 2863 ferendi,
1980 2789 2056 2848 ita
2093 2799 2158 2849 ut
2184 2808 2287 2850 nec

679 2875 1048 2933 communitas
1075 2877 1186 2933 sine
1229 2877 1508 2951 principe,
1536 2892 1639 2936 nec
1694 2879 1950 2952 princeps
1993 2879 2107 2937 sine
2135 2897 2288 2940 com-

681 2965 945 3022 munitate
983 2965 1103 3022 illas
1142 2966 1286 3022 serre
1314 2966 1519 3025 valeat.
1552 2968 1746 3026 Posset
1770 2975 1952 3027 tamen
1977 2972 2291 3048 respublica

679 3053 880 3128 eligere
907 3054 1213 3127 principem
1239 3055 1712 3114 cumbuiusmodi
1746 3065 2041 3134 potestate,
2069 3067 2126 3117 et
2152 3069 2289 3119 tunc

681 3142 867 3218 quoad
895 3151 1084 3201 actum
1111 3144 1318 3202 serendi
1347 3145 1527 3220 legem
1553 3145 1774 3205 habebit
1800 3149 2043 3221 regimen
2070 3132 2291 3208 monar-

681 3232 908 3291 chicum
927 3275 942 3306 ,
970 3240 1027 3292 et
1055 3236 1133 3292 ita
1159 3236 1418 3310 princeps
1455 3234 1610 3294 solus
1638 3241 1769 3294 tunc
1799 3246 1987 3312 posset
2021 3238 2171 3315 leges
2199 3256 2292 3298 va-

681 3322 818 3383 lidas
845 3325 1103 3383 condere.

758 3419 879 3474 Duo
907 3432 1038 3474 vero
1066 3415 1158 3474 bic
1199 3419 1504 3488 supersunt
1530 3415 1696 3475 dubia
1731 3417 2052 3491 explicanda
2071 3461 2088 3492 ,
2118 3435 2294 3478 unum

665 3507 836 3564 circa
857 3505 1162 3580 singulares
1185 3521 1476 3578 personas,
1501 3507 1648 3564 aliud
1671 3509 1822 3565 circa
1841 3510 2288 3567 communitates.

683 3597 931 3654 Primum
962 3611 1097 3670 ergo
1124 3603 1231 3661 est,
1263 3595 1496 3656 anhaec
1525 3603 1770 3670 potestas
1800 3598 2100 3672 legislativa
2122 3599 2295 3658 civilis

685 3685 861 3758 possit
905 3702 1028 3744 esse
1088 3686 1138 3742 in
1187 3686 1422 3752 semina,
1463 3687 1563 3744 seu
1604 3683 1792 3761 regina
1832 3687 2065 3747 haerede
2114 3693 2294 3765 regni.

685 3775 915 3843 Quando
955 3776 1100 3833 enim
1145 3776 1325 3834 solum
1367 3775 1532 3833 habet
1568 3776 1698 3834 illud
1739 3793 1936 3836 nomen
1978 3786 2035 3836 et
2073 3778 2299 3854 dignita-

684 3873 798 3923 tem
836 3872 1060 3938 propter
1093 3865 1505 3923 matrimonium
1545 3882 1677 3924 cum
1721 3881 1850 3942 rege
1875 3908 1891 3941 ,
1934 3875 2154 3927 certum
2190 3875 2293 3932 est.

685 3970 795 4012 non
828 3955 1027 4012 babere
1050 3969 1116 4012 ex
1139 3955 1190 4011 vi
1219 3954 1363 4012 illius
1387 3961 1718 4026 potestatem
1742 3955 1950 4015 serendi
1973 3957 2141 4032 leges,
2168 3962 2298 4033 quia

684 4044 778 4102 illa
805 4061 915 4101 non
947 4051 1033 4102 est
1059 4044 1291 4119 dignitas
1318 4043 1740 4117 iurisdictionis,
1765 4046 1862 4104 sed
1886 4054 2101 4105 tantum
2126 4048 2297 4107 bono·

685 4134 784 4192 ris.
816 4133 972 4194 Unde
1006 4149 1112 4191 non
1143 4134 1322 4191 solum
1351 4149 1461 4191 non
1489 4133 1653 4193 habet
1679 4143 2011 4207 potestatem
2034 4137 2300 4213 legislati-

683 4241 832 4300 vam,
865 4240 1056 4298 vei-,um
1093 4224 1259 4282 etiam
1288 4239 1390 4280 nec
1428 4223 1670 4297 aliquam
1707 4227 1985 4300 propriam
2027 4229 2301 4300 guberna-

687 4316 916 4388 tionem,
929 4315 1034 4371 nisi
1056 4312 1104 4370 ei
1131 4312 1444 4386 specialiter
1459 4313 1821 4374 concedatur.
1837 4315 2144 4376 Difficultas
2166 4334 2299 4392 ergo

689 4413 896 4480 manet,
922 4402 1143 4478 quando
1171 4401 1368 4461 mulier
1389 4408 1474 4461 est
1493 4403 1708 4479 haeres,
1722 4411 1779 4463 et
1799 4421 1897 4478 per
1916 4423 1976 4465 se
1997 4424 2062 4466 ac
2085 4410 2301 4468 ratione

689 4499 943 4569 propriae
973 4492 1340 4551 successionis
1367 4493 1554 4567 regina
1581 4495 1778 4552 effecta
1805 4504 1910 4556 est.
1945 4499 2126 4557 videri
2153 4499 2299 4557 enim

693 4591 876 4657 potest
905 4582 1254 4640 nihilominus
1284 4590 1471 4640 actum
1501 4583 1708 4642 serendi
1736 4584 1910 4661 legem
1933 4589 2201 4647 excedere
2224 4589 2300 4646 sa-

689 4674 957 4731 cultatem
1001 4679 1060 4730 et
1095 4672 1455 4745 capacitatem
1493 4672 1711 4731 feminei
1747 4690 1935 4734 sexus.
1979 4679 2121 4737 Dicit
2156 4679 2298 4735 enim

687 4763 894 4824 Paulus
925 4762 1218 4822 1.'l'imoth.
1245 4767 1301 4820 2:
1329 4765 1556 4819 Docere
1579 4761 1820 4842 ntulieri
1847 4781 1969 4822 non
1987 4769 2294 4841 permitto,

691 4869 802 4910 nec
828 4851 1136 4912 dominari
1161 4854 1326 4918 viro;
1357 4849 1462 4908 sed
1489 4851 1600 4910 sub
1633 4850 1806 4910 illius
1834 4870 1962 4913 esse
1979 4861 2292 4931 potestate,

692 4950 757 5000 ut
783 4941 1002 5000 additur
1038 4947 1090 5001 1.
1119 4940 1366 4998 Corinth.
1405 4944 1504 5014 ¹¹3
1537 4957 1672 5016 ergo
1701 4945 1876 5002 multo
1908 4947 2088 5004 minus
2116 4954 2304 5020 potest

691 5030 839 5104 leges
869 5031 1037 5104 serre,
1069 5037 1125 5088 et
1151 5029 1300 5087 hunc
1331 5036 1542 5105 actum,
1567 5033 1662 5105 qui
1687 5035 1927 5107 supremi
1952 5035 2172 5095 dominii
2192 5044 2300 5110 est,

693 5123 748 5178 in
782 5127 952 5179 totam
989 5122 1238 5178 virorum
1276 5120 1730 5179 communitatem
1757 5137 2038 5182 exercere.
2071 5127 2142 5184 Et
2170 5142 2305 5183 con-

693 5211 976 5284 firmatum
1007 5225 1134 5270 nam
1161 5209 1219 5268 in
1247 5205 1597 5283 l.semtnae‚
1633 5212 1690 5272 Π.
1723 5211 1791 5272 de
1817 5214 1998 5290 regul.
2027 5218 2137 5276 iur.
2170 5215 2305 5275 dici·

2127 323 2331 374 Lmltn
2359 325 2465 374 111.

2363 456 2475 520 tur,
2506 449 2733 506 seminas
2772 450 2840 507 ab
2878 449 3132 508 omnibus
3162 450 3362 508 officiis
3392 450 3644 508 civilibus
3672 451 3761 508 vel
3790 450 3971 524 publi-

2360 539 2441 594 cis
2471 544 2709 596 re‘motas
2738 555 2882 613 esse,
2914 546 2970 598 et
2994 539 3114 597 ideo
3144 555 3243 597 nec
3276 540 3485 598 iudices
3513 556 3637 597 esse
3658 557 3848 612 posse,
3868 555 3972 597 nec

2360 627 2714 701 magistratus
2752 643 2978 702 gerere,
3023 629 3201 687 multo
3226 644 3361 704 ergo
3387 630 3574 687 minus
3602 635 3849 700 possunt
3872 631 3975 686 im-

2360 731 2577 788 perare,
2607 725 2671 776 ut
2698 718 2863 775 insert
2887 718 3230 790 Augustinus
3258 717 3356 775 lib.
3386 720 3809 791 quaestionum
3834 719 3971 775 novi

2357 810 2414 863 ct
2453 809 2665 864 veteris
2712 810 3102 876 Testamenti,
3148 823 3205 882 q.
3240 811 3347 881 45,
3386 814 3446 864 et
3482 807 3727 866 refertur
3752 809 3811 865 in
3842 822 3969 881 cap.

2359 894 2697 964 Mulierem,
2736 901 2830 970 33,
2862 912 2918 970 q.
2955 903 3010 956 5.

2442 990 2494 1043 5.
2523 986 2889 1045 Nihilominus
2919 994 3137 1046 certum
3165 993 3271 1058 est,
3302 1002 3331 1044 r
3366 986 3549 1060 ginam
3578 985 3859 1044 dominam
3882 1003 3973 1045 re-

2358 1076 2451 1148 gni
2492 1092 2657 1149 posse
2698 1077 2847 1151 leges
2887 1077 3125 1136 condere
3167 1080 3323 1150 perin
3363 1093 3393 1135 e
3436 1093 3501 1136 ac
3530 1093 3750 1150 regem.
3781 1080 3843 1135 In
3868 1079 3973 1135 du-

2358 1164 2489 1236 plici
2520 1173 2705 1224 autem
2733 1173 2881 1226 statu
2902 1173 3084 1240 potest
3102 1167 3239 1225 baec
3261 1167 3448 1240 regina
3470 1167 3839 1242 considerari,
3864 1169 3971 1240 pri·

2360 1271 2451 1312 mo
2494 1257 2547 1313 in
2588 1263 2737 1316 statu
2778 1256 2949 1329 libero
2989 1273 3022 1315 a
3062 1258 3391 1315 matrimonii
3420 1257 3676 1330 vinculo,
3720 1257 3805 1314 vel
3834 1260 3962 1331 quia

2358 1346 2603 1404 nondum
2632 1349 2843 1420 nupsit,
2874 1348 3000 1405 licet
3017 1363 3249 1421 regnum
3269 1346 3570 1420 possideat,
3588 1353 3646 1404 et
3670 1347 3971 1420 gubernet,

2356 1436 2445 1494 vel
2488 1439 2617 1510 quia
2656 1438 2821 1495 vidua
2860 1444 2965 1494 est.
3010 1435 3268 1496 Secundo
3310 1443 3497 1508 potest
3534 1435 3882 1494 considerari
3918 1437 3973 1493 in

2352 1531 2507 1583 statu
2548 1528 2908 1585 matrimonii.
2953 1529 3027 1585 De
3062 1527 3231 1601 priori
3268 1533 3417 1584 statu
3444 1532 3531 1582 est
3555 1541 3649 1584 res
3678 1526 3971 1584 manifesta

2356 1621 2411 1672 et
2438 1621 2595 1673 extra
2630 1617 3091 1675 controversiam.
3122 1615 3261 1685 Quia
3288 1617 3655 1689 supponimus
3683 1631 3811 1674 esse
3840 1633 3971 1674 vere

2356 1705 2631 1764 dominam
2661 1709 2845 1780 regni3
2875 1723 3011 1783 ergo
3033 1706 3197 1765 babet
3216 1706 3269 1763 in
3292 1723 3349 1764 se
3372 1712 3705 1780 potestatem
3730 1708 3965 1780 regiam,

2357 1809 2499 1868 quae
2534 1794 2832 1869 legislativa
2866 1798 2985 1871 est‘,
3013 1802 3071 1854 et
3095 1802 3230 1860 tunc
3260 1796 3313 1852 in
3339 1811 3447 1853 usu
3470 1797 3593 1854 eius
3622 1812 3655 1852 a
3684 1796 3971 1854 nullo-su·

2356 1885 2568 1957 periore
2608 1885 2843 1960 pendet,
2883 1887 3015 1960 quia
3050 1901 3119 1944 ex
3148 1901 3207 1942 se
3234 1883 3449 1942 nullum
3477 1884 3646 1944 babet
3672 1886 3727 1942 in
3756 1891 3975 1958 tempo-

2354 1975 2584 2050 ralibus,
2618 1983 2683 2035 ut
2709 1977 3075 2052 supponitur,
3105 1991 3207 2034 nec
3236 1991 3335 2048 per
3362 1975 3779 2034 matrimonium
3802 1974 3967 2032 illum

2355 2067 2691 2142 assumpsit,
2724 2074 2787 2124 ut
2821 2069 2986 2125 etiam
3022 2067 3277 2140 ponitur3
3308 2080 3441 2138 ergo
3468 2072 3652 2139 potest
3680 2065 3849 2123 libere
3876 2067 3963 2122 uti

2355 2155 2445 2213 illa
2471 2162 2747 2229 potestate
2784 2163 2843 2214 et
2872 2157 3017 2230 leges
3048 2156 3209 2214 ferre.
3240 2157 3376 2214 ltem
3404 2154 3538 2212 alias
3566 2163 3769 2214 contra
3794 2157 3971 2214 ratio-

2354 2261 2480 2302 nem
2508 2252 2688 2320 esset,
2720 2251 2777 2304 et
2802 2252 2997 2304 contra
3022 2245 3253 2320 legalem
3282 2243 3569 2317 iustitiam,
3600 2245 3691 2301 ius
3720 2246 3875 2317 regni
3902 2253 3965 2304 et

2354 2334 2656 2394 dominium
2696 2337 2927 2394 feminae
2965 2335 3251 2407 conferre,
3292 2335 3424 2408 quia
3462 2340 3662 2390 contra
3698 2334 3967 2392 rationem

2355 2430 2473 2498 est,
2516 2425 2565 2483 ei
2608 2431 2935 2499 potestatem
2962 2424 3093 2482 dare
3110 2465 3125 2496 ,
3156 2423 3250 2496 qui
3277 2438 3385 2480 non
3412 2429 3598 2496 potest
3622 2423 3746 2479 eius
3774 2429 3971 2481 actum

2356 2511 2701 2590 potissimum
2739 2529 3020 2574 exercere.
3052 2512 3294 2571 Tandem
3328 2512 3528 2570 semina
3564 2527 3745 2585 capax
3770 2520 3858 2570 est
3880 2515 3971 2570 iu-

2356 2605 2685 2664 risdictionis
2722 2606 2889 2662 etiam
2926 2604 3138 2678 regiae,
3172 2609 3237 2661 ut
3264 2603 3593 2674 supponitur
3619 2602 3672 2658 in
3704 2618 3831 2674 cap.
3860 2608 3969 2661 Ea:

2348 2701 2556 2770 parte,
2596 2699 2655 2756 2.
2701 2695 2767 2754 de
2810 2693 3062 2767 privileg.
3092 2699 3151 2750 et
3190 2692 3426 2750 sumitur
3453 2693 3506 2748 in
3532 2707 3588 2749 c.
3616 2691 3863 2760 Dilecti,
3894 2691 3970 2749 de

2359 2786 2557 2845 arbitr.
2600 2786 2693 2844 ubi
2729 2785 2784 2842 id
2820 2791 2974 2842 notat
3000 2787 3190 2842 lunoc.
3220 2789 3280 2840 et
3304 2783 3445 2840 Abb.
3476 2797 3533 2839 n.
3573 2785 3624 2854 t,
3652 2789 3713 2841 et
3738 2788 3798 2856 3,
3828 2781 3959 2839 inde

2356 2875 2551 2948 infert,
2587 2874 2843 2933 feminam
2883 2874 3172 2932 habentem
3214 2889 3448 2948 regnum
3486 2889 3683 2946 posse,
3724 2874 3769 2929 si
3808 2874 3971 2946 velit,

2356 2979 2457 3038 per
2496 2981 2554 3022 se
2594 2980 2818 3022 causam
2856 2977 3227 3037 cognoscere,
3256 2969 3315 3020 et
3340 2961 3484 3020 ferre
3512 2963 3873 3032 sententiam,
3904 2969 3971 3020 et

2355 3053 2789 3113 iurisdictionem
2826 3054 2879 3111 in
2917 3052 3171 3111 subditos
3209 3066 3490 3110 exercere.
3529 3052 3600 3110 Et
3627 3052 3771 3110 idem
3798 3051 3971 3110 tandit

2358 3149 2558 3204 Anton.
2599 3146 2837 3204 Gorset:
2854 3151 3017 3202 tract.
3050 3142 3122 3200 de
3145 3147 3435 3218 potestate
3460 3145 3637 3216 regis,
3674 3159 3733 3216 p.
3766 3142 3869 3200 ult.
3902 3158 3967 3215 q.

2360 3241 2455 3310 98,
2486 3252 2544 3294 n.
2580 3241 2684 3296 58:
2716 3251 2848 3311 ergo
2878 3232 3096 3311 quando
3118 3217 3317 3292 semina
3340 3233 3503 3290 babet
3523 3233 3971 3292 iurisdictionem

2359 3342 2707 3401 supremam,
2753 3326 2952 3399 poterit
2990 3323 3077 3381 illa
3120 3325 3197 3381 uti
3236 3322 3303 3380 ad
3340 3323 3485 3398 leges
3512 3321 3800 3397 ferendas,
3830 3325 3971 3398 quia

2360 3423 2444 3475 est
2469 3416 2661 3474 eadem
2689 3416 2850 3486 ratio,
2876 3429 2977 3472 nec
2999 3419 3086 3472 est
3104 3412 3335 3488 aliquid,
3360 3412 3507 3488 quod
3530 3414 3844 3486 specialiter
3860 3417 3969 3472 im-

2362 3507 2561 3580 pediat.
2590 3507 2731 3564 Nam
2759 3505 3007 3563 defectus
3036 3504 3290 3561 scientiae
3326 3508 3381 3561 et
3407 3503 3725 3576 prudentiae
3755 3521 3853 3578 per
3880 3520 3977 3561 sa-

2362 3598 2605 3671 pientum
2644 3595 2933 3654 consilium
2972 3591 3216 3667 suppleri
3250 3599 3466 3667 potest,
3514 3600 3577 3650 ut
3611 3599 3807 3652 notam
3834 3593 3973 3651 dicti

2363 3692 2651 3744 auctores:
2695 3692 2753 3742 et
2794 3685 2869 3741 ita
2905 3683 3086 3756 quoad
3116 3682 3219 3740 boc
3247 3680 3437 3746 eadem
3464 3689 3551 3740 est
3578 3682 3721 3742 ratio
3748 3683 3817 3742 de
3844 3699 3981 3742 cae·

2367 3771 2501 3834 teri's
2530 3775 2749 3833 actibus
2774 3771 3187 3832 iurisdictionis.

2447 3867 2640 3939 Neque
2667 3871 2862 3923 contra
2888 3864 2996 3921 boc
3024 3862 3245 3921 obstant
3265 3864 3433 3922 citata
3452 3863 3621 3922 verba
3640 3865 3817 3938 Pauli,
3843 3881 3978 3925 nam

2366 3955 2454 4012 ille
2480 3956 2727 4030 loquitur
2754 3955 2821 4013 de
2850 3954 3105 4013 doctrina
3130 3951 3252 4011 fidei
3278 3962 3335 4012 et
3375 3953 3443 4012 de
3474 3955 3639 4013 modo
3666 3956 3884 4028 publice
3914 3958 3982 4015 il-

2367 4046 2475 4104 lam
2516 4045 2794 4116 tradendi,
2836 4051 2893 4104 et
2936 4042 3299 4102 concionandi
3336 4046 3392 4100 in
3432 4044 3713 4118 Ecclesia3
3758 4045 3827 4104 de
3866 4047 3981 4106 hoc

2364 4137 2509 4193 enim
2546 4135 2619 4191 ibi
2658 4139 2895 4206 tractat,
2926 4140 2983 4191 et
3019 4133 3193 4208 magis
3230 4132 3475 4190 declarat
3511 4138 3560 4191 t.-
3590 4136 3843 4192 Corinth.
3880 4142 3978 4211 14,

2366 4225 2645 4298 dicitque,
2688 4223 2745 4282 id
2777 4222 3008 4280 seminas
3036 4239 3146 4281 non
3176 4223 3435 4296 permitti,
3465 4239 3576 4281 non
3606 4229 3719 4282 tam
3747 4233 3983 4298 propter

2364 4317 2791 4390 incapacitatem
2822 4312 2995 4388 (haec
3032 4313 3179 4370 enim
3212 4319 3402 4386 posset
3428 4315 3649 4387 saepius
3678 4330 3788 4372 non
3815 4315 3981 4373 dees-

2366 4423 2426 4464 se
2446 4405 2487 4481 ),
2527 4421 2697 4480 quam
2731 4411 2955 4479 propter
2994 4405 3339 4462 honestatem
3375 4411 3437 4463 et
3460 4403 3794 4463 decentiam.
3820 4406 3981 4474 Quae

2366 4498 2507 4554 ratio
2542 4511 2651 4554 non
2678 4494 2843 4552 habet
2866 4493 3054 4551 locum
3078 4494 3137 4551 ln
3165 4499 3297 4552 actu
3323 4492 3529 4551 ferendi
3556 4493 3743 4569 leges;
3786 4502 3981 4568 potest

2365 4586 2507 4643 enim
2537 4601 2605 4643 ex
2632 4591 2789 4657 parte
2816 4583 3036 4641 ferentis
3063 4583 3237 4658 legem
3268 4591 3485 4642 secrete
3510 4590 3569 4642 et
3596 4601 3727 4642 cum
3751 4603 3981 4644 summa

2366 4676 2619 4734 decentia
2654 4675 2799 4742 fieri,
2836 4674 3047 4732 etiamsi
3086 4673 3173 4732 lex
3210 4675 3327 4745 ipsa
3366 4673 3587 4746 publice
3627 4682 3818 4747 postea
3842 4691 3985 4748 pro-

2366 4762 2665 4838 mulganda
2698 4764 2787 4820 sit.
2829 4763 2948 4820 Alia
2974 4769 3161 4820 autem
3190 4763 3359 4821 verba
3384 4763 3540 4822 Pauli
3566 4767 3792 4836 proprie
3818 4765 3990 4822 intel-

2370 4855 2617 4928 liguntur
2655 4852 2724 4910 de
2765 4852 2963 4912 semina
3004 4853 3352 4910 matrimonio
3382 4852 3687 4910 coniuncta
3712 4862 3985 4927 respectu

2370 4945 2588 5017 mariti,
2614 4942 2684 5000 de
2711 4958 2827 5017 qua
2848 4943 3031 5000 statim
3058 4941 3332 4999 dicemus.
3362 4943 3476 4998 Nec
3505 4940 3655 4999 valet
3682 4957 3993 5015 argumen-

2372 5041 2493 5094 tum
2519 5051 2553 5091 ιι
2578 5033 2764 5104 simili,
2795 5032 2947 5106 quod
2974 5033 3125 5090 sicut
3147 5031 3342 5088 mulier
3363 5047 3474 5106 non
3498 5037 3682 5104 potest
3704 5030 3991 5093 dominari

2372 5125 2603 5197 marito,
2645 5124 2721 5182 ita
2760 5137 2863 5180 nec
2904 5123 3079 5196 possit
3116 5119 3382 5180 dominari
3432 5136 3568 5179 suae
3606 5122 3991 5198 reipublica03

2372 5217 2505 5292 quia
2545 5217 2598 5275 in
2637 5212 2831 5273 ordine
2870 5213 2939 5272 ad
2976 5227 3143 5272 usum
3172 5210 3504 5274 matrimonii
3542 5218 3602 5271 et
3626 5213 3879 5287 regimen
3908 5214 3999 5276 ῐι-
