4325 6267
765 323 887 386 280

683 464 1129 536 interpretantur.
1173 463 1402 534 Oportet
1439 469 1616 520 tamen
1657 462 2012 522 differentiam
2047 461 2277 520 reddere

687 557 828 611 inter
857 557 1125 610 statutum
1150 559 1207 610 et
1233 559 1609 626 praeceptum,
1639 570 1740 611 seu
1767 553 2087 610 sententiam
2115 567 2277 625 gene·

689 645 854 701 ralem
897 643 1145 702 hominis.
1178 646 1431 701 Panorm.
1461 644 1531 700 ibi
1559 643 1700 700 hanc
1737 643 1948 701 reddit:
1979 641 2128 716 quod
2157 657 2277 696 sen-

652 771 667 785 .
689 734 858 790 tentia
887 732 1114 790 hominis
1145 740 1427 804 operatur,
1456 748 1588 790 cum
1615 733 1812 804 fertur,
1837 740 1892 789 et
1919 732 2038 789 ideo
2063 737 2277 788 tantum

689 824 824 895 ligat
849 820 1000 893 illos,
1030 837 1172 895 quos
1203 828 1335 878 tunc
1365 821 1567 880 invenit
1593 821 1829 879 habiles:
1861 821 1946 880 lex
1975 836 2106 877 vero
2135 835 2279 877 sem·

689 927 785 984 per
823 912 953 984 ligat
987 927 1114 980 eos,
1156 914 1251 984 qui
1287 911 1354 968 de
1391 927 1533 969 novo
1571 911 1890 968 efficiuntur
1915 911 2138 969 subditi.
2170 908 2276 968 Sed

691 1003 795 1058 boc
823 1018 928 1057 non
959 1001 1157 1074 placet,
1191 1001 1364 1071 primo
1393 1001 1520 1074 quia
1547 1001 1696 1058 iuxta
1724 1017 1849 1073 cap.
1889 1009 1940 1056 A
1965 1000 2156 1067 nobis,
2197 1005 2274 1056 ta-

691 1092 754 1148 lis
784 1093 1050 1149 sententia
1085 1090 1353 1164 generalis
1389 1107 1496 1148 non
1529 1089 1938 1161 comprehendit
1963 1097 2273 1160 extraneos,

688 1181 896 1237 etiamsi
935 1187 1061 1236 actu
1090 1179 1323 1236 existant
1351 1179 1402 1234 in
1433 1180 1731 1249 territorio,
1755 1178 1976 1250 quando
1997 1178 2278 1250 protertur

693 1270 810 1326 talis
839 1269 1123 1337 sententia3
1155 1275 1210 1326 et
1249 1276 1446 1341 tamen,
1478 1269 1520 1325 si
1549 1277 1902 1342 praeceptum
1929 1274 1986 1324 et
2014 1268 2277 1324 sententia

687 1360 952 1428 serretur,
1004 1373 1110 1430 per-
1145 1365 1414 1416 statutum
1462 1357 2092 1436 comprehenderentur,
2141 1373 2275 1430 ergo

689 1449 853 1506 etiam
882 1451 1162 1521 supposita
1191 1449 1403 1522 aequali
1433 1449 1786 1518 subiectione,
1817 1464 1916 1504 seu
1943 1452 2273 1517 praesentia,

692 1546 780 1594 est
805 1536 1076 1596 reddenda
1103 1537 1423 1608 differentia,
1451 1544 1508 1594 et
1535 1552 1640 1594 non
1671 1545 1886 1594 tantum
1915 1537 1964 1592 in
1996 1535 2185 1592 ordine
2206 1535 2276 1593 ad

691 1627 944 1686 futurum
984 1635 1218 1700 tempus.
1251 1625 1536 1698 Secundo,
1565 1629 1692 1700 quia
1716 1629 1879 1684 etiam
1907 1627 1962 1682 in
1991 1625 2179 1683 ordine
2208 1624 2275 1682 ad

691 1719 938 1779 futurum
979 1719 1070 1776 illa
1109 1718 1412 1776 differentia
1451 1733 1560 1774 non
1598 1718 1882 1788 subsistit,
1927 1731 2048 1771 nam
2090 1717 2134 1770 si
2175 1730 2273 1787 per

691 1804 1048 1882 praeceptum
1085 1807 1152 1864 ab
1194 1807 1404 1864 homine
1443 1807 1706 1863 sententia
1744 1806 1922 1863 fertur
1953 1821 2052 1878 pro
2081 1804 2269 1861 futuro

693 1897 926 1970 delicto,
968 1898 1129 1955 etiam
1169 1913 1269 1970 pro
1307 1896 1399 1953 illo
1439 1903 1682 1967 tempore
1722 1896 1916 1966 durat,
1959 1900 2014 1950 et
2053 1909 2150 1965 pro
2179 1893 2273 1951 illo

692 2001 906 2058 semper
935 1985 1180 2059 loquitur
1200 2026 1215 2054 ,
1247 1992 1302 2042 et
1327 1983 1743 2055 comprehendit
1767 2001 1890 2055 eos,
1919 1984 2012 2056 qui
2040 1981 2104 2038 de
2133 1998 2274 2039 novo

691 2075 760 2131 ibi
801 2082 1135 2146 nascuntur,
1179 2082 1234 2130 et
1281 2089 1376 2131 eos
1417 2075 1511 2146 qui
1551 2071 1882 2130 domicilium
1921 2071 2102 2129 denuo
2143 2070 2272 2128 illuc

693 2167 1045 2234 transferunt,
1063 2165 1279 2223 etiamsi
1303 2179 1408 2219 non
1431 2168 1613 2218 essent
1631 2162 1832 2219 subditi
1857 2169 2102 2232 tempore
2119 2175 2273 2231 prae-

691 2255 838 2324 cepti
873 2254 1126 2325 impositi.
1156 2255 1289 2310 ltem
1317 2254 1447 2326 quia
1477 2259 1745 2309 statutum
1773 2267 1880 2308 non
1909 2249 2088 2306 solum
2117 2265 2275 2321 prae·

695 2343 862 2414 cipit,
902 2350 998 2400 aut
1033 2343 1314 2415 probibet,
1347 2340 1441 2396 sed
1469 2340 1628 2397 etiam
1660 2355 1755 2410 per
1783 2355 1840 2395 se
1869 2339 2023 2410 punit
2049 2338 2167 2410 ipso
2196 2336 2273 2394 sa-

691 2438 816 2503 cto,
861 2437 917 2488 et
945 2431 996 2486 in
1024 2447 1083 2488 se
1111 2433 1360 2487 continet
1389 2429 1710 2486 sententiam
1739 2429 1858 2484 iure
1888 2427 2049 2484 latam
2069 2469 2082 2494 ,
2110 2433 2169 2484 et
2195 2427 2274 2482 ni·

693 2519 986 2578 nilominus
1019 2529 1128 2578 tam
1157 2520 1411 2594 obligatio
1441 2520 1738 2592 praecepti,
1769 2535 1933 2592 quam
1958 2519 2035 2574 vis
2059 2526 2274 2575 senten-

694 2611 797 2667 tiae
825 2611 960 2667 iuris
987 2611 1293 2668 extenditur
1321 2610 1388 2668 ad
1415 2625 1532 2678 eos,
1563 2611 1656 2682 qui
1683 2618 1808 2681 post
1835 2609 2062 2681 primam
2084 2609 2272 2664 editio·

697 2717 820 2758 nem
864 2701 980 2758 talis
1022 2702 1210 2759 statuti
1241 2701 1466 2757 veniunt
1493 2699 1560 2756 ad
1591 2701 1962 2769 territorium,
1995 2705 2050 2754 et
2077 2698 2148 2754 ibi
2177 2697 2272 2754 de-

696 2790 981 2862 linquunt,
1019 2806 1153 2864 ergo
1182 2789 1360 2863 quoad
1390 2788 1496 2847 hoc
1525 2787 1716 2844 eadem
1745 2789 1880 2844 ratio
1907 2795 1992 2846 est
2018 2787 2084 2844 de
2110 2803 2273 2859 gene-

694 2879 791 2936 rali
833 2888 1118 2952 praecepto
1163 2880 1396 2936 hominis
1425 2877 1733 2936 includente
1761 2877 2078 2934 sententiam
2111 2893 2278 2949 gene-

693 2968 863 3024 ralem
893 2969 1252 3040 imponentem
1281 2983 1508 3040 poenam
1537 2967 1651 3038 ipso
1673 2966 1816 3022 sacto
1841 2974 2032 3022 contra
2055 2964 2275 3022 futuros

699 3066 1131 3131 transgressores
1155 3058 1273 3114 talis
1297 3057 1590 3130 praecepti.
1611 3059 1744 3113 Nam
1769 3056 1888 3112 siin
1909 3062 2117 3114 statuto
2141 3072 2275 3112 con-

695 3149 970 3206 sideratur
999 3149 1090 3205 illa
1119 3147 1517 3220 permanentia,
1546 3162 1654 3220 qua
1683 3162 1900 3218 semper
1927 3146 2193 3218 loquitur,
2222 3155 2276 3203 et

693 3235 811 3294 ideo
839 3253 1054 3310 semper
1079 3239 1306 3310 obligat,
1331 3251 1434 3293 cur
1456 3252 1561 3293 non
1585 3235 2021 3293 considerabitur
2041 3237 2094 3292 in
2121 3251 2273 3308 prae·

693 3333 853 3399 cepto
883 3327 1114 3384 bominis
1133 3368 1148 3398 ,
1187 3326 1332 3400 quod
1362 3327 1520 3382 etiam
1551 3326 1716 3382 durat
1743 3326 1896 3382 iuxta
1925 3326 2273 3382 intentionem

692 3417 808 3472 eius
827 3458 842 3486 ,
873 3417 1136 3492 quamdiu
1179 3417 1286 3489 ipse
1314 3417 1472 3488 vivit,
1504 3432 1599 3472 seu
1629 3417 1682 3472 in
1715 3415 1894 3472 officio
1923 3413 2275 3486 perseverat?

693 3505 849 3573 Quod
878 3509 922 3562 si
953 3508 1008 3564 in
1036 3511 1240 3562 statuto
1272 3507 1486 3561 lictione
1513 3505 1644 3560 iuris
1667 3503 1981 3575 intelligitur
2003 3504 2129 3560 ferri
2151 3519 2274 3560 sen-

691 3597 882 3665 tentia,
917 3595 1131 3668 quando
1160 3595 1218 3650 lit
1247 3595 1503 3651 delictum
1535 3594 1584 3649 in
1618 3593 1913 3660 territorio,
1945 3593 2152 3648 etiamsi
2186 3593 2278 3649 liat

696 3685 765 3740 ab
799 3692 1086 3752 extraneo,
1116 3683 1210 3756 qui
1253 3684 1432 3740 denuo
1463 3683 1592 3740 illuc
1624 3683 1788 3752 venit,
1819 3697 1920 3740 cur
1950 3698 2056 3738 non
2083 3681 2273 3740 eadem

697 3775 842 3831 lictio
881 3773 1014 3830 iuris
1053 3772 1268 3829 babebit
1303 3772 1490 3829 locum
1529 3773 1582 3826 in
1620 3773 1883 3828 sententia
1920 3770 2026 3828 lata
2053 3787 2150 3844 per
2182 3773 2277 3828 ho-

695 3863 853 3920 minis
881 3861 1273 3935 praeceptum?

776 3956 864 4011 12.
897 3953 1026 4010 Dico
1052 3967 1208 4024 ergo,
1230 3948 1582 4010 differentiam
1609 3949 1928 4008 sumendam
1951 3967 2071 4008 esse
2091 3967 2156 4008 ex
2179 3967 2278 4008 na-

693 4051 818 4100 tura
856 4040 1018 4114 legis,
1049 4048 1104 4098 et
1131 4042 1253 4112 puri
1285 4039 1558 4112 praecepti
1589 4038 1850 4106 bominis3
1884 4056 2008 4096 nam
2039 4041 2119 4098 lex
2149 4057 2275 4114 per-

695 4139 857 4206 petua
888 4136 1000 4200 est,
1033 4137 1096 4187 ut
1136 4129 1230 4187 lib.
1259 4131 1301 4185 l.
1331 4127 1474 4200 dixi,
1505 4135 1854 4200 praeceptum
1893 4137 2071 4186 autem
2103 4131 2276 4187 homi·

695 4223 782 4277 nis
820 4207 1194 4279 transitorium
1233 4225 1291 4274 et
1325 4217 1480 4274 facile
1507 4218 1784 4275 mutabile.
1815 4219 1965 4276 Unde
1993 4220 2069 4285 lit,
2101 4229 2163 4276 ut
2190 4219 2275 4276 lex

695 4312 905 4368 ratione
942 4325 1075 4366 suae
1106 4308 1482 4380 perpetuitatis
1507 4309 1892 4380 aequiparetur
1920 4309 2276 4366 consuetudi·

695 4403 747 4456 ni
771 4441 786 4472 ,
827 4407 885 4457 et
919 4405 1210 4456 censeatur
1243 4403 1371 4454 nota
1399 4396 1687 4469 omnibus,
1716 4404 1772 4454 et
1799 4397 2048 4454 omnibus
2077 4415 2274 4470 propo·

696 4491 830 4559 sita,
875 4497 936 4546 ut
973 4489 1038 4546 ab
1065 4491 1145 4545 eis
1183 4494 1460 4544 servetur:
1506 4495 1856 4560 praeceptum
1895 4505 2024 4545 vero
2063 4491 2275 4546 nonita

695 4580 1084 4652 aequiparatur
1097 4576 1501 4648 consuetudini,
1521 4593 1620 4633 nec
1636 4578 1782 4635 illam
1797 4579 2122 4653 introducit,
2141 4595 2273 4636 cum

634 4703 644 4714 ·
695 4669 850 4726 facile
871 4675 1138 4740 mutetur,
1157 4683 1256 4724 nec
1281 4669 1357 4724 ita
1378 4663 1516 4724 solet
1535 4681 1655 4724 esse
1677 4673 1886 4741 notum,
1907 4675 1963 4726 et
1985 4669 2102 4726 ideo
2121 4685 2278 4742 prae-

695 4766 918 4830 ceptum
955 4757 1022 4814 de
1065 4775 1122 4815 se
1163 4757 1343 4814 solum
1371 4756 1573 4830 obligat
1597 4757 1806 4814 incolas
1835 4763 2036 4832 terrae,
2065 4766 2121 4817 et
2145 4759 2276 4816 sub·

699 4849 837 4904 ditos
866 4863 994 4904 vere
1020 4863 1084 4904 ac
1113 4851 1512 4918 permanenter,
1544 4851 1813 4904 statutum
1833 4864 1967 4905 vero
1989 4865 2179 4905 omnes
2203 4849 2275 4907 ibi

696 4939 978 5013 degentes.
1012 4936 1164 4997 Unde
1207 4937 1586 4993 consideratur
1625 4935 1724 4994 alia
1765 4936 2092 5012 differentia,
2129 4937 2276 5012 quod

699 5030 785 5088 lex
815 5031 991 5087 fertur
1029 5043 1128 5100 pro
1170 5027 1472 5100 territorio,
1501 5033 1588 5083 est
1611 5027 1754 5082 enim
1783 5029 1879 5083 ius
1907 5031 2177 5096 civitatis,
2216 5036 2278 5086 ut

701 5118 1066 5176 consideravit
1093 5117 1240 5173 Bart.
1282 5131 1381 5174 seu
1417 5115 1514 5172 lea:
1554 5118 1865 5183 territorii,
1909 5123 1972 5174 ut
2009 5117 2141 5174 dixit
2179 5121 2276 5178 Pa-

697 5226 876 5266 norm.
907 5215 963 5265 et
995 5207 1112 5264 ideo
1140 5205 1344 5278 obligat
1371 5219 1632 5276 personas
1657 5205 1811 5277 quasi
1838 5203 2105 5263 mediante
2128 5205 2274 5282 loco,

2113 337 2314 388 unm
2342 338 2446 386 ut.

2346 461 2399 518 id
2426 473 2513 520 est
2538 467 2811 535 quatenus
2847 465 2900 520 in
2940 461 3031 522 tali
3058 463 3181 520 loco
3210 471 3520 533 versantur,
3550 467 3616 523 ad
3645 481 3770 524 eum
3800 468 3937 522 mo-

2345 547 2510 625 durn,
2539 568 2649 625 quo
2688 551 3037 611 interdictum
3074 552 3245 610 locale
3272 554 3405 627 ligat
3430 569 3715 626 personam
3746 557 3799 610 in
3828 555 3935 612 tali

2344 640 2489 709 loco,
2522 649 2745 716 propter
2773 642 2923 716 quod
2941 644 3105 699 etiam
3128 649 3391 700 statutum
3416 659 3523 699 non
3546 644 3743 717 obligat
3766 651 3939 702 extra

2346 731 2683 788 territorium
2722 747 2985 803 personas
3022 731 3152 788 alias
3188 732 3462 804 subditas,
3494 739 3748 806 utsupra
3775 733 3939 790 dice-

2346 819 2571 875 bamus:
2602 825 2662 878 at
2686 837 2818 877 vero
2846 827 3202 893 praeceptum
3230 821 3487 894 hominis,
3518 840 3615 880 seu
3636 825 3933 894 personale

2345 906 2551 964 directe
2580 908 2727 965 cadit
2751 912 2803 966 in
2834 925 3096 982 personas
3124 909 3491 980 subditorum,
3518 912 3743 986 ideoque
3764 929 3937 986 prae·

2347 997 2577 1070 requirit
2604 999 3017 1072 subiectionem,
3042 1005 3100 1056 et
3128 999 3244 1056 ideo
3264 1016 3369 1056 non
3394 999 3599 1074 obligat
3618 1009 3937 1074 extraneos,

2348 1088 2511 1144 etiam
2540 1089 2593 1143 in
2624 1087 2744 1144 loco
2784 1090 3106 1159 existentes,
3136 1095 3193 1146 et
3220 1104 3248 1145 e
3276 1091 3553 1146 contrario
3580 1097 3761 1161 potest
3787 1091 3935 1147 obli-

2344 1191 2477 1250 gare
2505 1177 2753 1235 subditos
2779 1178 2943 1235 etiam
2977 1186 3131 1234 extra
3160 1179 3519 1249 territorium,
3552 1185 3614 1236 ut
3638 1180 3743 1237 dixi
3774 1180 3823 1234 in
3851 1181 3933 1236 V.

2346 1272 2477 1322 tom.
2509 1265 2581 1324 de
2613 1270 2861 1326 Censor.
2892 1267 3035 1340 disp.
3071 1273 3133 1341 5,
3165 1275 3305 1324 sect.
3340 1275 3403 1339 5,
3436 1268 3527 1325 ubi
3556 1268 3622 1325 de
3650 1270 3751 1326 hac
3780 1269 3936 1326 diffi-

2347 1355 2558 1412 cultate
2584 1357 2741 1429 plura
2768 1356 2905 1414 dixi:
2938 1357 3031 1414 hic
3056 1365 3239 1416 autem
3270 1356 3449 1414 solum
3476 1357 3711 1414 indicare
3752 1359 3928 1430 volui,

2344 1445 2621 1517 quomodo
2672 1445 2765 1502 illa
2809 1443 3057 1504 doctrina
3104 1443 3172 1503 ad
3220 1461 3410 1504 omnes
3452 1446 3599 1520 leges
3624 1447 3895 1504 humanas
3913 1489 3931 1520 ,

2342 1533 2504 1590 etiam
2535 1535 2724 1591 civiles
2751 1536 3007 1608 applicari
3036 1539 3225 1608 possit.

2428 1627 2515 1680 13.
2546 1624 2785 1682 Tertium
2816 1633 3085 1696 punctum
3114 1643 3284 1698 supra
3311 1627 3547 1700 positum
3576 1633 3680 1698 est,
3710 1643 3777 1683 an
3806 1625 3933 1683 effi-

2343 1713 2497 1769 cacia
2526 1713 2659 1787 legis
2685 1714 2863 1770 dantis
2889 1715 3121 1773 formam
3142 1715 3377 1788 iudiciis,
3402 1717 3801 1784 contractibus,
3824 1724 3933 1774 aut

2345 1800 2464 1857 aliis
2501 1801 2765 1860 similibus
2807 1804 3143 1876 actionibus,
3172 1812 3228 1862 et
3252 1807 3511 1862 irritantis
3538 1805 3695 1861 aliter
3722 1806 3931 1876 tactas,

2345 1889 2669 1948 extendatur
2696 1894 2841 1950 intra
2870 1895 3211 1951 territorium
3236 1897 3399 1952 etiam
3428 1894 3493 1951 ad
3520 1911 3624 1951 non
3647 1893 3927 1952 subditos.

2346 1981 2405 2036 ln
2434 1996 2547 2052 quo
2576 1982 2813 2040 breviter
2839 1982 3129 2040 dicendum
3154 1991 3262 2058 est,
3294 1985 3453 2042 etiam
3482 1984 3658 2057 quoad
3686 1984 3791 2041 boc
3814 1999 3935 2040 ser-

2342 2069 2573 2127 vandam
2620 2086 2742 2128 esse
2780 2078 2955 2145 legem
2996 2075 3047 2129 in
3074 2089 3177 2130 suo
3206 2074 3509 2144 territorio,
3540 2081 3596 2130 et
3620 2073 3934 2131 secundum

2348 2160 2493 2217 illam
2520 2175 2639 2216 esse
2666 2160 2735 2217 de
2764 2168 2896 2218 actu
2926 2162 3297 2221 iudicandum.
3330 2164 3408 2220 lta
3436 2163 3635 2220 Bartol.
3666 2164 3845 2224 lason.
3870 2171 3933 2220 et

2343 2249 2427 2306 alii
2466 2250 2515 2305 in
2560 2249 2707 2308 dicta
2749 2251 2786 2307 l.
2828 2258 3066 2308 cunctos
3096 2251 3374 2328 populos,
3418 2253 3585 2310 Felin.
3618 2267 3738 2325 cap.
3780 2259 3827 2311 1.
3860 2254 3935 2310 de

2344 2339 2582 2410 sponsal.
2616 2356 2669 2396 n.
2702 2346 2762 2412 2,
2793 2346 2850 2397 et
2875 2358 2929 2396 n.
2964 2345 3035 2398 23
3070 2350 3128 2399 et
3162 2343 3467 2414 sequentib.
3509 2349 3565 2400 et
3602 2345 3801 2415 optime
3826 2345 3931 2399 Pa-

2344 2429 2635 2484 normitan.
2681 2434 2738 2488 2.
2785 2438 2929 2502 part.
2976 2431 3261 2488 Consilior.
3306 2434 3359 2488 in
3406 2437 3471 2491 52
3496 2473 3511 2504 ,
3550 2433 3820 2505 Tiraquel.
3858 2433 3933 2488 de

2345 2519 2750 2592 primogenitis,
2782 2536 2838 2592 q.
2872 2524 2942 2580 46
2964 2563 2979 2590 ,
3020 2528 3079 2579 et
3106 2526 3197 2580 ts.
3230 2525 3431 2578 Sensus
3460 2528 3643 2579 autem
3672 2524 3932 2579 assertio-

2343 2608 2425 2664 nis
2462 2613 2581 2678 est,
2628 2607 2919 2682 advenam,
2960 2611 3054 2682 qui
3092 2612 3149 2666 in
3190 2611 3294 2668 boc
3324 2611 3446 2668 loco
3473 2612 3603 2668 l'acit
3632 2618 3931 2668 testamen-

2346 2704 2461 2754 tum
2490 2703 2587 2754 aut
2617 2705 2987 2770 contractum,
3018 2699 3215 2758 debere
3242 2703 3293 2758 in
3324 2701 3427 2758 illis
3456 2717 3677 2758 servare
3698 2703 3931 2759 formam

2346 2787 2739 2860 praescriptam
2783 2804 2879 2858 per
2920 2788 3065 2860 leges
3106 2790 3271 2846 huius
3312 2793 3502 2864 regni,
3536 2805 3601 2848 ac
3629 2775 3857 2863 p'roinde
3886 2793 3932 2848 si

2346 2876 2517 2933 forma
2560 2876 2647 2933 illa
2686 2893 2791 2933 non
2833 2887 3045 2935 serrata
3086 2886 3405 2937 contractus
3446 2881 3512 2936 sit
3550 2881 3739 2938 irritus
3777 2897 3845 2938 ex
3872 2882 3925 2938 vi

2348 2965 2593 3022 eiusdem
2622 2967 2773 3039 legis,
2804 2969 2962 3024 etiam
2992 2967 3170 3026 sactus
3201 2971 3269 3026 ab
3296 2977 3553 3026 extraneo
3580 2971 3687 3027 erit
3706 2969 3923 3034 irritus,

2344 3063 2400 3113 et
2426 3057 2503 3112 sic
2532 3056 2598 3112 de
2628 3056 2764 3113 aliis.
2795 3058 2946 3115 Ratio
2973 3066 3079 3128 est,
3110 3061 3239 3132 quia
3266 3060 3353 3118 illa
3379 3059 3463 3116 lex
3492 3067 3578 3116 est
3600 3060 3789 3131 regula
3808 3059 3931 3116 talis

2346 3152 2507 3202 actus
2534 3145 2713 3218 quoad
2747 3147 2851 3202 vim
2881 3146 3146 3220 obligandi
3168 3149 3373 3206 ratione
3396 3149 3520 3220 loci,
3544 3155 3608 3205 ut
3626 3148 3767 3217 dixi;
3790 3165 3926 3221 ergo

2344 3234 2506 3292 etiam
2547 3233 2617 3296 ibi
2657 3235 2860 3307 obligat
2897 3235 2963 3291 ad
3006 3237 3323 3302 servandam
3374 3239 3605 3294 sormam
3646 3238 3931 3311 operandi,

2342 3340 2505 3398 quam
2543 3325 2897 3396 praescribit,
2940 3332 2999 3381 et
3032 3326 3177 3382 sicut
3204 3327 3277 3384 ibi
3312 3327 3475 3384 habet
3510 3329 3617 3384 vim
3644 3327 3926 3399 puniendi,

2344 3415 2419 3471 ita
2454 3415 2616 3472 etiarn
2656 3415 2759 3470 vim
2793 3414 3053 3470 irritandi.
3087 3417 3241 3473 Patet
3264 3419 3659 3489 consequentia
3684 3433 3751 3474 ex
3781 3420 3927 3488 pari·

2348 3511 2459 3562 tate
2488 3505 2733 3576 rationis,
2762 3512 2817 3562 et
2845 3506 2973 3578 quia
3001 3511 3160 3560 actus
3189 3506 3273 3562 illo
3300 3507 3616 3579 simpliciter
3634 3515 3721 3563 est
3742 3508 3925 3563 subie-

2345 3600 2474 3650 ctus
2516 3593 2586 3650 illi
2626 3593 2758 3666 legi3
2789 3609 2921 3666 ergo
2948 3601 3033 3652 est
3060 3593 3309 3650 subditus
3338 3597 3516 3668 quoad
3546 3603 3713 3653 totam
3742 3596 3931 3652 effica-

2345 3684 2487 3740 ciam
2514 3683 2651 3739 eius.
2684 3683 2755 3740 Et
2780 3684 3165 3758 confirmatur,
3208 3684 3335 3756 quia
3376 3685 3428 3741 hi
3464 3693 3653 3756 actus,
3682 3687 3777 3759 qui
3807 3701 3930 3742 cer-

2346 3777 2455 3828 tam
2482 3771 2713 3830 sormam
2740 3779 2797 3829 et
2822 3773 3222 3831 solemnitatem
3253 3777 3569 3848 requirunt,
3596 3792 3703 3832 non
3724 3776 3929 3834 habent

2347 3862 2586 3918 valorem
2618 3864 2731 3918 sine
2762 3860 3090 3919 adminiculo
3110 3865 3265 3934 iuris,
3292 3862 3330 3918 Ι.
3355 3863 3638 3937 leqs‘tima,
3668 3865 3724 3922 ff.
3748 3865 3815 3922 de
3834 3882 3933 3936 pa-

2345 3951 2450 4008 ctis
2470 3993 2483 4020 ,
2515 3957 2647 4008 tunc
2676 3957 2859 4008 autem
2886 3952 2971 4009 ius
3000 3967 3105 4010 non
3133 3955 3440 4024 concurrit,
3472 3954 3569 4012 sed
3596 3957 3775 4027 potius
3797 3957 3931 4012 resi-

2345 4043 2467 4112 stit3
2498 4056 2631 4113 ergo
2658 4048 2817 4098 actus
2844 4057 2950 4098 non
2974 4042 3187 4100 habebit
3206 4044 3464 4101 valorem.
3492 4046 3731 4119 Denique
3752 4048 3805 4102 in
3829 4045 3935 4102 bu·

2345 4129 2579 4188 iusmodi
2616 4129 2779 4187 rebus
2805 4137 2862 4188 et
2889 4133 3195 4190 actionibus
3222 4135 3648 4193 consuetudines
3676 4136 3931 4196 locorum

2345 4220 2638 4277 servandae
2666 4227 2828 4290 sunt,
2856 4235 2987 4293 ergo
3014 4223 3171 4278 etiam
3200 4223 3363 4297 leges.
3399 4226 3466 4282 Et
3492 4224 3596 4282 hoc
3624 4227 3739 4299 ipsa
3761 4229 3925 4284 etiam

2343 4313 2463 4367 iura
2490 4309 2665 4367 civilia
2690 4307 2911 4382 docent,
2931 4327 3071 4384 quae
3104 4312 3205 4369 late
3236 4315 3477 4372 referunt
3498 4315 3708 4389 allegati
3730 4323 3931 4374 aucto-

2344 4415 2455 4471 res,
2480 4400 2548 4456 ad
2574 4416 2715 4473 quos
2738 4403 2953 4474 proprie
2978 4404 3268 4474 pertinent,
3292 4411 3347 4460 et
3364 4403 3485 4461 ideo
3506 4421 3613 4462 non
3638 4407 3921 4463 immoror.

2427 4492 2515 4547 14.
2547 4490 2681 4545 Hinc
2721 4496 2902 4546 tamen
2950 4491 3105 4547 nobis
3150 4492 3343 4550 inferre
3370 4493 3528 4567 licet,
3575 4494 3811 4552 valorem
3845 4505 3929 4554 ta·

2346 4579 2479 4636 lium
2517 4585 2777 4651 actuum,
2815 4589 2872 4637 et
2910 4580 3293 4654 obligationem
3330 4585 3386 4638 in
3415 4583 3532 4640 l'oro
3560 4586 3931 4644 conscientiae

2344 4669 2499 4726 iuxta
2526 4665 2836 4724 huiusmodi
2864 4667 3012 4742 leges
3040 4669 3388 4741 spectandam
3408 4687 3551 4742 esse,
3575 4675 3701 4745 quia
3722 4673 3807 4731 ius
3831 4691 3935 4747 po·

2345 4758 2567 4816 sitivum
2588 4757 2922 4829 impediendo
2938 4757 3176 4816 valorem
3198 4767 3379 4832 actus,
3396 4771 3803 4836 consequenter
3826 4767 3931 4822 im·

2346 4847 2547 4922 pedivit
2572 4847 2953 4920 obligationem
2979 4850 3116 4905 eius.
3149 4849 3295 4906 ldem
3322 4849 3613 4910 dicendum
3640 4861 3725 4910 est
3749 4853 3817 4910 de
3838 4855 3929 4910 iu-

2346 4938 2528 5008 diciis3
2572 4953 2695 4994 nam
2736 4938 2943 5010 agenda
2985 4946 3112 4994 sunt
3152 4939 3298 4996 iuxta
3338 4940 3565 4998 formam
3604 4949 3660 5000 et
3696 4943 3929 5002 modum

2348 5027 2751 5101 praescriptum
2792 5043 2889 5098 per
2929 5028 3075 5100 leges
3114 5029 3249 5102 loci,
3295 5031 3348 5086 in
3387 5046 3500 5104 quo
3528 5033 3690 5102 fiunt,
3720 5035 3932 5106 quibus

2346 5123 2635 5190 propterea
2663 5115 2824 5173 debet
2850 5116 3078 5174 sorensis
3106 5118 3319 5192 litigans
3342 5121 3769 5194 accommodari,
3794 5123 3931 5180 alias

2348 5207 2477 5264 nibil
2509 5205 2749 5264 validum
2774 5205 2997 5278 efficiet,
3026 5206 3067 5263 si
3096 5223 3195 5280 per
3221 5207 3366 5281 leges
3394 5209 3501 5267 loci
3528 5211 3799 5269 irritatum
3826 5215 3929 5285 sit,
