4325 6267
1809 400 2021 450 cnm·
2045 403 2119 451 X·

312 532 455 591 papa
482 518 607 576 loco
635 522 803 580 citato
822 564 837 595 ,
866 521 962 580 sed
990 540 1129 598 quae
1158 526 1226 585 ad
1252 534 1593 600 praesentem
1625 529 1907 587 materiam

308 609 579 680 pertinere
616 617 877 683 possunt,
906 614 1129 674 inferius
1155 617 1443 677 tractando
1470 620 1537 677 de
1572 619 1785 694 legibus
1812 634 1907 676 ca-

308 700 525 757 nonicis
562 701 928 775 attingemus:
960 711 1147 765 cetera
1185 706 1354 766 videri
1382 715 1615 782 possunt
1640 710 1691 766 in
1734 709 1903 766 bisto-

306 789 428 862 riis,
452 795 512 847 et
530 806 595 847 ea
618 794 677 848 in
696 808 965 852 summam
988 796 1183 871 redigit
1200 797 1557 859 Bellarminus
1585 815 1753 873 supra
1774 815 1827 857 c.
1850 802 1903 858 7.

304 882 390 938 Ex
429 880 633 955 quibus
672 883 837 940 etiam
863 885 1113 958 expedita
1150 896 1333 946 manet
1360 892 1501 947 ratio
1533 888 1815 947 dubitandi
1853 890 1907 945 in

306 970 579 1043 principio
606 973 804 1043 posita.
830 974 967 1032 Nam
990 985 1271 1035 ostensum
1294 986 1381 1036 est
1406 982 1691 1053 Scriptura
1712 985 1769 1036 et
1796 985 1907 1037 tra-

306 1059 539 1133 ditione,
569 1059 711 1119 hanc
748 1062 1143 1124 institutionem
1178 1083 1299 1127 esse
1327 1084 1357 1128 a
1396 1069 1611 1129 Christo
1649 1070 1901 1128 Domino.

304 1152 506 1208 Petrus
532 1166 665 1209 vero
690 1160 750 1211 et
776 1154 977 1212 Paulus
1005 1156 1078 1213 ibi
1105 1156 1321 1232 allegati
1347 1158 1655 1234 loquuntur
1681 1160 1748 1218 de
1776 1162 1908 1219 obe·

306 1240 509 1299 dientia
527 1239 709 1300 debita
729 1245 1065 1318 principibus
1092 1255 1151 1305 et
1175 1251 1539 1322 potestatibus
1579 1266 1611 1308 a
1638 1252 1753 1309 suis
1776 1252 1907 1310 sub-

306 1329 435 1388 ditis
471 1334 805 1407 respective,
832 1351 943 1393 non
982 1340 1247 1396 tamenin
1282 1340 1359 1397 eis
1386 1341 1693 1415 explicatur
1728 1342 1906 1416 qualis

310 1420 385 1476 sit
420 1419 794 1480 subordinatio
834 1431 1171 1495 potestatum
1196 1428 1335 1487 inter
1378 1447 1460 1489 se.
1490 1432 1676 1506 Neque
1705 1440 1792 1493 est
1816 1448 1909 1491 ve·
1934 1441 1947 1460 ‘

218 1576 229 1587 ὑ
306 1524 437 1567 rum
459 1552 477 1583 ,
534 1512 890 1583 imperatores
942 1514 1272 1576 christianos
1328 1537 1573 1596 unquam
1634 1521 1907 1582 iudicasse

308 1600 618 1676 Pontifices,
643 1607 706 1660 ut
733 1602 785 1659 in
815 1608 1059 1664 tractatu
1084 1605 1159 1665 de
1184 1612 1573 1670 Immunitate
1593 1614 1699 1673 late
1725 1621 1907 1673 osten-

308 1704 437 1745 sum
462 1696 565 1747 est.

388 1778 709 1855 Exemplum
740 1790 927 1843 autem
953 1785 1024 1843 ibi
1060 1787 1365 1848 adductum
1390 1807 1458 1850 ex
1489 1796 1543 1851 3.
1568 1794 1779 1868 Reguz,
1810 1812 1905 1867 pe-

310 1868 463 1927 tebat
482 1871 771 1942 specialem
794 1873 1182 1936 difficultatem
1210 1879 1278 1937 de
1305 1884 1710 1955 comparatione
1740 1885 1905 1943 simili

308 1958 455 2017 inter
471 1961 788 2021 Pontificem
808 1971 865 2022 et
894 1981 1079 2040 regem
1102 1969 1207 2027 sub
1234 1976 1382 2030 statu
1404 1972 1537 2047 legis
1566 1976 1788 2049 veteris,
1808 1974 1906 2033 sed

308 2046 446 2106 baec
465 2064 661 2122 parum
684 2053 855 2111 rel'ert
874 2054 943 2113 ad
969 2072 1231 2129 praesens
1261 2060 1592 2135 institutum,
1616 2072 1674 2123 et
1698 2066 1751 2122 in
1778 2081 1908 2138 pro·

306 2140 426 2211 prio
441 2139 565 2197 loco
590 2143 875 2202 tractando
894 2144 963 2203 de
982 2162 1211 2207 romano
1232 2150 1487 2210 Pontifice
1508 2151 1902 2229 disputabitur.

308 2230 384 2287 Et
408 2229 530 2289 ideo
557 2248 709 2291 nunc
737 2234 918 2294 solum
944 2236 1069 2295 dico
1097 2239 1230 2297 duo.
1264 2243 1448 2301 Unum
1474 2251 1583 2316 est,
1612 2259 1679 2302 ex
1706 2245 1800 2303 illo
1826 2246 1909 2304 ni-

308 2318 389 2376 hil
412 2322 753 2381 sufllcienter
778 2325 1021 2401 probari,
1044 2330 1132 2387 vel
1151 2331 1281 2404 quia
1298 2333 1367 2390 ibi
1394 2341 1650 2393 narratur
1671 2334 1903 2408 sactum,

306 2411 552 2485 nonius,
581 2412 635 2469 id
660 2422 747 2472 est
773 2424 1059 2493 narratur,
1090 2420 1225 2493 quid
1256 2420 1450 2480 lecerit
1475 2422 1729 2483 Salomon
1747 2467 1763 2500 ,
1795 2441 1903 2485 non

308 2506 491 2559 tamen
519 2517 589 2559 an
614 2503 807 2562 fecerit
834 2521 902 2564 ex
942 2507 1177 2583 legitima
1204 2512 1291 2569 vel
1318 2519 1583 2587 usurpata
1612 2521 1901 2589 potestate,

308 2588 395 2647 vel
421 2599 573 2651 certe
590 2634 607 2663 ,
635 2596 767 2667 quia
794 2594 887 2670 (ut
909 2597 1076 2673 aliqui
1103 2600 1323 2675 volunt)
1350 2604 1607 2662 Salomon
1633 2621 1701 2663 ex
1730 2623 1902 2679 pecu-

306 2678 427 2737 liari
466 2682 729 2742 instinctu
766 2686 999 2759 Spiritus
1038 2692 1213 2749 sancti
1241 2690 1295 2749 id
1329 2691 1493 2764 fecit,
1523 2695 1668 2751 utin
1706 2696 1901 2754 eodem

308 2768 434 2827 loco
467 2774 743 2848 innuitur,
771 2784 827 2834 et
852 2778 974 2835 ideo
1002 2795 1111 2836 aon
1137 2782 1382 2856 sequitur
1411 2782 1465 2840 id
1500 2784 1693 2843 secisse
1719 2802 1785 2844 ex
1814 2803 1905 2845 or·

305 2860 519 2919 dinaria
539 2870 829 2941 potestate,
844 2884 1013 2941 quam
1035 2868 1278 2930 baberet.
1302 2872 1547 2932 Alterum
1574 2883 1681 2947 est,
1706 2894 1903 2951 parum

306 2952 514 3010 referre
540 2954 609 3011 ad
648 2965 989 3029 praesentem
1017 2976 1248 3021 causam
1273 2966 1604 3038 comparatio
1633 2966 1721 3025 illa
1758 2977 1906 3029 vete-

307 3042 385 3099 ris
420 3043 777 3121 Testamenti,
807 3053 924 3105 tum
952 3051 1082 3124 quia
1111 3051 1196 3109 lex
1236 3060 1395 3111 vetus
1423 3056 1473 3111 in
1515 3055 1600 3113 his
1626 3074 1906 3118 caeremo-

306 3132 543 3191 nialibus
568 3142 625 3193 et
648 3136 995 3197 iudicialibus
1022 3141 1127 3199 iam
1156 3146 1416 3216 cessavit,
1446 3151 1511 3203 ut
1538 3146 1575 3204 l.
1608 3150 1699 3206 lX.
1726 3157 1907 3209 osten-

304 3222 526 3299 demus3
552 3234 671 3285 tum
690 3228 857 3286 etiam
879 3232 1009 3304 quia
1031 3231 1191 3307 longe
1211 3236 1419 3293 altioris
1438 3236 1643 3295 ordinis
1664 3248 1751 3299 est
1770 3257 1905 3315 pon-

302 3314 546 3373 tificatus
572 3316 707 3391 legis
747 3334 953 3381 novae.
986 3338 1153 3395 quam
1180 3328 1413 3401 veteris3
1444 3334 1503 3385 et
1535 3328 1657 3389 ideo
1684 3331 1813 3392 (lato
1849 3342 1907 3394 et

302 3420 415 3462 non
457 3420 755 3481 concesso,
797 3411 1180 3482 pontificatum
1223 3422 1459 3475 veterem
1496 3435 1605 3477 non
1650 3420 1905 3483 babuisse

305 3495 453 3553 illam
507 3498 883 3559 excellentiam
900 3544 915 3575 ,
957 3519 1067 3559 non
1114 3496 1397 3581 sequitur,
1440 3511 1814 3582 pontificatum
1871 3534 1904 3575 a

302 3586 522 3645 Christo
540 3590 851 3649 institutum
874 3592 1017 3651 illam
1040 3610 1148 3651 non
1171 3595 1390 3655 habere.
1408 3600 1569 3659 Sicut
1585 3604 1747 3662 etiam
1761 3607 1907 3681 Papa

302 3692 455 3735 nunc
496 3678 659 3738 babet
702 3688 1027 3754 potestatem
1065 3688 1371 3747 remittendi
1411 3699 1643 3763 peccata
1667 3735 1683 3767 ,
1738 3711 1904 3770 quam

3373 392 3499 458 335

2049 528 2129 580 rio
2150 530 2475 593 coniunctae,
2502 543 2596 582 nec
2621 534 2908 585 necessario
2930 535 3437 598 separatae.—Ratlo
3457 549 3579 588 cou-

2048 600 2314 651 elusionis.
2331 602 2522 651 —Alia
2546 603 2710 665 ratio,
2735 604 2858 667 quia
2890 608 3116 668 potestas
3139 606 3490 657 ecelesiastica
3526 609 3581 657 iu

2045 668 2161 732 lege
2193 682 2325 721 nova
2346 678 2426 721 est
2461 674 2888 737 supernaturalis.
2909 676 3052 726 -4,
3079 675 3155 727 Ex
3187 689 3286 727 usu
3320 676 3582 729 Ecclesiae

2044 744 2208 803 patet,
2237 747 2542 805 potestatem
2565 743 2770 794 civilem
2787 750 2842 795 et
2867 746 3265 797 ecclesiasticam
3291 758 3403 798 esse
3426 758 3576 813 posse

2044 809 2098 859 in
2122 808 2298 861 eadem
2322 823 2558 875 persona.
2573 813 2704 865 -5,
2731 814 3068 879 Exponuntur
3091 816 3430 869 auctoritates
3455 830 3577 870 con·

2046 880 2241 932 trariae
2265 880 2516 935 haeresis.

1966 1058 2001 1105 “.
2062 1057 2111 1109 l.
2146 1054 2293 1111 Haec
2315 1054 2434 1112 sola
2459 1059 2795 1130 comparatio
2823 1058 2978 1127 nobis
3015 1065 3266 1134 superest
3300 1062 3444 1117 inter
3482 1060 3580 1118 bas

1972 1141 2112 1201 duas
2132 1147 2532 1216 potestates.Et
2557 1146 2610 1204 in
2640 1146 2730 1205 illa
2750 1148 3101 1209 inveniuntur
3119 1167 3336 1211 errores
3359 1159 3580 1210 contra-

1974 1235 2065 1291 riiz
2081 1248 2229 1291 unus
2253 1241 2360 1310 est,
2383 1235 2479 1292 bas
2499 1234 2638 1295 duas
2657 1245 3147 1313 potestates,prout
3158 1249 3288 1299 suut
3309 1244 3362 1299 in
3384 1243 3580 1301 Eccle-

1982 1324 2084 1397 sia,
2116 1338 2332 1398 semper
2359 1340 2425 1383 ac
2452 1328 2764 1385 necessario
2792 1344 2914 1386 esse
2941 1332 3291 1404 coniunctas,
3320 1348 3430 1389 non
3459 1334 3581 1405 qui-

1972 1412 2095 1471 dem
2127 1414 2180 1472 in
2218 1432 2285 1473 eo
2319 1432 2516 1491 sensu,
2545 1419 2604 1474 in
2639 1434 2750 1493 quo
2779 1419 2948 1494 aliqui
2974 1420 3257 1493 dixerunt,
3290 1428 3580 1498 utramque

1985 1513 2314 1580 potestatem
2342 1524 2464 1565 esse
2491 1510 2544 1567 in
2581 1525 2800 1568 summo
2826 1511 3084 1569 Pontifice
3119 1519 3382 1587 respectu
3409 1514 3581 1571 totius

1972 1597 2153 1670 orbis,
2183 1605 2242 1656 et
2273 1596 2484 1656 directe
2513 1615 2579 1657 ac
2615 1600 2933 1669 formaliter,
2962 1610 3028 1661 ut
3051 1604 3130 1660 sic
3157 1603 3341 1663 dicam
3360 1645 3376 1678 ,
3404 1620 3474 1662 ex
3499 1604 3580 1661 di-

1974 1689 2105 1745 vino
2134 1690 2290 1762 iure,
2319 1692 2572 1763 quamvis
2598 1692 2744 1749 enim
2773 1692 2878 1749 boc
2905 1709 3014 1750 non
3042 1694 3114 1751 ita
3139 1696 3233 1767 sit,
3263 1708 3370 1751 non
3396 1700 3578 1753 tamen

1970 1786 2061 1835 est
2079 1794 2237 1836 error
2264 1780 2318 1837 in
2345 1780 2470 1852 fide,
2497 1779 2593 1838 sed
2620 1782 2823 1855 opinio,
2847 1781 2916 1841 de
2944 1799 3054 1857 qua
3075 1785 3210 1842 satis
3233 1783 3444 1843 dictum
3465 1792 3571 1842 est.

1970 1872 2033 1928 Iu
2062 1870 2168 1927 alio
2205 1886 2372 1928 sensu
2397 1871 2674 1930 haeretico
2712 1871 2914 1930 docent
2939 1871 3086 1931 illam
3121 1875 3380 1933 baeretici
3406 1875 3575 1934 buius

1971 1961 2268 2032 temporis,
2299 1974 2539 2035 quorum
2569 1962 2824 2036 princeps
2849 1963 3036 2037 quoad
3071 1964 3212 2023 hanc
3240 1972 3450 2039 partem
3491 1968 3572 2023 vi·

1970 2048 2135 2106 detur
2177 2050 2346 2107 fuisse
2380 2051 2647 2109 Henricus
2683 2051 2822 2109 vul.
2872 2069 2972 2111 rex
3018 2054 3244 2129 Angliae
3267 2096 3284 2128 ,
3336 2058 3429 2130 qui
3477 2072 3573 2112 vo-

1970 2139 2093 2209 luit,
2106 2154 2555 2215 unumquemque
2571 2156 2756 2217 regem
2779 2144 3133 2217 temporalem
3155 2160 3276 2202 esse
3295 2161 3577 2205 summum

1973 2229 2288 2288 Pontificem
2327 2230 2380 2287 in
2425 2247 2528 2288 suo
2575 2248 2747 2307 regno
2770 2274 2786 2307 ,
2831 2239 2992 2307 atque
3040 2234 3114 2292 ita
3157 2235 3358 2295 habere
3404 2239 3572 2297 simul

1973 2325 2268 2395 utramque
2309 2328 2658 2394 potestatem.
2690 2323 2755 2379 Hi
2805 2323 3063 2383 haeretici
3110 2325 3321 2384 nullum
3367 2327 3570 2387 habent

1972 2410 2390 2470 fundamentum
2428 2420 2646 2485 praeter
2685 2414 2942 2473 affectum
2983 2413 3275 2485 libertatis3
3309 2418 3568 2477 videntur

1974 2508 2161 2560 autem
2188 2500 2319 2559 nibil
2355 2501 2522 2561 altius
2548 2504 2754 2562 sentire
2779 2504 2849 2562 de
2885 2505 2988 2563 hac
3016 2512 3285 2579 potestate
3311 2508 3573 2581 spirituali

1972 2594 2025 2650 in
2055 2593 2176 2668 lege
2203 2609 2343 2651 nova
2360 2634 2376 2667 ,
2406 2610 2572 2668 quam
2599 2594 2856 2653 habuerit
2879 2596 2931 2653 in
2967 2595 3088 2671 lege
3115 2598 3316 2667 veteri,
3346 2606 3446 2657 aut
3471 2614 3568 2658 na-

1972 2690 2161 2751 turae,
2191 2689 2248 2742 et
2274 2683 2394 2743 ideo
2433 2685 2582 2759 quod
2609 2685 2714 2743 illis
2757 2686 3092 2759 temporibus
3129 2695 3411 2747 servatum
3449 2704 3572 2748 esse

1970 2780 2188 2847 putant,
2211 2780 2277 2831 ut
2295 2789 2454 2849 reges
2473 2783 2656 2833 essent
2677 2792 2846 2850 supra
2869 2775 3207 2853 sacerdotes,
3231 2794 3381 2837 nunc
3403 2781 3568 2839 etiam

1972 2864 2304 2922 servandum
2332 2880 2452 2923 esse
2476 2865 2806 2924 existimant.

2047 2953 2259 3013 2.Alius
2277 2970 2433 3011 error
2453 2956 2708 3013 inventus
2726 2958 2888 3014 etiam
2911 2972 2944 3014 a
2961 2957 3317 3015 novatoribus
3337 2965 3446 3031 est,
3468 2976 3566 3034 po-

1968 3050 2222 3103 testatem
2242 3044 2455 3102 civilem
2477 3045 2694 3103 omnino
2723 3061 3031 3120 repugnare
3051 3048 3429 3123 Pontificibus,
3453 3066 3556 3109 seu·

1970 3136 2218 3210 personis
2240 3135 2294 3192 in
2323 3134 2652 3193 sacerdotali
2669 3135 2926 3209 dignitate
2955 3139 3290 3196 constitutis.
3309 3140 3558 3201 Afferunt

1971 3226 2137 3283 verba
2158 3225 2245 3283 illa
2253 3224 2452 3283 Christi
2469 3228 2646 3283 Lucae
2660 3231 2753 3285 22:
2770 3230 2950 3299 Reges
2971 3230 3235 3301 gentium
3253 3227 3565 3291 dominan-

1972 3322 2073 3374 tur
2096 3330 2319 3383 eorum,
2431 3331 2533 3373 vos
2553 3320 2755 3373 autem
2779 3332 2900 3373 non
2925 3320 3028 3374 sic.
3048 3318 3131 3375 Ex
3155 3318 3358 3393 quibus
3385 3321 3568 3379 verbis

1972 3407 2053 3463 sic
2082 3403 2290 3479 colligit
2314 3404 2790 3464 Bernard.l.2.de
2809 3404 3098 3465 consider.
3125 3423 3180 3465 c.
3208 3411 3271 3468 6:
3297 3408 3568 3470 Planum

1968 3501 2072 3565 est,
2108 3494 2398 3570 apostolis
2421 3492 2798 3555 interdicitur
2822 3494 3166 3556 dominatus
3176 3516 3198 3565 ;
3220 3514 3358 3572 erqo
3386 3505 3472 3571 tu,
3508 3508 3564 3561 et

1970 3586 2080 3643 tibi
2110 3602 2410 3661 usurpare
2435 3585 2616 3656 αιιάε,
2659 3594 2770 3645 aut
2795 3585 3112 3646 donuinam
3137 3589 3558 3665 apostolatum,

1968 3680 2081 3735 aut
2115 3675 2474 3751 apostolicus
2509 3674 2882 3736 dominatum
2898 3722 2914 3747 ‚
2939 3677 3128 3753 plane
3165 3680 3242 3737 ab
3277 3679 3568 3741 alternare

302 3782 418 3825 non
438 3767 629 3827 babuit
645 3773 907 3833 sacerdos
931 3776 1186 3850 antiquae
1212 3777 1371 3853 legis,
1392 3796 1541 3838 nunc
1560 3785 1705 3857 Papa
1724 3794 1908 3859 potest
1960 3766 2302 3841 PY⁰¹⁸5b⁶r²⁶⁸
2322 3807 2339 3842 s
2379 3769 2434 3824 ⁸³
2464 3772 2782 3842 ¹⁶⁶¹·quoe
2819 3766 3094 3826 Similiter
3129 3769 3346 3828 'labere
3383 3772 3559 3842 0⁰10&

298 3860 607 3919 concedere
632 3861 1015 3939 indulgentias,
1042 3866 1191 3941 quod
1220 3867 1362 3927 alius
1388 3887 1500 3930 non
1527 3877 1725 3947 potuit.
1750 3878 1906 3937 Deni-

304 3964 415 4023 que
443 3953 601 4011 Petro
631 3955 929 4027 promissae
958 3963 1091 4015 sunt
1114 3957 1299 4015 claves
1327 3965 1481 4035 regni
1510 3964 1819 4040 caelorum,
1850 3974 1907 4027 et

304 4040 517 4099 dictum
543 4040 620 4100 illi
656 4051 770 4102 est:
801 4046 991 4104 Pasce
1019 4063 1150 4105 oves
1174 4058 1385 4120 meas,‘
1406 4058 1461 4109 et
1495 4054 1807 4130 Quidquid
1829 4057 1906 4115 ct-

302 4134 589 4203 9averitts
614 4148 792 4209 super
816 4138 1069 4205 terram,
1102 4142 1213 4195 erit
1238 4138 1493 4214 liqatum
1518 4148 1575 4201 et
1600 4148 1664 4202 tu
1690 4146 1894 4217 caelis,

300 4234 447 4292 quae
464 4236 574 4277 ιιοιι
602 4230 732 4280 sunt
755 4224 903 4283 dicta
924 4228 1089 4285 veteri
1111 4226 1381 4287 Pontificiss
1397 4233 1467 4290 Et
1494 4232 1616 4293 ideo
1636 4235 1903 4313 quidquid

300 4308 369 4366 de
395 4310 491 4368 illo
516 4313 608 4384 sit,
638 4314 839 4375 veritas
864 4316 1041 4388 posita
1066 4317 1405 4380 inconcussa
1431 4330 1633 4384 manet.

896 4494 1175 4567 CAPUT
1218 4497 1307 4567 X.

314 4690 529 4749 Utrum
563 4693 825 4766 potestas
858 4691 1269 4753 ecclesiastica
1306 4694 1391 4753 ad
1432 4696 1585 4773 leges
1604 4698 1905 4772 serendas

376 4784 564 4928 Zosas?
604 4784 669 4839 iu
705 4780 913 4841 eadem
937 4800 1206 4859 persona
1233 4790 1517 4863 coniunqi
1546 4792 1727 4869 simul
1766 4811 1903 4853 cum

868 4978 900 5041 S
911 4994 953 5042 n
967 4997 1021 5043 ιιι
1039 4998 1091 5044 ιιι
1102 5000 1134 5045 a
1147 4983 1213 5047 ri
1230 4999 1270 5047 u
1281 4999 1336 5047 ιιι

312 5164 362 5215 l.
393 5162 625 5216 Haeresis
651 5167 893 5230 temporis
916 5168 1119 5221 Henrici
1146 5172 1304 5235 regis.
1321 5198 1387 5209 —
1414 5170 1817 5224 Fundamentum
1840 5184 1905 5224 ex

320 5252 325 5257 ·
383 5234 687 5297 legereteri
710 5244 765 5286 et
800 5240 1189 5292 naturam—2.
1216 5241 1480 5293 Secundus
1506 5255 1655 5294 error
1688 5244 1904 5295 Novato-

383 5306 945 5359 rum.--3.Concluslo:
978 5309 1077 5363 Hae
1101 5316 1383 5376 potestates
1406 5325 1501 5365 nec
1526 5323 1647 5365 sunt
1674 5326 1905 5367 necessa·

1966 3856 2176 3933 perdes
2210 3862 2551 3931 utrumque.
2575 3858 2711 3916 ltem
2749 3858 2845 3917 illa
2868 3860 3022 3917 Pauli
3062 3865 3118 3919 2.
3145 3860 3217 3919 ad
3239 3862 3476 3921 Timoth.
3503 3870 3560 3923 2:

1968 3953 2155 4007 Nemo
2174 3947 2446 4007 militans
2466 3952 2612 4011 Deo,
2636 3948 2914 4024 implicat
2934 3966 2996 4008 se
3019 3954 3266 4025 negotiis
3293 3953 3567 4013 saecula-

1967 4039 2152 4097 ribus.
2179 4040 2260 4097 Ex
2287 4039 2487 4112 quibus
2509 4038 2704 4097 volunt
2731 4038 3010 4115 colligere,
3037 4042 3156 4098 iure
3181 4042 3362 4101 divino
3383 4045 3566 4119 prohi-

1969 4128 2143 4187 bitum
2175 4145 2296 4187 esse
2335 4128 2713 4187 sacerdotibus
2739 4128 2940 4187 habere
2970 4132 3212 4205 regimen
3241 4135 3560 4207 temporale.

1966 4221 2286 4278 confirmari
2313 4226 2517 4294 potest,
2547 4222 2676 4294 quia
2702 4219 2956 4278 Nicolaus
2986 4236 3126 4295 papa
3151 4225 3206 4280 in
3233 4224 3468 4295 epistola
3497 4226 3566 4283 ad

1968 4312 2282 4371 mensalem
2309 4311 2690 4385 imperatorem
2724 4310 2889 4384 dicit,
2915 4314 2984 4369 in
3009 4310 3134 4385 lege
3160 4318 3420 4373 naturae
3443 4331 3568 4375 eos-

1968 4400 2316 4475 demsuisse
2337 4416 2522 4475 reyes,
2548 4407 2608 4459 et
2631 4398 2994 4465 sacerdotem
3021 4403 3333 4463 CMstum
3356 4411 3566 4465 autem

1966 4492 2115 4551 illas
2124 4496 2447 4569 potestates
2473 4506 2808 4567 separasse.
2837 4493 2994 4549 Ratio
3021 4495 3188 4552 etiam
3217 4493 3436 4571 adiungi
3464 4512 3565 4571 po-

1967 4590 2110 4655 test,
2152 4584 2282 4657 quia
2321 4598 2429 4640 non
2473 4580 2684 4639 videtur
2725 4596 2834 4639 una
2881 4598 3119 4655 persona
3165 4584 3448 4645 sufficiens
3496 4588 3566 4645 ad

1969 4682 2271 4747 utrumque
2293 4673 2530 4746 regimen
2555 4673 2938 4729 convenienter
2966 4676 3378 4749 praestandum,
3406 4693 3563 4751 prae-

1970 4764 2162 4822 sertim
2191 4764 2236 4820 si
2270 4771 2572 4836 utrumque
2599 4763 2671 4819 sit
2698 4761 3004 4834 perfectum
3023 4805 3040 4836 ,
3071 4765 3232 4837 quale
3259 4769 3561 4841 requiritur

1968 4854 2023 4911 in
2052 4869 2139 4927 eo,
2171 4853 2267 4927 qui
2289 4858 2618 4925 potestatem
2643 4850 2807 4909 habet
2832 4850 3037 4910 terendi
3063 4852 3233 4930 leges.

2049 4950 2103 5003 3.
2126 4942 2484 5002 Nihilominus
2503 4942 2706 5000 veritas
2729 4940 2998 5000 catholica
3017 4952 3126 5019 est,
3147 4952 3444 5019 potestates
3467 4948 3566 5007 bas

1968 5051 2071 5093 nec
2112 5034 2424 5092 necessario
2451 5048 2572 5091 esse
2608 5032 2966 5105 coniunctas,
3000 5049 3103 5092 nec
3141 5040 3443 5098 necessario
3480 5056 3566 5100 se-

1969 5132 2219 5199 paratas,
2260 5126 2392 5199 quia
2425 5129 2685 5182 neutrum
2724 5130 2812 5181 est
2845 5122 3026 5181 divino
3052 5125 3170 5183 iure
3209 5137 3565 5202 praeceptum

1972 5223 2071 5274 aut
2112 5214 2464 5288 prohibitum.
2496 5214 2650 5271 Prior
2694 5229 2822 5286 pars
2857 5213 2987 5271 satis
3035 5221 3188 5287 patet
3213 5218 3333 5289 ipso
3379 5235 3486 5279 usu
3513 5230 3569 5280 et

1972 5304 2328 5379 experientia.
2351 5303 2484 5362 Nam
2510 5303 2558 5361 in
2581 5304 2768 5374 primis
2791 5303 2961 5362 multo
2985 5310 3230 5378 tempore
3250 5305 3354 5365 suit
3373 5310 3565 5370 Eccle-
