4325 6267
1670 381 1885 432 CAPUT
1913 383 2093 432 xxn.

218 511 527 586 Significat
549 529 703 588 ergo,
734 511 1003 588 quidquid
1030 511 1254 586 ponitur
1289 525 1387 584 per
1422 507 1645 568 modum
1684 521 1839 582 prae·

218 606 403 675 cepti,
436 604 680 680 obligare
720 606 773 661 in
818 603 1181 674 conscientia3
1212 607 1268 660 et
1293 617 1325 658 e
1351 614 1651 671 converso,
1690 595 1839 671 quod

216 709 347 750 non
378 695 587 770 obligat
620 697 673 752 in
700 694 1060 764 conscientia,
1090 709 1199 750 non
1226 707 1347 749 esse
1378 695 1753 764 praeceptum,
1784 694 1839 745 et

220 794 646 860 consequenter
672 802 782 844 non
806 801 929 841 esse
964 782 1140 858 legem
1158 826 1173 854 ,
1202 783 1331 856 quia
1369 786 1725 854 praeceptum
1753 783 1839 835 est

220 873 299 930 de
332 877 577 934 essentia
604 893 701 934 seu
727 873 796 933 de
832 873 1130 932 substantia
1168 872 1331 946 legis,
1361 878 1427 929 ut
1462 873 1516 928 in
1546 868 1839 942 superiori-

221 964 343 1022 bus
374 967 557 1024 visum
582 973 687 1024 est.
718 968 777 1024 In
806 966 1140 1023 contrarium
1168 971 1352 1022 autem
1378 969 1494 1036 est,
1524 960 1652 1034 quia
1681 960 1724 1016 si
1751 959 1842 1016 illa

222 1070 351 1112 non
380 1064 468 1115 est
494 1056 602 1128 lex,
632 1057 740 1114 erit
768 1063 983 1115 tantum
1011 1053 1329 1124 consilium,
1360 1069 1469 1111 non
1494 1053 1633 1111 enim
1663 1055 1840 1124 potest

223 1144 471 1220 intelligi
514 1148 753 1205 medium
792 1145 1011 1220 aliquod
1046 1147 1186 1202 inter
1218 1144 1354 1202 haec
1398 1143 1539 1216 duo,
1576 1144 1705 1222 quia
1743 1156 1840 1214 per

232 1237 547 1308 quamdam
589 1235 1075 1294 contradictionem
1126 1235 1261 1292 inter
1300 1251 1357 1292 se
1399 1235 1834 1308 distinguuntur:

227 1341 355 1382 non
382 1333 617 1401 possunt
644 1334 827 1386 autem
856 1325 945 1384 illa
971 1331 1178 1384 statuta
1206 1326 1449 1399 reputari
1475 1331 1690 1382 tantum
1711 1338 1844 1380 con-

234 1415 385 1488 silia,
419 1418 550 1490 quia
576 1417 705 1475 alias
724 1434 835 1475 non
856 1417 1028 1491 magis
1048 1416 1440 1491 astringeretur
1470 1413 1753 1488 religiosus
1774 1411 1843 1470 ad

234 1509 650 1567 observantiam
667 1523 895 1566 suarum
916 1507 1434 1581 regularum,quam
1457 1505 1688 1562 aliorum
1711 1519 1843 1561 con-

234 1598 529 1670 siliorum,
558 1614 699 1673 quae
734 1599 787 1656 in
824 1598 1016 1672 regula
1050 1612 1158 1655 non
1186 1599 1571 1670 continentur,
1599 1609 1701 1653 nec
1728 1609 1845 1651 ma-

238 1691 330 1762 gis
356 1696 510 1747 esset
537 1689 736 1764 dignus
764 1704 937 1763 poena
964 1703 1073 1745 non
1110 1701 1333 1746 servans
1370 1685 1645 1761 regulam,
1675 1699 1843 1760 quam

238 1796 357 1837 non
386 1795 667 1854 exequens
703 1778 806 1837 alia
839 1777 1103 1851 consilia,
1130 1778 1281 1852 quod
1314 1783 1398 1836 est
1433 1776 1653 1852 quidem
1688 1775 1843 1851 plane

237 1869 471 1942 falsum3
510 1884 663 1944 ergo.

327 1967 381 2021 5.
416 1963 548 2019 Dico
574 1961 762 2036 igitur,
790 1957 1101 2018 huiusmodi
1137 1964 1342 2017 statuta
1379 1964 1436 2015 et
1469 1957 1619 2032 leges
1645 1971 1846 2029 poena·

241 2050 351 2124 les,
382 2051 519 2109 licet
536 2051 719 2126 quoad
742 2052 1049 2124 proximum
1070 2055 1277 2122 actum,
1302 2048 1370 2106 de
1390 2064 1501 2123 quo
1524 2046 1839 2120 disponunt,

239 2157 359 2199 non
387 2141 501 2199 sint
532 2142 779 2200 absolute
807 2147 1131 2214 praecepta,
1158 2147 1217 2197 et
1251 2143 1650 2212 consequenter
1685 2138 1845 2196 ctiam

240 2247 361 2289 non
404 2233 517 2288 sint
554 2233 810 2305 propriae
852 2232 1018 2304 leges;
1060 2237 1241 2288 tamen
1278 2235 1535 2301 respectu
1576 2230 1839 2296 omnium,

242 2339 393 2398 quae
430 2321 756 2391 includunt,
786 2337 973 2379 veram
1006 2321 1271 2378 rationem
1308 2319 1443 2395 legis
1478 2319 1697 2376 habere.
1733 2319 1849 2377 Pri-

246 2429 401 2470 mam
429 2419 641 2486 partem
668 2411 864 2485 probat
890 2413 1031 2469 ratio
1060 2410 1349 2483 desumpta
1375 2426 1441 2466 ex
1468 2407 1524 2467 d.
1540 2408 1767 2481 Thoma,
1795 2415 1846 2466 et

246 2506 381 2579 quia
402 2503 527 2561 talis
553 2503 639 2561 lex
662 2519 771 2560 non
789 2509 876 2560 est
896 2503 1149 2576 simplex,
1173 2509 1237 2559 ut
1258 2501 1335 2559 sic
1355 2499 1557 2573 dicam,
1581 2499 1675 2557 sed
1696 2501 1851 2574 quasi

247 2593 615 2672 hypothetica
646 2599 703 2650 et
728 2590 1114 2652 conditionata.
1144 2591 1296 2651 Unde
1334 2593 1481 2649 sicut
1514 2591 1567 2648 in
1603 2591 1851 2665 proposi·

250 2687 402 2743 tione
428 2683 779 2742 conditionali
808 2683 1133 2742 antecedens
1160 2700 1269 2742 non
1306 2681 1611 2741 affirmatur
1650 2680 1851 2755 simpli·

250 2775 413 2848 citer,
446 2774 543 2833 sed
572 2774 757 2850 illati03
787 2775 864 2832 ita
888 2789 1065 2848 neque
1094 2774 1183 2832 bic
1213 2774 1555 2846 praecipitur
1595 2771 1851 2845 simplici-

252 2873 336 2922 ter
365 2865 491 2923 talis
520 2871 698 2924 actus.
728 2864 884 2933 Quod
913 2867 1115 2937 optime
1152 2864 1399 2921 declarat
1432 2862 1742 2936 exemplum
1783 2861 1850 2920 de

252 2963 419 3032 voto;
452 2973 581 3014 nam
608 2959 703 3030 qui
729 2960 919 3028 vovet,
950 2956 995 3011 si
1032 2955 1223 3012 luserit
1259 2953 1389 3012 dare
1426 2954 1847 3030 eleemosynam,

254 3063 367 3104 non
396 3047 671 3119 promittit
700 3044 947 3103 absolute
975 3060 1087 3102 non
1112 3044 1331 3118 ludere,
1361 3044 1457 3102 sed
1490 3044 1639 3102 illam
1664 3043 1852 3102 condi·

254 3136 534 3195 tionalem.
566 3137 635 3194 Et
661 3151 727 3193 ex
749 3135 857 3192 boc
877 3136 1125 3206 exemplo
1152 3132 1487 3207 declaratur,
1513 3141 1568 3192 et
1586 3135 1852 3208 probatur

255 3226 415 3284 l'acile
437 3227 607 3284 altera
630 3241 755 3298 pars
778 3225 1263 3298 assertionis,quia
1282 3232 1541 3298 respectu
1555 3224 1700 3281 illius
1720 3238 1853 3280 con·

253 3315 432 3374 iuncti
458 3315 551 3372 illa
578 3321 665 3372 est
690 3330 819 3372 vere
845 3313 1165 3388 promissio.
1193 3329 1336 3387 quae
1366 3314 1493 3372 licet
1516 3329 1628 3371 non
1652 3313 1854 3387 obliget

256 3405 509 3464 absolute
535 3404 605 3462 ad
630 3405 873 3477 priorem
908 3411 1118 3477 partem
1139 3446 1155 3479 ,
1184 3404 1387 3478 obligat
1422 3403 1491 3462 ad
1529 3403 1849 3477 secundam

256 3497 331 3553 ita
356 3511 491 3569 ergo
520 3501 605 3552 est
629 3496 681 3551 in
709 3497 1011 3568 praesenti3
1045 3510 1170 3553 nam
1197 3495 1329 3558 licet
1355 3494 1487 3552 haec
1516 3494 1622 3567 lex,
1646 3492 1713 3551 de
1740 3509 1853 3567 qua

258 3587 495 3660 agimus,
524 3601 635 3642 non
661 3584 865 3660 obliget
892 3584 960 3643 ad
986 3585 1093 3643 hoc
1122 3584 1453 3659 laciendum,
1484 3584 1571 3642 vel
1598 3584 1853 3641 omitten-

258 3675 393 3734 dum
420 3672 693 3747 absolute,
723 3675 924 3748 obligat
950 3681 1129 3732 tamen
1157 3675 1244 3734 vel
1270 3674 1340 3734 ad
1367 3675 1495 3747 boc,
1521 3674 1605 3732 vel
1632 3673 1701 3732 ad
1729 3690 1852 3732 sus-

256 3764 541 3822 tinendam
578 3780 838 3840 poenam,
882 3772 980 3823 aut
1008 3765 1177 3823 alium
1210 3765 1467 3824 effectum
1502 3764 1672 3839 legis,
1716 3764 1762 3822 si
1797 3765 1851 3821 in

260 3855 431 3929 priori
459 3862 615 3928 parte
643 3853 729 3912 lex
758 3871 866 3910 non
895 3861 1169 3912 servetur.

334 3945 539 4004 Ultimo
560 3944 687 4003 hinc
709 3943 1063 4003 concluditur
1077 3944 1336 4002 resolutio
1347 3943 1871 4018 quaestionis.Dico·

260 4036 426 4108 enim,
458 4049 674 4093 omnem
700 4049 887 4093 veram
912 4033 1089 4108 legem
1115 4033 1410 4092 humanam
1439 4035 1747 4092 necessario
1769 4049 1855 4092 re-

262 4125 399 4183 solvi
424 4127 478 4183 in
500 4125 737 4201 aliquam
758 4125 1119 4183 conscientiae
1139 4123 1542 4200 obligationem.
1556 4123 1850 4197 Probatur-3

263 4216 395 4290 quia
413 4231 639 4274 necesse
660 4221 764 4288 est,
791 4221 855 4272 ut
871 4214 957 4273 lex
976 4215 1061 4272 vel
1082 4216 1330 4273 absolute
1346 4214 1626 4290 obligetad
1641 4222 1851 4296 actum,

264 4306 348 4363 vel
379 4305 575 4364 saltem
603 4305 707 4363 sub
732 4304 912 4379 aliqua
947 4320 1139 4379 poena.
1168 4305 1343 4363 Priori
1382 4304 1546 4363 modo
1581 4305 1687 4362 late
1721 4304 1856 4363 obli·

262 4402 359 4472 gat
383 4396 441 4454 in
466 4395 799 4454 conscientia
825 4395 894 4453 ad
921 4395 1087 4453 talem
1114 4401 1323 4469 actum,
1349 4402 1412 4454 ut
1437 4402 1723 4455 ostensum
1741 4403 1847 4454 est.

264 4489 323 4545 Si
350 4493 539 4547 autem
564 4488 772 4545 feratur
796 4485 1084 4560 posteriori
1108 4485 1292 4559 modo,
1316 4488 1392 4545 ita
1417 4491 1482 4544 ut
1506 4488 1577 4543 sit
1604 4485 1689 4544 lex
1718 4501 1853 4560 pure

264 4579 509 4653 poenalis
528 4622 542 4650 ,
573 4577 827 4654 obligabit
852 4577 941 4634 vel
976 4576 1043 4634 ad
1082 4577 1391 4636 solvendam
1429 4593 1661 4649 poenam
1682 4619 1698 4652 ,
1726 4585 1857 4651 sup·

266 4673 447 4743 posita
473 4669 941 4742 transgressione,
970 4667 1017 4724 si
1056 4683 1187 4725 cum
1223 4683 1288 4725 eo
1329 4669 1507 4741 rigore
1546 4668 1723 4741 posita
1760 4669 1853 4741 sit,

266 4759 415 4818 sicut
440 4757 643 4832 obligat
666 4763 856 4815 votum
884 4756 1129 4830 poenale;
1159 4756 1244 4814 vel
1272 4756 1463 4814 saltem
1491 4755 1559 4814 ad
1588 4759 1858 4815 sustinen-

268 4848 395 4906 dam
410 4863 662 4922 poenam,
688 4854 751 4905 ut
770 4855 916 4904 recte
936 4847 1193 4920 explicuit
1212 4846 1269 4905 d.
1282 4848 1586 4907 Antoninus
1610 4852 1663 4906 3.
1691 4865 1746 4921 p.
1770 4848 1853 4906 tit.

277 4943 367 5012 16,
394 4938 572 5012 capite
599 4935 814 5008 ultimo,
844 4937 896 4993 in
923 4937 1049 5010 fine,
1076 4943 1133 4995 et
1158 4937 1379 4996 tandem
1404 4937 1680 4995 consentit
1703 4938 1859 4996 Ioan-

269 5045 367 5088 nes
388 5029 601 5086 Eselius
629 5043 817 5102 supra3
848 5035 905 5086 et
926 5033 1092 5103 patet,
1118 5030 1245 5103 quia
1264 5031 1365 5087 nisi
1384 5035 1635 5087 teneatur
1653 5030 1707 5087 in
1726 5045 1864 5087 con·

270 5119 498 5178 scientia
524 5117 793 5177 sustinere
819 5134 1079 5194 poenam,
1116 5119 1209 5193 qui
1247 5119 1353 5178 tale
1380 5125 1650 5178 statutum
1684 5126 1861 5178 trans·

269 5226 501 5285 gressus
527 5218 633 5282 est,
672 5226 782 5267 non
810 5212 1007 5283 poterit
1042 5211 1294 5284 superior
1322 5209 1519 5269 habere
1546 5212 1635 5268 ius
1670 5209 1739 5268 ad
1761 5228 1863 5284 pu-

268 5300 530 5361 niendum
570 5300 756 5373 illum,
798 5300 881 5359 vel
922 5308 1110 5375 posset
1146 5301 1265 5362 dari
1302 5300 1509 5361 bellum
1548 5302 1758 5363 iustum
1795 5317 1865 5362 ex

428 5409 631 5464 Suam.
651 5409 711 5459 De
724 5411 911 5467 Lentim
925 5431 977 5444 -
988 5411 1097 5460 Pars
1110 5411 1149 5461 1.

3296 365 3414 430 241

1906 513 2143 583 utraque
2185 516 2358 584 parte.
2396 513 2574 586 Atque
2615 509 2720 569 hoc
2761 509 2920 570 modo
2960 509 3116 569 facile
3154 508 3496 584 explicantur

1905 597 2053 671 leges
2074 615 2284 674 omnes,
2306 616 2445 676 quae
2469 601 2727 661 dicuntur
2750 617 2885 674 pure
2907 600 3176 674 poenales.
3193 600 3340 657 Idem
3365 614 3492 656 vcro

1906 687 2198 746 dicendum
2221 697 2306 748 est
2325 706 2457 750 cum
2477 694 2825 766 proportione
2846 690 2914 748 de
2935 690 3142 765 legibus
3166 690 3495 764 irritatoriis,

1903 778 1991 836 vel
2027 796 2169 853 quae
2203 780 2332 840 dant
2367 783 2596 841 sormam
2631 776 3044 840 substantialem
3091 780 3489 854 contractibus,

1905 870 2113 926 etiamsi
2139 880 2486 945 supponatur
2511 889 2623 930 non
2651 872 2892 945 obligare
2929 870 3235 929 immediate
3272 872 3326 928 in
3361 885 3497 928 con-

1906 959 2133 1017 scientia
2160 959 2229 1017 ad
2259 961 2420 1020 talem
2450 963 2704 1033 sormam,
2730 961 2812 1019 vel
2837 959 3081 1030 modum3
3107 958 3256 1035 quod
3277 959 3499 1035 quidem

1904 1051 1961 1107 in
1998 1052 2079 1108 eis
2118 1054 2302 1109 rarius
2341 1060 2398 1111 et
2436 1052 2714 1112 difficilius
2751 1057 2860 1127 est,
2889 1053 3018 1126 quia
3055 1051 3272 1108 efficere
3313 1057 3502 1109 actum

1905 1141 2019 1198 siue
2047 1141 2128 1199 his
2154 1143 2580 1220 conditionibus,
2607 1158 2750 1218 quae
2793 1143 3130 1200 necessariae
3170 1148 3300 1200 sunt
3337 1140 3406 1198 ad
3436 1142 3506 1198 fi-

1906 1247 2031 1288 nem
2057 1239 2115 1290 et
2146 1233 2384 1291 valorem
2409 1236 2562 1308 eius,
2593 1241 2786 1291 contra
2811 1231 3190 1306 prudentiam,
3217 1238 3277 1290 et
3307 1245 3503 1289 conse·

1908 1329 2141 1396 quenter
2181 1316 2374 1382 co'ntra
2413 1323 2751 1381 honestatem
2788 1337 2910 1381 esse
2951 1322 3198 1380 videtur:
3231 1336 3367 1378 casu
3405 1320 3496 1377 illo

1910 1417 2089 1470 tamen
2114 1412 2353 1471 admisso
2375 1412 2462 1489 (de
2482 1429 2594 1488 quo
2615 1413 2768 1488 inira)
2799 1427 3014 1487 semper
3041 1412 3128 1469 lex
3153 1411 3244 1468 illa
3268 1409 3506 1468 resolve-

1909 1508 2002 1562 tur
2042 1505 2095 1560 in
2134 1504 2370 1579 aliquem
2408 1505 2696 1578 effectum,
2728 1504 2796 1562 ad
2835 1519 3000 1578 quem
3039 1502 3240 1575 obliget
3277 1501 3332 1558 in
3371 1515 3504 1558 con-

1912 1593 2158 1652 scientia.
2190 1595 2325 1653 Nam
2352 1594 2446 1668 qui
2473 1595 2602 1653 fecit
2630 1601 2984 1653 contractum
3013 1593 3131 1650 iure
3159 1592 3398 1649 humano
3426 1592 3504 1647 ir-

1910 1687 2103 1760 ritum,
2132 1687 2254 1760 ipso
2281 1685 2450 1756 racto,
2473 1687 2804 1744 conscientia
2830 1691 3068 1756 tenetur,
3101 1682 3187 1742 vel
3214 1697 3330 1740 rem
3358 1679 3507 1753 apud

1910 1791 1971 1834 se
1996 1792 2106 1836 non
2132 1776 2386 1851 retinere,
2418 1776 2499 1835 vel
2529 1777 2691 1835 alium
2720 1774 3128 1849 nonobligare,
3157 1772 3244 1832 vel
3269 1771 3503 1846 denique

1909 1883 2020 1925 non
2047 1868 2127 1925 uti
2153 1865 2248 1926 illo
2277 1874 2571 1926 contractu
2598 1865 2666 1924 ad
2703 1866 2836 1924 alios
2871 1865 3100 1924 aflectus
3120 1907 3136 1940 ,
3163 1880 3303 1940 quos
3340 1862 3507 1920 babe-

1911 1963 2019 2030 ret,
2048 1959 2094 2014 si
2124 1958 2310 2015 irritus
2337 1973 2445 2015 non
2465 1957 2677 2016 suisset.
2700 1958 2848 2016 Idem
2869 1972 3089 2028 censeo,
3116 1954 3406 2014 dicendum
3435 1953 3504 2012 de

1912 2045 2025 2104 aliis
2053 2046 2284 2122 legibus,
2308 2064 2450 2122 quae
2475 2064 2543 2108 ex
2569 2049 2859 2107 intentione
2889 2047 3212 2122 legislatoris
3241 2046 3503 2104 dicuntur

1914 2137 2157 2212 obligare
2197 2140 2252 2196 in
2292 2139 2411 2197 roro
2450 2138 2728 2214 exteriori,
2755 2145 2812 2196 et
2849 2154 2958 2196 non
2996 2140 3052 2196 in
3091 2137 3353 2210 interiori;
3387 2136 3510 2194 illae

1914 2230 2058 2286 enim
2088 2229 2133 2287 si
2160 2230 2467 2289 reserantur
2495 2231 2566 2288 ad
2592 2231 2742 2304 ipsos
2767 2229 3010 2303 iudices,
3041 2229 3158 2287 illos
3187 2229 3429 2304 obligant
3453 2229 3510 2286 in
3601 2271 3604 2276 .

1915 2321 2277 2394 conscientia,
2291 2328 2356 2380 ut
2377 2319 2683 2380 secundum
2710 2321 2846 2379 tales
2869 2321 3019 2396 leges
3045 2323 3096 2377 in
3116 2320 3234 2379 t'oro
3255 2320 3514 2379 exteriori

1914 2410 2178 2485 iudicent,
2209 2418 2265 2469 et
2289 2419 2690 2486 consequenter
2717 2410 2954 2486 obligare
2982 2417 3216 2484 possunt
3236 2409 3504 2484 subditos,

1916 2509 1983 2560 ut
2009 2504 2060 2559 in
2092 2502 2286 2561 eodem
2315 2503 2435 2561 soro
2462 2509 2691 2576 pareant
2717 2503 2905 2561 iisdem
2933 2502 3174 2576 legibus,
3202 2508 3260 2559 et
3286 2518 3396 2559 non
3421 2515 3512 2558 re·

1916 2591 2129 2650 sistant:
2161 2598 2221 2652 et
2246 2593 2350 2650 hoc
2379 2593 2544 2652 modo
2573 2608 2786 2668 semper
2813 2593 2898 2651 lex
2925 2592 3122 2666 obligat
3147 2593 3200 2650 in
3227 2592 3509 2650 conscien-

1919 2683 1997 2739 tia
2023 2724 2040 2756 ,
2090 2683 2135 2740 si
2186 2683 2258 2740 sit
2301 2684 2522 2756 propria
2547 2683 2634 2741 lex
2679 2685 3024 2758 praeceptiva
3051 2699 3150 2740 seu
3186 2682 3505 2741 ordinativa.

1919 2771 2077 2842 Quod
2103 2772 2223 2831 ideo
2251 2772 2414 2848 addo,
2442 2774 2572 2847 quia
2599 2775 2646 2830 si
2673 2774 2748 2831 sit
2782 2779 2998 2831 tantum
3033 2772 3121 2832 lex
3162 2773 3502 2847 permissiva,

1920 2862 2043 2921 talis
2086 2861 2174 2922 lex
2210 2871 2472 2937 respectu
2508 2863 2654 2921 illius
2683 2878 2966 2936 personae,
2999 2860 3069 2922 ad
3095 2878 3262 2937 quam
3293 2870 3509 2936 spectat

1920 2953 2211 3025 permissio
2229 2995 2245 3023 ,
2275 2969 2384 3010 non
2412 2958 2497 3010 ast
2520 2953 2740 3026 proprie
2781 2953 2900 3024 lex,
2927 2959 2993 3011 ut
3029 2955 3086 3010 iu
3123 2953 3504 3026 superioribus

1918 3041 2186 3116 vidimus3
2217 3049 2272 3100 et
2308 3041 2432 3101 ideo
2472 3042 2673 3100 mirum
2715 3058 2827 3101 non
2865 3049 2970 3116 est,
3013 3043 3161 3117 quod
3200 3042 3508 3102 secundum

1919 3147 2042 3190 eam
2080 3133 2348 3190 rationem
2378 3175 2395 3204 ,
2437 3138 2495 3190 et
2531 3139 2790 3206 respectu
2839 3132 3084 3191 eiusdem
3132 3148 3242 3190 non
3282 3133 3509 3192 inducat

1920 3221 2304 3294 obligationem
2341 3222 2396 3278 in
2433 3222 2812 3296 conscientia,
2853 3220 3077 3280 inducet
3123 3229 3308 3280 autem
3358 3224 3506 3281 illam

1921 3318 2178 3384 respectu
2206 3311 2438 3369 aliorum
2459 3355 2474 3378 ,
2510 3311 2712 3386 quibus
2741 3311 3007 3386 imperat,
3038 3320 3101 3371 ut
3128 3314 3288 3370 talem
3315 3321 3505 3372 actum

1920 3419 2031 3460 non
2056 3403 2310 3476 puniant,
2344 3401 2426 3458 vel
2453 3400 2755 3475 impediant
2781 3402 2932 3459 iuxta
2961 3418 3130 3475 supra
3155 3401 3309 3460 dicta
3336 3402 3404 3461 de
3431 3403 3511 3462 er·

1919 3496 2068 3553 rectu
2095 3492 2216 3551 talis
2241 3493 2401 3568 legis.
2417 3493 2488 3550 Et
2506 3492 2648 3550 idem
2669 3507 2803 3551 cum
2829 3495 3182 3566 proportione
3208 3493 3505 3553 dicendum

1918 3591 2003 3644 est
2028 3585 2095 3642 de
2121 3583 2242 3658 lege
2277 3583 2615 3642 concedente
2651 3583 2926 3657 privatum
2963 3582 3343 3660 privilegium,
3372 3585 3505 3660 quia

1918 3680 2177 3748 respectu
2202 3676 2321 3732 eius
2348 3715 2364 3750 ,
2395 3675 2450 3731 in
2487 3674 2648 3732 cuius
2687 3673 2926 3732 savorem
2960 3674 3049 3749 fit,
3077 3690 3189 3732 non
3225 3675 3388 3734 babet
3419 3691 3508 3734 ra-

1920 3765 2123 3824 tionem
2149 3764 2284 3838 legis
2302 3808 2316 3835 ,
2345 3769 2403 3824 et
2428 3763 2552 3822 ideo
2583 3764 2740 3823 illum
2766 3781 2878 3822 non
2904 3765 3109 3840 obligat
3134 3769 3190 3824 in
3217 3767 3506 3825 conscien-

1920 3857 2030 3928 tia,
2064 3852 2160 3912 sed
2201 3853 2406 3929 obligat
2441 3855 2608 3928 alios,
2649 3861 2712 3913 ut
2748 3860 2948 3913 contra
2984 3855 3131 3914 illius
3171 3856 3511 3931 privilegium

1922 3961 2031 4002 non
2060 3951 2248 4019 agant.
2279 3947 2462 4019 Atque
2501 3943 2575 4001 ita
2611 3945 2662 4002 in
2690 3943 3008 4003 universum
3050 3949 3225 4004 omnis
3260 3963 3394 4005 vera
3426 3946 3516 4006 lex

1920 4032 2163 4093 humana
2211 4035 2454 4110 aliquam
2502 4035 2890 4110 obligationem
2936 4037 2996 4093 in
3043 4039 3383 4098 conscientia
3431 4038 3515 4096 in-

1922 4127 2103 4186 ducit.

2000 4221 2056 4277 6.
2086 4217 2168 4275 Ex
2198 4216 2280 4274 his
2306 4230 2441 4291 ergo
2478 4215 2634 4275 facile
2672 4222 2821 4291 patet
2861 4219 3146 4292 responsio
3188 4216 3255 4276 ad
3283 4217 3514 4291 primam

1921 4310 2189 4368 rationem
2215 4306 2498 4365 dubitandi
2527 4307 2697 4380 priori
2725 4308 2849 4367 loco
2877 4309 3126 4381 positam.
3159 4310 3346 4368 Potest
3370 4309 3512 4367 enim

1922 4415 2055 4458 vera
2080 4401 2167 4458 lex
2195 4399 2324 4457 ferri
2363 4400 2476 4455 sine
2517 4398 2813 4457 intentione
2855 4397 3129 4474 obligandi
3169 4398 3420 4458 absolute
3457 4403 3515 4458 in

1924 4491 2265 4550 conscientia
2290 4488 2359 4547 ad
2386 4495 2576 4547 actum
2604 4489 2688 4547 vel
2712 4489 3064 4548 omissionem
3088 4487 3394 4549 immediate
3415 4508 3506 4551 or·
3607 4537 3614 4542 .

1923 4581 2163 4640 dinatam
2205 4595 2303 4654 per
2339 4579 2559 4654 legem,
2603 4579 2853 4654 quamvis
2892 4596 3000 4637 non
3049 4580 3224 4653 possit
3261 4579 3516 4660 serristex

1925 4673 2044 4730 sine
2070 4670 2367 4729 intentione
2394 4669 2470 4727 ita
2495 4668 2788 4744 obligandi,
2812 4675 2877 4728 ut
2901 4669 3089 4728 saltem
3117 4670 3317 4728 resolvi
3343 4673 3519 4746 possit

1927 4763 1979 4819 in
2010 4762 2398 4836 obligationem
2427 4759 2824 4834 conscientiae,
2853 4760 3043 4819 saltem
3079 4761 3261 4834 quoad
3286 4778 3518 4835 poenam

1930 4854 2190 4926 aliquam,
2219 4851 2304 4909 vel
2335 4851 2672 4909 coactionem
2701 4849 3138 4908 substituendam
3155 4894 3171 4924 ,
3200 4851 3285 4910 vel
3313 4853 3520 4929 aliquid

1928 4943 2121 5002 simile.
2148 4945 2328 5018 Atque
2353 4943 2411 4999 in
2436 4941 2543 4998 boc
2572 4955 2738 4999 sensu
2765 4939 3018 5000 dixerunt
3042 4942 3206 5001 multi
3234 4951 3511 5019 auctores,

1929 5033 2105 5110 legem
2131 5048 2246 5091 non
2277 5031 2520 5107 obligare
2545 5033 2601 5088 in
2628 5032 2984 5108 conscientia,
3007 5033 3226 5108 quando
3245 5035 3522 5110 legislator

1931 5111 2277 5182 sufficienter
2319 5121 2594 5196 declarat,
2637 5121 2778 5180 hanc
2804 5137 2926 5182 esse
2956 5123 3306 5182 intentionem
3335 5143 3517 5202 suam,

1930 5223 1996 5273 ut
2024 5220 2231 5272 tractat
2255 5213 2362 5272 late
2388 5214 2580 5272 Castro
2616 5231 2817 5288 supra,
2858 5222 2917 5274 et
2950 5213 3243 5276 admittunt
3277 5218 3511 5296 Sylvest.

1932 5305 2103 5365 verbo
2129 5303 2249 5375 lex,
2278 5319 2337 5380 q.
2358 5308 2414 5380 9,
2444 5319 2582 5364 casu
2615 5307 2812 5380 1,Soto
2840 5321 3010 5381 supra
3037 5307 3182 5365 dicta
3209 5323 3266 5382 q.
3293 5315 3348 5383 6,
3378 5325 3430 5370 a.
3456 5315 3521 5388 4,

3007 5413 3060 5462 at
