4325 6267
1780 364 1994 415 CAPUT
2021 368 2072 416 1.

282 501 412 557 Rex
440 498 723 556 Christus
739 541 753 565 ,
781 502 955 571 reqat
982 502 1035 553 te
1061 497 1200 571 ipsa
1224 496 1418 568 ciryci,
1453 510 1527 552 ne
1537 491 1804 568 sranqat
1822 496 1897 561 te,

286 592 481 661 νίφα,
518 589 681 644 enim
726 592 814 644 est
860 584 977 644 illa
1021 583 1391 658 inflexibilis.
1422 586 1491 642 Et
1526 587 1579 671 in
1611 584 1901 655 posteriori

282 677 403 734 loco
430 683 799 749 exposuerat,
823 673 1343 749 virqamferream
1370 689 1493 730 esse
1516 670 1901 747 ivffleaeibilem

278 758 601 823 iustitiam.
631 764 785 824 Unde
824 764 877 821 in
920 764 1087 837 priori
1115 763 1295 820 addit:
1325 761 1491 819 Alios
1517 765 1704 835 repit.
1747 760 1900 819 alios

280 859 535 914 conterit
547 875 569 925 ;
592 859 745 930 reqit
771 854 1135 931 spirituales,
1164 856 1409 911 conterit
1428 851 1729 911 carnales.
1759 850 1911 907 Talis·

278 960 409 1017 ergo
438 949 564 1001 erat
590 945 744 1017 virga
770 943 922 1002 Pauli
944 960 975 1001 a
995 944 1217 1000 Christo
1238 944 1592 1016 participata3
1622 940 1765 998 unde
1790 948 1899 997 sta·

200 1050 207 1054 ·
278 1036 377 1091 tim
429 1048 559 1107 cap.
606 1039 661 1091 5.
692 1036 847 1109 virga
876 1032 965 1090 illa
993 1042 1057 1092 ut
1086 1034 1259 1091 ferrea
1287 1040 1483 1105 utens,
1512 1034 1614 1089 ait:
1646 1036 1783 1089 Iam
1807 1033 1902 1087 iu-

277 1124 477 1182 dicavi
504 1129 575 1181 ut
590 1140 883 1200 praesens
910 1138 1040 1181 eum
1059 1168 1073 1191 ,
1102 1127 1205 1198 qui
1226 1126 1314 1181 sic
1339 1128 1619 1197 operatus
1640 1126 1741 1188 est,
1772 1124 1899 1176 tra·

278 1212 413 1270 dere
446 1212 793 1271 huiusmodi
830 1214 1097 1271 homines
1119 1257 1133 1281 ‚
1170 1220 1235 1270 ut
1274 1209 1528 1285 expendit
1554 1211 1896 1284 Augustinus

278 1302 367 1358 lib.
414 1306 469 1360 3.
518 1308 731 1360 contra
766 1302 1081 1377 epistolam
1107 1304 1507 1360 Parmenioni
1548 1314 1672 1373 cap.
1726 1306 1785 1359 1:
1829 1297 1897 1356 de

278 1392 433 1465 virga
477 1399 667 1449 autem
698 1392 1015 1449 directionis
1050 1393 1128 1450 ait
1157 1392 1295 1449 idem
1324 1392 1528 1449 Paulus
1570 1391 1801 1465 loquens
1830 1390 1895 1449 de

276 1483 555 1553 episcopis
581 1483 775 1539 Actor.
808 1486 903 1539 20:
939 1485 1100 1557 Quos
1131 1484 1395 1556 Spiritus
1424 1486 1669 1539 sanctus
1694 1484 1897 1555 posuit

276 1584 475 1642 reyes-e
520 1569 861 1629 Ecclesiam
912 1573 1064 1633 Dei:
1102 1579 1159 1628 et
1195 1572 1265 1629 ad
1308 1570 1561 1628 subditos
1602 1571 1782 1628 fideles
1822 1573 1897 1627 ait

276 1661 409 1717 Hel).
454 1663 541 1717 13:
584 1660 825 1718 obedite
842 1662 1212 1737 praepositis
1238 1664 1473 1727 vestris,
1508 1665 1564 1716 et
1601 1660 1897 1718 subiacete

274 1748 417 1805 illis.
454 1752 698 1823 Denique
734 1754 781 1807 l.
809 1750 873 1806 ad
900 1750 1247 1807 Timotheum
1280 1756 1331 1808 5.
1368 1752 1449 1807 sic
1474 1752 1567 1806 ait:
1596 1748 1895 1810 Adversus

265 1837 687 1913 presbyterum
716 1842 1161 1897 accusationem
1186 1839 1313 1897 noli
1331 1840 1617 1913 recipere,
1646 1842 1767 1895 nisi
1786 1838 1892 1895 sub

276 1927 504 1985 duobus
532 1934 650 1986 aut·
672 1928 859 1986 tribus
881 1930 1147 1987 testibus.
1172 1931 1230 1986 In
1260 1930 1461 2003 quibus
1482 1928 1661 1987 verbis
1689 1944 1892 2001 suppo-

274 2018 349 2073 nit
374 2032 501 2073 esse
530 2020 589 2073 in
624 2018 872 2076 Ecclesia
912 2018 1179 2075 iudicium
1208 2016 1525 2091 proprium,
1552 2025 1607 2073 et
1628 2015 1887 2083 tribunal,

273 2122 336 2161 ex
364 2122 479 2179 quo
503 2108 669 2185 etiam
692 2114 935 2181 potestas
966 2108 1265 2182 legislativa
1292 2108 1476 2181 colligi
1503 2107 1659 2164 facile
1688 2112 1887 2179 potest.

274 2194 445 2251 Verba
473 2198 641 2253 etiam
670 2195 784 2267 illa,
810 2204 1083 2269 quatenus
1106 2197 1451 2255 constituunt
1472 2196 1635 2254 talem
1660 2197 1889 2253 sormam

276 2284 601 2341 servandam
630 2285 683 2340 in
709 2285 911 2343 iudicio
953 2286 1259 2362 presbyteri
1283 2329 1297 2355 ,
1328 2286 1503 2359 legem
1542 2302 1574 2341 a
1615 2285 1785 2345 Paulo
1813 2286 1889 2341 la-

276 2380 379 2430 tam
419 2377 733 2431 continent.
768 2377 903 2434 Item
931 2376 1081 2451 quod
1120 2376 1173 2432 in
1201 2375 1388 2433 eadem
1419 2373 1631 2447 epistol.
1664 2390 1789 2447 cap.
1832 2380 1885 2432 3.

273 2465 429 2521 dicit:
481 2466 753 2539 Oportet.
798 2470 1134 2541 episcopum
1174 2480 1296 2524 csse
1334 2469 1515 2523 unius
1549 2468 1764 2521 umoris
1802 2468 1888 2521 vi·

273 2570 435 2620 rum,
474 2554 653 2627 legem
699 2555 1055 2627 apostolicam
1100 2556 1349 2612 continet
1384 2554 1452 2612 de
1489 2554 1887 2628 irregularitate

275 2643 537 2715 bigamiae
556 2688 569 2713 ,
598 2650 661 2700 ut
686 2651 771 2701 est
793 2651 1055 2701 constans
1078 2644 1227 2716 apud
1253 2658 1461 2701 omnes.

346 2734 531 2791 Tertio
579 2740 799 2791 constat
828 2734 963 2793 baec
991 2736 1194 2793 veritas
1230 2750 1297 2791 ex
1332 2732 1617 2791 Ecclesiae
1645 2731 1886 2789 traditio·

276 2839 363 2895 ne,
390 2831 445 2880 et
484 2823 913 2897 consuetudine,
944 2840 1109 2897 quam
1136 2839 1200 2881 ex
1231 2824 1500 2898 conciliis,
1527 2830 1587 2881 et
1612 2824 1883 2880 Pontifici-

278 2914 377 2970 bus
406 2916 595 2971 statim
634 2914 941 2971 ostendam.
984 2914 1060 2972 Ex
1089 2916 1335 2986 patribus
1361 2914 1531 2971 videri
1560 2920 1740 2986 potest
1767 2916 1887 2971 Cle-

276 3020 421 3061 mens
450 3018 717 3061 romanus
746 3008 912 3076 epist.
950 3008 999 3063 i.
1036 3002 1105 3060 ad
1132 3004 1393 3062 Iacobum
1415 3006 1645 3062 fratrem
1671 3005 1884 3061 Domini

276 3097 338 3152 ad
366 3097 565 3165 finem,
594 3096 651 3151 b.
679 3098 925 3168 ignatius
946 3094 1162 3165 epistol.
1191 3097 1248 3151 6.
1276 3094 1343 3150 ad
1372 3093 1700 3167 Magnesian.
1733 3094 1884 3151 circa

276 3186 481 3245 initium
506 3228 523 3257 ,
550 3195 608 3243 et
631 3187 682 3242 in
712 3184 928 3258 epistol.
960 3184 1029 3241 ad
1049 3184 1304 3242 Trallian.
1330 3185 1693 3260 Hieronymus
1714 3184 1875 3257 epist.

274 3276 339 3331 ad
368 3276 667 3333 Rusticum
698 3273 1059 3345 monachum,
1091 3275 1351 3346 Origenes
1390 3272 1537 3330 hom.
1572 3276 1666 3330 20.
1698 3274 1750 3329 in
1779 3275 1885 3330 Lu-

274 3380 411 3435 cam,
436 3364 912 3442 Cyprianuslibro
944 3366 1006 3433 Ἰ,
1036 3364 1199 3435 epist.
1234 3368 1267 3419 3
1287 3405 1301 3433 ,
1332 3367 1388 3419 et
1414 3361 1505 3419 lib.
1535 3366 1567 3419 3
1588 3406 1601 3431 ,
1629 3362 1788 3433 epist.
1830 3365 1879 3435 1,

274 3453 399 3510 alias
420 3454 583 3526 epist.
614 3458 705 3525 55,
730 3460 789 3509 et
811 3457 903 3523 58,
930 3450 1199 3523 Epiphan.
1228 3450 1439 3507 haeres.
1460 3453 1559 3521 21,
1578 3450 1685 3508 Leo
1709 3464 1873 3509 serm.

274 3549 329 3601 2.
352 3544 425 3601 de
445 3545 634 3601 ieiun.
660 3542 941 3617 chrysost.
970 3541 1118 3598 hom.
1153 3544 1245 3598 83.
1271 3541 1325 3596 in
1352 3539 1537 3597 Matth.
1563 3547 1619 3597 et
1638 3540 1796 3612 epist.
1830 3545 1879 3595 i.

276 3633 340 3689 ad
378 3634 666 3689 Innocent.
698 3638 757 3687 et
784 3631 933 3687 hom.
968 3632 1059 3688 70.
1101 3629 1169 3685 ad
1208 3628 1472 3701 populum
1495 3671 1511 3699 ,
1540 3630 1881 3700 Augustinus

274 3737 437 3777 serm.
472 3725 540 3780 ⁴2
562 3762 579 3791 ,
608 3726 665 3776 et
694 3723 787 3789 46,
818 3717 890 3775 de
916 3717 1107 3775 verbis
1150 3720 1415 3778 Domini.
1448 3724 1505 3774 et
1530 3717 1748 3789 epistol.
1786 3722 1878 3777 76.

3381 348 3504 440 299

1974 497 2068 547 tur
2107 491 2243 565 haec
2287 489 2477 549 ultima
2517 493 2942 566 consequentia,
2981 492 3108 567 quia
3137 490 3462 565 impossibile
3487 498 3576 551 est

1972 581 2266 654 intelligere
2289 583 2652 655 principatum
2677 591 2734 640 et
2755 584 3434 658 potestatem—gubernandi
3457 586 3574 643 sine

1967 675 2238 742 potestate
2266 670 2662 743 praecipiendi,
2688 674 2812 746 quia
2843 674 3014 730 sutilis
3046 680 3195 731 esset
3221 674 3574 748 gubernatio,

1971 759 2075 814 nisi
2105 765 2256 816 esset
2281 762 2585 817 necessitas
2614 760 2918 819 obediendi.
2944 763 3079 830 Quia
3101 779 3234 820 vero
3263 764 3347 820 lex
3377 764 3578 838 aliquid

1969 847 2119 905 addit
2148 865 2317 921 supra
2337 856 2692 923 praeceptum
2709 891 2724 922 ,
2757 859 2818 907 ut
2839 851 2904 909 de
2927 855 3148 923 propria
3168 854 3286 927 lege
3307 854 3360 911 id
3383 861 3568 912 osten-

1970 936 2168 995 damus
2192 982 2207 1009 ,
2236 939 2538 996 secundam
2567 942 2924 997 assertionem
2954 941 3239 998 addemus.

2043 1032 2099 1086 4.
2131 1031 2267 1086 Dico
2296 1046 2428 1103 ergo
2457 1030 2734 1087 secundo:
2759 1033 3002 1089 Potestas
3026 1031 3162 1089 baec
3191 1046 3318 1089 vere
3349 1050 3413 1091 ac
3443 1050 3571 1106 pro-

1966 1118 2087 1189 prie
2116 1118 2422 1193 legislativa
2444 1126 2550 1176 est.
2575 1122 2722 1177 Haec
2753 1121 2984 1178 assertio
3013 1128 3099 1178 est
3124 1136 3296 1196 aeque
3325 1130 3476 1181 certa
3504 1141 3572 1183 ac

1968 1208 2338 1283 praecedens,
2382 1226 2509 1267 nam
2549 1225 2616 1267 ex
2656 1211 2862 1268 eisdem
2906 1213 3185 1284 principiis
3226 1221 3476 1285 constat,
3519 1222 3576 1273 et

1967 1298 2223 1369 sequitur
2247 1312 2314 1355 ex
2345 1298 2434 1355 illa
2463 1300 2780 1369 manifeste,
2813 1300 2942 1373 quia
2983 1308 3228 1371 potestas
3269 1302 3574 1375 legislativa

1964 1386 2091 1442 nihil
2122 1388 2270 1445 aliud
2297 1389 2559 1463 requirit,
2591 1404 2757 1462 quam
2795 1393 3126 1462 potestatem
3163 1390 3486 1450 directivam
3514 1400 3574 1451 et

1965 1478 2273 1533 coactivam
2315 1478 2676 1550 ordinariam,
2720 1491 2786 1535 ac
2827 1478 2894 1535 de
2935 1494 2993 1535 se
3035 1486 3357 1552 perpetuam
3401 1498 3572 1555 supra
3669 1516 3672 1524 ·

1964 1568 2416 1624 communitatem
2429 1568 2670 1641 aliquam
2686 1569 3006 1639 perfectam:
3027 1569 3164 1627 haec
3181 1577 3364 1629 autem
3389 1574 3573 1630 omnia

1965 1656 2017 1712 in
2046 1654 2192 1712 dicta
2213 1662 2483 1728 potestate
2505 1658 2883 1727 inveniuntur,
2909 1666 2975 1717 ut
2995 1660 3150 1717 facile
3174 1662 3454 1719 constabit
3477 1679 3572 1736 ap-

1962 1742 2252 1819 plicando,
2277 1758 2418 1819 quae
2440 1744 2793 1805 adduximus.
2819 1751 2952 1806 ltem
2973 1752 3304 1823 gubernatio
3325 1753 3574 1823 perfecta

1962 1833 2083 1889 talis
2124 1837 2536 1893 communitatis
2577 1837 2740 1896 debet
2779 1838 2891 1896 lieri
2931 1856 3030 1911 per
3069 1840 3248 1914 leges,
3293 1848 3357 1899 ut
3403 1860 3574 1917 supra

1962 1929 2247 1981 ostensum
2275 1932 2393 1999 est,
2420 1928 2518 1983 sed
2539 1926 2673 1984 baec
2694 1936 2782 1985 est
2801 1935 3044 2001 potestas
3067 1931 3422 2003 gubernativa
3444 1948 3568 2005 per-

1960 2011 2132 2086 fecta,
2177 2029 2330 2087 ergo.
2377 2016 2512 2072 Item
2554 2024 2832 2091 potestas,
2877 2034 3017 2091 quae
3045 2025 3226 2091 potest
3253 2021 3380 2078 talia
3407 2037 3566 2094 prae·

1960 2109 2119 2174 cepta
2149 2117 2350 2174 ponere
2366 2148 2379 2175 ,
2405 2111 2467 2161 ut
2487 2106 2706 2171 durent,
2731 2108 2940 2163 etiamsi
2969 2123 3203 2180 persona
3224 2114 3564 2184 praecipiens

1958 2193 2257 2263 moriatur,
2283 2202 2368 2251 est
2393 2193 2712 2267 legislativa‚
2745 2203 2808 2254 ut
2837 2205 3058 2254 constat
3077 2212 3142 2255 ex
3166 2198 3329 2256 dictis
3353 2201 3404 2257 in
3427 2201 3562 2258 libro

1958 2282 2009 2351 13
2044 2282 2140 2339 sed
2171 2283 2290 2340 talis
2312 2291 2398 2340 est
2424 2290 2668 2355 potestas
2695 2286 3055 2357 gubernativa
3076 2288 3377 2360 Ecclesiae3
3404 2304 3561 2363 ergo.

1957 2371 2129 2427 Minor
2158 2372 2456 2443 probatur,
2489 2378 2608 2430 tum
2637 2376 2767 2447 quia
2793 2382 2881 2430 est
2907 2375 3174 2447 nobilior,
3205 2392 3370 2450 quam
3409 2384 3564 2449 pote-

1956 2466 2069 2516 stas
2097 2461 2270 2517 civilis
2289 2503 2304 2528 ,
2333 2468 2391 2519 et
2415 2462 2590 2520 civilis
2617 2462 2723 2520 hoc
2752 2463 2945 2536 habet,
2982 2472 3044 2521 ut
3069 2464 3278 2523 dictum
3305 2473 3410 2539 est,
3445 2474 3562 2525 tum

1954 2551 2115 2607 etiam
2158 2551 2288 2624 quia
2329 2551 2416 2607 illa
2459 2557 2702 2623 potestas
2733 2552 2856 2609 talis
2882 2560 3002 2625 est,
3035 2560 3099 2611 ut
3127 2570 3235 2611 non
3269 2558 3562 2632 moriatur,

1955 2642 2167 2697 etiamsi
2210 2642 2480 2698 moriatur
2519 2656 2802 2723 persona„
2827 2658 2970 2716 quae
3002 2643 3150 2701 illam
3179 2644 3372 2719 babet,
3405 2662 3564 2719 prae·

1954 2737 2178 2802 ceptum
2208 2738 2392 2788 autem
2424 2733 2470 2787 si
2501 2732 2712 2789 seratur
2737 2732 2888 2789 iuxta
2910 2734 3218 2791 efficaciam
3247 2738 3560 2810 potestatis,

1954 2820 2205 2878 imitatur
2232 2820 2377 2877 illam
2407 2821 2455 2876 in
2485 2819 2808 2894 duratione,
2841 2828 2961 2881 tum
2991 2823 3226 2897 denique
3253 2827 3382 2899 quia
3409 2826 3563 2884 Chri-

1956 2915 2112 2982 stus,
2144 2909 2308 2966 cuius
2337 2910 2514 2967 vicem
2541 2917 2772 2985 gerunt,
2804 2914 2900 2986 qui
2931 2913 3071 2969 hanc
3109 2921 3436 2987 potestatem
3465 2916 3562 2974 ad-

1955 2999 2299 3071 ministrant,
2331 3014 2548 3071 semper
2575 3002 2739 3072 vivit3
2772 3007 2823 3057 et
2862 3002 2990 3059 ideo‘
3017 3009 3258 3074 potestas
3287 3020 3400 3061 non
3429 3005 3562 3064 defi-

1954 3088 2051 3159 cit,
2084 3087 2213 3145 licet
2241 3088 2493 3145 vicarius
2523 3090 2718 3147 Christi
2747 3092 3048 3161 moriatur,
3080 3082 3138 3148 et
3163 3091 3319 3149 simili
3349 3096 3558 3152 ratione

1955 3176 2103 3248 leges
2142 3178 2264 3233 eius
2311 3192 2530 3249 semper
2575 3186 2925 3252 permanent,
2976 3179 3154 3237 donec
3200 3190 3552 3241 revocentur.

1952 3266 2192 3323 Tandem
2221 3266 2358 3324 haec
2386 3269 2613 3324 assertio
2640 3266 2920 3325 evidenter
2942 3270 3300 3327 confirmatur
3325 3280 3392 3328 ex
3423 3288 3553 3344 usu,

1954 3357 2104 3413 sicut
2122 3355 2484 3428 praecedens.
2507 3360 2642 3414 Nam
2665 3358 2896 3428 apostoli
2919 3373 3017 3431 per
3036 3366 3363 3430 potestatem
3384 3360 3555 3437 illam,
3655 3426 3660 3429 .

1954 3461 2122 3520 quam
2162 3445 2436 3504 habebant
2475 3444 2542 3503 ad
2576 3446 2994 3520 gubernandam
3034 3449 3375 3525 Ecclesiam,
3407 3452 3557 3526 leges·

1952 3538 2200 3595 tulerunt
2237 3540 2434 3594 Actor.
2483 3541 2579 3609 15,
2625 3545 2689 3595 ut
2729 3538 2861 3595 satis
2900 3538 3240 3597 declaratum
3267 3546 3372 3597 est.
3404 3542 3554 3609 Quae

1950 3643 2017 3685 ex
2060 3633 2214 3699 parte
2253 3628 2604 3685 confirmatae
2643 3634 2808 3703 sunt,
2849 3635 2906 3685 et
2947 3630 3198 3687 censuris
3236 3632 3478 3690 munitae
3506 3634 3559 3691 in

1952 3732 2149 3773 canon.
2181 3719 2272 3773 62.
2300 3722 2476 3787 apost.
2510 3724 2570 3773 ut
2591 3715 2728 3773 bene
2749 3717 3004 3789 expendit
3022 3719 3094 3775 ibi
3113 3720 3346 3778 Turrec.
3374 3721 3468 3777 lib.
3501 3726 3550 3780 1.

274 3811 339 3866 ad
357 3806 1041 3877 Casulanum,Bernardus
1064 3806 1103 3861 l.
1130 3804 1201 3862 de
1218 3810 1553 3880 praecepto,
1578 3810 1635 3862 et
1652 3804 1883 3881 dispen-
1942 3822 2057 3881 pro
2105 3821 2321 3864 canon:
2357 3804 2607 3879 apostol.
2642 3809 2822 3878 capite
2855 3813 2884 3864 5
2903 3848 2918 3879 ,
2949 3814 3008 3864 et
3032 3808 3165 3865 libro
3195 3814 3248 3867 6.
3283 3810 3334 3865 in
3364 3812 3555 3868 Const.

275 3904 389 3955 sat.
422 3898 587 3955 Ratio
622 3896 855 3969 denique
891 3896 1178 3951 manifesta
1214 3900 1325 3964 est,
1356 3896 1487 3967 quia
1521 3894 1771 3951 Ecclesia
1796 3899 1885 3952 est

277 4005 379 4045 una
410 3994 672 4061 tanquam
704 4000 871 4043 unum
901 3983 1335 4057 corpus-Christi
1366 3984 1688 4060 mysticum,
1723 3991 1785 4041 ut
1812 3998 1877 4039 ex

273 4077 567 4150 scripturis
587 4082 643 4133 et
662 4092 727 4133 ex
759 4074 1007 4151 symbolo
1026 4089 1298 4145 suppono;
1317 4088 1447 4145 ergo
1468 4088 1597 4130 cum
1621 4090 1651 4130 a
1672 4070 1783 4131 Deo
1806 4075 1881 4131 sit

274 4169 595 4235 constituta,
620 4165 859 4237 perfecte
878 4170 937 4221 et
963 4162 1208 4219 ordinate
1234 4163 1481 4221 instituta
1503 4170 1621 4235 est,
1648 4164 1799 4220 iuxta
1820 4163 1882 4219 il-

276 4255 365 4311 lud
389 4255 457 4311 ad
480 4257 640 4313 Rom.
676 4259 772 4313 13:
808 4256 979 4328 Quae
1004 4266 1049 4309 a
1067 4253 1191 4309 Deo
1212 4256 1375 4318 sunt,
1408 4249 1694 4309 ordinata
1718 4256 1874 4308 sunt.

276 4346 385 4401 Non
406 4351 560 4401 esset
588 4348 771 4400 autem
794 4348 945 4399 recte
966 4342 1236 4414 instituta,
1266 4343 1367 4397 nisi
1398 4340 1623 4398 haberet
1644 4347 1882 4411 potesta·

276 4443 377 4490 tem
402 4430 898 4505 proportionatam,
922 4446 1033 4504 qua
1052 4436 1361 4504 regeretur,
1376 4436 1433 4487 et
1452 4431 1877 4505 gubernaretur,

274 4530 335 4579 ut
357 4540 388 4580 a
416 4522 629 4580 fortiori
660 4526 876 4579 constat
902 4534 968 4577 ex
996 4518 1155 4575 dictis
1184 4534 1352 4592 supra
1382 4520 1433 4575 in
1464 4519 1619 4576 simili
1650 4519 1715 4576 de
1744 4520 1881 4593 poli-

275 4614 378 4669 tica
404 4612 831 4680 communitate,
862 4614 1013 4667 esset
1036 4608 1179 4665 enim
1208 4622 1413 4681 corpus
1441 4609 1555 4665 sine
1586 4608 1794 4683 capite,
1826 4617 1881 4666 et

277 4701 567 4759 multitudo
591 4701 707 4756 sine
730 4698 913 4755 ordine
930 4737 947 4770 ,
969 4712 1111 4770 quae
1132 4712 1240 4753 non
1268 4703 1447 4769 potest
1472 4714 1581 4753 non
1602 4712 1724 4755 esse
1747 4714 1875 4755 con-

262 4774 499 4848 'fusa.Et
536 4792 611 4847 ita
646 4788 715 4846 ad
747 4790 851 4845 boc
882 4787 1225 4862 propositum
1255 4786 1389 4843 dixit
1416 4787 1525 4843 Leo
1550 4802 1686 4859 papa
1712 4788 1872 4860 epist.

279 4887 343 4940 85
360 4925 373 4951 ,
404 4881 541 4938 alias
571 4883 663 4938 8⁷:
700 4882 771 4935 In
798 4876 971 4933 domo
999 4879 1113 4933 Dei
1140 4874 1289 4933 nihil
1314 4874 1727 4934 inordinatum
1754 4892 1877 4933 esse

274 4970 465 5037 debet,
492 4968 843 5041 referturque
862 4969 917 5023 in
939 4982 1060 5039 cap.
1094 4967 1424 5033 Miramur,
1459 4965 1586 5022 dist.
1622 4969 1713 5035 613
1746 4980 1877 5039 ergo

274 5067 355 5116 est
378 5063 433 5116 iu
462 5058 715 5116 Ecclesia
743 5056 1039 5131 spiritualis
1066 5058 1429 5129 principatus,
1462 5056 1529 5112 ad
1559 5071 1723 5129 quem
1752 5070 1879 5129 per-

275 5150 439 5206 tineat
464 5149 747 5206 Ecclesiae
773 5147 1103 5220 gubernatio
1124 5147 1179 5202 in
1200 5146 1597 5219 spiritualibus.
1622 5146 1769 5219 Ergo
1792 5152 1877 5203 est

276 5239 433 5296 etiam
458 5240 518 5296 in
542 5253 607 5297 eo
637 5238 945 5311 principatu
973 5242 1215 5310 potestas
1256 5235 1643 5309 praecipiendi.
1674 5234 1877 5295 Proba-

1949 3900 2141 3969 Apost.
2183 3895 2355 3952 Clem.
2396 3910 2518 3967 cap.
2563 3900 2658 3967 13,
2703 3896 2797 3953 ubi
2836 3898 3162 3955 auctoritate
3201 3906 3424 3971 patrum
3453 3901 3558 3957 hoc

1951 3986 2272 4056 confirmat,
2317 3986 2520 4058 quibus
2562 3984 2781 4042 additur
2824 3985 3025 4043 concil.
3070 3988 3446 4045 aurelianense
3486 3992 3555 4059 Π,

1951 4092 2005 4133 c.
2051 4080 2155 4145 2ο,
2199 4075 2581 4149 Chrysostom.
2627 4074 2812 4132 homil.
2862 4080 2954 4133 32.
2995 4077 3048 4133 in
3075 4078 3243 4147 Acta,
3276 4078 3387 4135 Leo
3417 4093 3560 4151 papa

1948 4164 2163 4238 epistol.
2200 4164 2292 4237 79,
2323 4178 2379 4221 c.
2417 4170 2470 4235 5,
2501 4165 2792 4238 Angustia.
2825 4164 3043 4238 epistol.
3077 4170 3162 4225 15.
3187 4166 3350 4223 Aliud
3372 4183 3554 4225 exem-

1950 4253 2101 4326 plum
2123 4258 2212 4308 est
2229 4252 2296 4309 de
2319 4259 2646 4326 praecepto,
2673 4253 2824 4327 quod
2846 4254 3096 4329 bigamus
3117 4255 3550 4327 non'ordinetur,

1950 4342 2101 4416 quod
2129 4342 2303 4400 latum
2331 4341 2577 4400 creditur
2603 4358 2633 4399 a
2660 4343 2830 4399 Paulo
2866 4350 2916 4407 1.
2949 4343 3018 4401 ad
3045 4344 3277 4401 Timoth.
3313 4350 3369 4417 3,
3398 4355 3456 4403 et
3484 4348 3552 4404 ad

1948 4434 2129 4489 Titum
2165 4433 2216 4503 1,
2248 4436 2305 4486 et
2331 4428 2500 4489 tradit
2525 4433 2716 4488 innoc.
2747 4434 2791 4504 1,
2823 4433 2984 4505 epist.
3018 4438 3082 4505 4,
3113 4448 3235 4506 cap.
3268 4439 3324 4492 2.
3354 4436 3427 4492 Ut
3455 4452 3554 4493 au-

1952 4530 2059 4581 tem
2083 4522 2135 4577 in
2162 4522 2391 4577 materia
2412 4519 2480 4578 de
2500 4520 2904 4594 irregularitate
2927 4522 3089 4579 latius
3111 4522 3367 4597 diximus,
3393 4542 3553 4597 prae-

1950 4616 2174 4683 ceptum
2201 4608 2338 4666 illud
2367 4608 2609 4666 divinum
2638 4626 2750 4666 non
2775 4614 2892 4683 est,
2925 4611 3020 4668 sed
3047 4612 3373 4685 humanum,
3404 4613 3552 4671 unde

1948 4706 2005 4756 et
2029 4699 2494 4772 dispensationem
2519 4698 2774 4757 admittit.
2797 4702 3037 4773 Denique
3052 4702 3256 4758 Paulus
3285 4708 3334 4761 1.
3361 4702 3430 4760 ad
3449 4705 3552 4761 Co-

1947 4789 2114 4848 rinth.
2152 4792 2208 4849 7.
2251 4788 2571 4863 distinguit,
2604 4790 2873 4863 quaedam
2916 4804 3038 4845 esse
3065 4798 3358 4863 praecepta
3386 4809 3419 4849 a
3445 4796 3554 4851 Do·-

1946 4882 2133 4951 mino,
2179 4878 2448 4953 quaedam
2489 4894 2622 4935 vero
2665 4878 2733 4935 ab
2771 4880 2888 4951 ipso
2925 4880 3115 4936 Paulo.
3147 4882 3325 4957 Atque
3354 4881 3550 4938 similia

1944 4967 2194 5039 exempla
2216 4969 2390 5025 multa
2418 4967 2684 5025 habemus
2706 4983 2774 5025 ex
2813 4968 3116 5025 canonibus
3145 4970 3544 5041 apostolorum,

1946 5064 2003 5114 et
2048 5056 2302 5114 omnibus
2352 5057 2620 5129 decretis,
2665 5072 2806 5131 quae
2853 5061 2908 5115 in
2947 5058 3064 5115 iure
3102 5060 3367 5116 canonico
3401 5066 3460 5117 et
3495 5061 3550 5119 in

1946 5146 2197 5203 omnibus
2237 5146 2488 5204 conciliis
2523 5147 2824 5221 habentur,
2857 5164 2999 5223 quae
3039 5164 3189 5205 nunc
3219 5149 3424 5207 referre
3452 5165 3548 5209 su·

1947 5250 2356 5311 pervacaneum
2383 5243 2490 5297 est.
