4325 6267
1698 315 1917 390 'mur
1943 337 2145 390 xvm.

282 466 666 544 promulgatio
702 466 836 543 legis
862 466 1065 529 certior
1094 466 1217 539 fiat,
1249 466 1347 527 sed
1376 472 1441 526 ut
1468 465 1554 524 lex
1583 465 1701 540 ipsa
1725 462 1905 523 valida

288 575 415 618 esse
464 559 723 632 incipiat,
762 556 947 633 quoad
992 555 1326 616 inferendam
1378 554 1654 614 actualem
1699 553 1907 627 obliga-

286 649 521 706 tionem.
1630 701 1633 704 ,

364 743 424 797 5.
460 738 721 796 Secundo
764 734 1138 808 principaliter
1174 732 1471 793 dicendum
1498 740 1615 803 est,
1645 734 1793 807 leges
1820 747 1906 788 re-

281 843 425 902 gum
442 868 459 899 ,
492 828 590 900 qui
620 842 725 892 non
753 830 1169 898 recognoscunt
1197 825 1537 896 superiorem
1560 824 1613 882 in
1635 827 1908 896 tempora-

286 917 471 990 libus,
518 932 621 974 nec
664 915 875 988 legibus
914 917 1311 987 imperatorum
1350 913 1758 984 subiiciuntur,
1792 927 1905 971 non

284 1022 415 1064 esse
444 1004 779 1078 regulandas
808 1019 903 1077 per
932 1002 1147 1060 dictum
1176 1003 1261 1060 ius
1298 1002 1459 1060 civile
1484 1016 1807 1074 commune,
1838 1015 1904 1058 ac

286 1094 524 1154 subinde
554 1095 737 1156 statim
760 1094 1001 1166 incipere
1028 1092 1270 1167 obligare
1290 1137 1306 1166 ,
1330 1093 1433 1150 nisi
1462 1091 1545 1149 vel
1568 1092 1621 1148 in
1648 1092 1765 1164 ipsa
1788 1091 1905 1166 lege

288 1183 438 1242 aliud
482 1183 829 1254 declaretur,
874 1183 960 1240 vel
1001 1198 1098 1255 per
1137 1183 1286 1257 leges
1327 1183 1535 1256 proprii
1577 1182 1729 1255 regni
1768 1182 1906 1239 alius

285 1275 492 1331 modus
528 1273 923 1330 determinatus
962 1272 1063 1344 sit,
1094 1279 1193 1330 aut
1230 1271 1361 1329 illud
1395 1274 1485 1329 ius
1515 1286 1809 1330 commune
1836 1271 1908 1330 sit

290 1362 693 1420 consuetudine
724 1363 917 1421 saltem
947 1367 1317 1436 acceptatum.
1344 1363 1482 1420 Tota
1507 1361 1644 1418 haec
1673 1361 1903 1418 assertio

286 1462 371 1510 est
414 1460 789 1512 consentanea
813 1452 1097 1510 communi
1124 1451 1405 1510 doctrinae
1426 1493 1441 1524 ,
1472 1457 1529 1508 et
1570 1450 1702 1507 satis
1732 1450 1901 1506 clara.

291 1544 476 1600 Prima
513 1558 648 1618 ergo
688 1558 815 1616 pars
854 1549 1031 1615 patet,
1073 1543 1205 1615 quia
1243 1540 1328 1597 ius
1370 1541 1764 1612 imperatorum
1793 1554 1905 1595 non

290 1633 504 1705 obligat
524 1633 578 1688 in
602 1631 910 1690 huiusmodi
934 1634 1115 1706 regnis
1131 1632 1429 1704 supremis,
1446 1637 1509 1688 ut
1528 1643 1700 1706 supra
1719 1636 1903 1685 osten-

294 1737 419 1778 sum
448 1727 573 1794 est3
605 1735 736 1793 ergo
764 1736 865 1778 nec
894 1719 987 1777 illa
1012 1719 1346 1778 Authentica
1366 1719 1655 1792 obligabit,
1681 1731 1781 1774 nec
1809 1716 1906 1774 ba-

292 1810 443 1866 bebit
471 1811 581 1868 vim
608 1810 759 1884 legis.
792 1812 862 1866 At
888 1824 1019 1866 vero
1036 1849 1051 1880 ,
1080 1808 1171 1866 illa
1198 1808 1438 1879 seclusa,
1464 1813 1523 1865 et
1548 1803 1765 1864 aliunde
1794 1821 1901 1862 nou

295 1897 479 1957 addita
501 1899 839 1968 limitatione,
858 1899 948 1956 lex
970 1897 1296 1971 relinquitur
1312 1899 1369 1954 in
1393 1912 1495 1955 sua
1517 1903 1735 1966 natura,
1758 1910 1901 1969 quae

292 1983 429 2060 est,
454 1995 519 2046 ut
560 1989 743 2047 statim
788 1988 1030 2062 obligare
1073 1987 1323 2059 incipiat,
1368 1987 1514 2042 sicut
1554 1984 1899 2042 declaratum

292 2085 405 2150 est3
438 2093 597 2151 ergo.
640 2079 713 2135 Et
751 2078 825 2134 ita
864 2077 1093 2150 probata
1119 2077 1449 2149 relinquitur
1478 2073 1723 2132 secunda
1749 2090 1899 2147 pars.

294 2161 477 2224 Tertia
512 2173 697 2224 autem
737 2166 1031 2239 probatur,
1068 2168 1201 2240 quia
1228 2171 1446 2222 certum
1474 2171 1601 2237 est,
1631 2181 1794 2238 posse
1825 2165 1901 2221 le-

294 2255 611 2328 gislatorem
636 2255 935 2328 designare,
954 2260 1168 2326 tempus
1187 2296 1204 2327 ,
1230 2269 1333 2325 pro
1355 2269 1467 2328 quo
1489 2253 1609 2311 vult
1634 2253 1895 2325 obligare,

294 2350 350 2401 et
378 2361 485 2402 non
516 2351 697 2404 antea.
726 2347 799 2402 Et
826 2344 1017 2402 eadem
1047 2346 1261 2402 ratione
1290 2349 1595 2417 potuerunt
1620 2359 1776 2417 reges
1808 2358 1901 2399 su-

290 2437 465 2506 premi
508 2437 565 2491 in
604 2435 717 2491 suis
746 2436 927 2507 regnis
958 2434 1179 2492 definire
1207 2439 1425 2506 tempus
1444 2474 1459 2505 ,
1490 2448 1587 2504 pro
1615 2447 1726 2506 quo
1754 2432 1900 2506 leges

294 2525 677 2596 promulgatae
718 2524 957 2596 obligare
997 2525 1324 2596 inciperent.
1368 2525 1549 2595 Atque
1590 2522 1665 2579 ita
1704 2522 1755 2579 in
1793 2522 1899 2580 hoc

292 2614 608 2672 Lusitaniae
634 2628 803 2684 regno
832 2618 1101 2670 statutum
1128 2620 1243 2685 est,
1270 2619 1332 2668 ut
1360 2610 1445 2668 lex
1474 2612 1825 2685 promulgata
1848 2613 1898 2670 in

296 2705 448 2761 curia
486 2703 642 2778 regni
682 2703 909 2775 incipiat
950 2702 1020 2759 ibi
1062 2711 1189 2774 post
1228 2689 1357 2760 octo
1398 2700 1514 2759 dies
1544 2701 1813 2774 obligare,
1849 2702 1901 2757 in

296 2800 409 2850 toto
451 2799 641 2850 autem
681 2807 850 2864 regno
891 2797 1019 2864 post
1045 2797 1158 2848 tres
1187 2805 1403 2847 menses
1431 2789 1525 2847 lib.
1568 2794 1617 2848 1.
1648 2789 1897 2847 ordinat.

298 2885 377 2940 tit.
410 2889 441 2941 2
464 2923 479 2954 ,
511 2889 547 2950 s
580 2887 667 2940 10.
711 2880 869 2950 Quod
896 2881 983 2938 ius
1014 2880 1175 2937 istius
1202 2881 1361 2954 regni
1391 2879 1466 2937 ita
1492 2886 1579 2936 est
1613 2895 1745 2936 cum
1772 2895 1902 2951 pro·

293 2971 545 3044 portione
576 2968 993 3043 exponendum,
1028 2971 1181 3026 sicut
1216 2970 1306 3027 ius
1333 2983 1629 3026 commune
1654 2968 1903 3026 declara-

296 3071 407 3118 tum
437 3077 470 3117 a
500 3060 656 3116 nobis
690 3065 796 3131 est,
820 3065 877 3116 et
906 3057 1047 3116 idem
1074 3073 1204 3115 cum
1226 3059 1577 3131 proportione
1606 3056 1899 3116 dicendum

292 3157 373 3207 est
397 3151 467 3208 de
506 3149 720 3222 legibus
752 3147 987 3205 aliorum
1014 3163 1336 3222 regnorum.

370 3244 423 3296 6.
454 3229 593 3297 Dico
628 3237 823 3303 tertio,
855 3237 1003 3311 leges
1032 3237 1168 3294 latas
1198 3253 1230 3294 a
1257 3237 1663 3310 magistratibus
1683 3236 1900 3294 inferio·

292 3329 437 3384 ribus
460 3327 668 3394 ,statim
715 3326 989 3400 obligare,
1028 3327 1071 3382 si
1102 3342 1213 3383 non
1239 3327 1555 3399 exprimunt
1579 3325 1739 3382 aliam
1766 3333 1902 3384 tem-

293 3419 435 3489 poris
466 3416 1001 3476 determinationem.
1034 3417 1115 3472 lta
1147 3415 1419 3472 Hostiens.
1450 3418 1506 3473 in
1533 3417 1686 3474 Sum.
1719 3417 1801 3472 tit.
1834 3416 1903 3473 de

294 3507 582 3565 constitut.
612 3513 638 3580 g
666 3503 933 3578 quando.
967 3505 1105 3562 Abb.
1138 3497 1291 3562 Deci.
1314 3505 1485 3562 etalii
1513 3505 1565 3562 in
1591 3521 1718 3579 cap.
1749 3511 1804 3565 2.
1831 3505 1901 3563 de

296 3599 511 3654 constit.
560 3597 967 3652 Turrecremat.
1013 3601 1039 3670 g
1078 3593 1264 3667 leges,
1313 3601 1440 3667 post
1464 3610 1589 3669 cap.
1629 3597 1705 3651 In
1740 3597 1889 3662 istis,

292 3685 347 3742 d.
379 3693 433 3759 4,
466 3685 706 3762 sylvest.
737 3684 908 3740 verbo
944 3683 1066 3750 leae,
1101 3700 1159 3757 q.
1192 3689 1256 3757 6,
1281 3684 1473 3757 Angel.
1505 3690 1563 3741 et
1582 3684 1698 3758 alii,
1722 3691 1777 3741 et
1793 3686 1898 3741 Na-

293 3792 434 3834 varr.
480 3791 607 3848 cap.
653 3779 758 3846 22,
800 3791 856 3830 n.
899 3776 1003 3845 44,
1042 3779 1100 3831 et
1124 3773 1273 3838 dicto
1305 3789 1462 3832 cons.
1500 3775 1539 3831 Ι.
1580 3773 1646 3831 de
1675 3775 1897 3831 constit.

294 3882 345 3939 q.
375 3870 429 3925 4.
458 3867 721 3929 Rationes
760 3863 942 3922 variae
971 3863 1310 3936 afferuntur,
1343 3863 1443 3921 sed
1474 3865 1635 3920 unica
1660 3872 1747 3921 est
1772 3863 1900 3921 soli-

292 3955 385 4026 da,
414 3957 547 4030 quia
571 3954 717 4011 circa
737 3952 835 4010 has
856 3950 1007 4026 leges
1028 3957 1084 4009 et
1106 3958 1325 4024 tempus
1348 3951 1685 4026 obligationis
1705 3967 1897 4010 earum

292 4043 411 4102 nihil
437 4052 526 4102 est
546 4046 663 4100 iure
684 4042 924 4100 humano
947 4041 1103 4113 dispo
1118 4043 1287 4100 situm
1312 4048 1412 4100 aut
1432 4041 1743 4114 limitatum
1766 4058 1897 4116 ergo

293 4138 419 4190 tuuc
446 4132 721 4206 obligant,
746 4131 969 4205 quando
998 4146 1065 4188 ex
1102 4138 1301 4188 natura
1322 4133 1403 4188 rei
1426 4137 1687 4204 possunt3
1712 4131 1808 4188 sed
1830 4147 1897 4190 ex

294 4230 484 4280 natura
524 4225 605 4279 rei
647 4221 893 4296 obligant
930 4221 1115 4277 statim
1146 4262 1161 4292 ,
1194 4225 1257 4277 ut
1286 4227 1567 4279 ostensum
1594 4229 1708 4292 est,
1738 4237 1890 4294 ergo.

292 4313 529 4370 Primum
558 4310 885 4370 antecedens
915 4310 983 4368 ab
1012 4310 1268 4367 omnibus
1298 4311 1628 4382 supponitur
1656 4316 1717 4366 ut
1738 4311 1897 4368 indu-

294 4399 549 4475 bitatum,
589 4400 717 4476 quia
755 4399 905 4457 dicta
930 4399 1267 4458 Authentica
1292 4398 1361 4456 de
1389 4398 1521 4474 solis
1549 4399 1765 4475 legibus
1790 4401 1895 4457 im·

294 4498 605 4560 peratorum
634 4491 878 4563 loquitur
897 4529 913 4562 ,
938 4494 1001 4558 ,et
1028 4495 1249 4561 praeter
1276 4503 1395 4545 eam
1428 4487 1643 4545 nullum
1676 4489 1780 4546 tale
1808 4490 1893 4546 ius

296 4579 561 4637 invenitur
588 4581 897 4650 scripturn:
931 4585 1150 4636 caetera
1190 4593 1322 4637 vero
1354 4577 1632 4635 evidenter
1660 4578 1893 4635 inserun-

295 4673 399 4725 tur.
430 4667 585 4727 Unde
612 4669 777 4726 etiam
808 4669 1057 4740 sequitur
1083 4708 1099 4738 ,
1120 4665 1265 4723 hano
1296 4666 1678 4739 obligationem
1709 4666 1891 4741 quoad
1928 4669 1941 4688 ⁸

298 4757 409 4814 loca
432 4757 686 4816 distantia
727 4754 1129 4831 intelligendam
1166 4771 1289 4814 esse
1318 4755 1479 4814 modo
1508 4755 1807 4830 explicato,
1837 4763 1895 4814 et

297 4844 407 4904 ideo
445 4847 644 4904 dicunt
678 4861 869 4902 omnes
896 4846 1123 4903 iuristae
1150 4860 1321 4918 supra
1348 4844 1591 4919 allegati,
1624 4845 1785 4903 talem
1814 4845 1891 4902 le-

296 4951 409 5008 gem
437 4937 623 4994 statim
648 4934 887 5008 obligare
912 4939 1246 5006 praesentes,
1262 4940 1521 5006 respectu
1546 4949 1675 4992 vero
1698 4935 1890 4991 absen-

298 5025 424 5084 tium
448 5015 672 5097 'tempus
698 5039 820 5082 esse
841 5024 1211 5096 arbitrarium,
1236 5022 1387 5098 quod
1408 5023 1642 5082 maxime
1661 5022 1888 5098 intelligi

300 5113 449 5173 debet
472 5115 541 5173 de
570 5113 677 5172 illis
704 5113 1041 5183 absentibus,
1066 5112 1247 5186 quiex
1277 5119 1477 5171 natura
1502 5112 1580 5171 rei
1604 5114 1887 5178 scientiam

298 5202 421 5278 legis
457 5204 660 5266 habere
697 5218 806 5262 non
842 5208 1081 5277 possunt
1116 5201 1171 5261 in
1212 5200 1405 5262 eodem
1444 5209 1759 5278 momento,
1788 5210 1888 5262 aut

3367 324 3491 392 227

1975 463 2298 522 brevissimo
2329 469 2596 538 tempore.
2625 464 2868 540 Denique
2896 464 3311 543 intelligendum
3331 466 3438 526 hoe
3465 475 3570 541 est,

1977 552 2200 611 seclusa
2228 554 2628 612 consuetudine
2654 556 2709 612 in
2738 557 3110 629 contrarium3
3137 573 3263 616 nam
3287 557 3377 616 ubi
3398 574 3495 631 per
3516 559 3578 619 il,-

1975 638 2081 698 lam
2104 642 2488 712 introductum
2517 644 2718 718 fuerit,
2743 651 2809 704 ut
2833 644 2969 702 tales
2997 645 3144 720 leges
3171 663 3281 704 non
3309 647 3573 723 obligent,

1974 732 2075 788 nisi
2102 731 2360 804 posthoc
2391 731 2475 789 vel
2502 731 2642 790 illud
2682 739 2898 806 tempus
2920 751 2952 791 a
2973 736 3435 810 promulgatione,
3461 753 3578 796 ser·
3663 781 3670 788 .

1978 819 2215 878 vandum
2253 825 2368 893 est,
2410 823 2540 895 quia
2580 827 2711 880 tunc
2752 825 2859 880 iarn
2902 825 3102 882 habent
3138 826 3510 886 limitationem
3546 845 3580 886 a
3673 887 3678 890 ,

1976 909 2095 968 iure
2124 909 2358 982 positivo
2386 924 2497 968 non
2525 913 2764 986 script03
2792 912 2931 970 hanc
2960 916 3098 973 enim
3125 915 3236 972 vim
3259 917 3423 975 habet
3443 934 3577 976 con-

1975 997 2212 1056 suetudo
2229 1040 2244 1071 ,
2268 998 2403 1057 baec
2428 1007 2609 1058 tamen
2631 1017 2737 1058 non
2761 1009 2848 1059 est
2867 1004 3164 1077 generalis3
3189 1005 3283 1064 ubi
3305 1021 3439 1081 ergo
3460 1005 3580 1066 sue-

1974 1090 2049 1146 rit
2075 1089 2361 1161 specialis,
2394 1090 2527 1148 satis
2554 1087 2620 1146 de
2649 1089 2736 1148 illa
2763 1099 3018 1150 constare
3048 1092 3224 1150 debet.

2058 1181 2109 1238 7.
2130 1179 2314 1237 Unum
2337 1194 2470 1236 vero
2499 1187 2756 1254 superest
2774 1181 2862 1239 hic
2883 1181 3112 1241 dubium
3145 1199 3436 1244 commune
3461 1202 3576 1246 om-

1976 1266 2136 1325 nibus
2176 1267 2422 1341 legibus,
2453 1283 2520 1324 an
2549 1275 2605 1326 et
2644 1270 2926 1344 quomodo
2964 1273 3199 1346 obligent
3244 1275 3579 1351 ignorantes,

1973 1361 2268 1430 postquam
2313 1356 2650 1416 sufficienter
2691 1361 3105 1436 promulgatae,
3146 1373 3203 1422 et
3241 1363 3308 1420 de
3349 1381 3408 1422 se
3449 1369 3582 1425 satis

1977 1445 2265 1518 evulgatae
2292 1446 2520 1503 tuerint.
2551 1448 2983 1520 supponendum
3012 1459 3196 1509 autem
3225 1460 3340 1526 est,
3373 1470 3584 1513 sermo-

1974 1547 2096 1591 nem
2124 1549 2248 1590 esse
2275 1535 2341 1592 de
2373 1529 2678 1609 ignorantia
2707 1537 3032 1611 invincibili,
3058 1557 3185 1598 nam
3207 1544 3253 1598 si
3275 1542 3580 1616 ignorantia

1974 1623 2048 1680 sit
2074 1622 2383 1698 culpabilia,
2417 1627 2548 1682 satis
2577 1625 2731 1684 clara
2759 1633 2846 1684 est
2873 1628 3155 1704 obligatio.
3177 1634 3295 1691 Non
3323 1635 3472 1694 enim
3497 1650 3585 1692 es·

1975 1717 2061 1769 set
2097 1713 2382 1785 culpabilis
2424 1714 2681 1789 obligatio
2719 1716 2892 1790 legis,
2921 1717 3023 1774 nisi
3051 1719 3136 1777 lex
3164 1721 3282 1792 ipsa
3311 1723 3417 1779 iam
3445 1722 3582 1781 obli-

1972 1808 2128 1874 garet
2156 1801 2224 1858 ad
2253 1803 2500 1860 notitiam
2529 1804 2614 1859 sui
2637 1803 2969 1880 habendam,
2999 1805 3123 1864 ideo
3145 1811 3286 1866 enim
3307 1810 3380 1867 ita
3399 1813 3579 1884 impu·

1976 1898 2127 1949 tatur
2165 1893 2533 1965 transgressio
2562 1893 2861 1966 ignoranti,
2892 1912 2957 1952 ac
2988 1897 3032 1952 si
3060 1897 3225 1955 sciret
3251 1898 3446 1972 legem.
3479 1895 3582 1958 Po·-

1972 1987 2079 2038 test
2105 1989 2291 2038 autem
2323 1983 2406 2039 lex
2433 1985 2673 2058 ignorari
2701 1984 3112 2059 invincibiliter,
3145 1994 3210 2045 ut
3236 2004 3485 2063 suppono
3515 2006 3585 2049 ex

1978 2073 2027 2126 1.
2053 2076 2119 2141 2,
2145 2087 2202 2144 q.
2251 2073 2320 2129 76
2344 2112 2360 2144 ,
2389 2077 2447 2128 et
2484 2073 2594 2129 late
2635 2077 2837 2130 tractat
2874 2075 3068 2133 Castro
3108 2075 3244 2133 libro
3281 2081 3330 2136 1.
3362 2077 3434 2135 de
3463 2078 3576 2153 leq.

1961 2158 2202 2234 poenal.
2234 2176 2360 2231 cap.
2398 2162 2446 2217 1.
2475 2168 2533 2219 et
2563 2166 2619 2230 3,
2649 2168 2706 2218 et
2730 2161 2978 2220 Cordub.
3008 2164 3102 2221 lib.
3135 2169 3200 2237 2,
3224 2183 3280 2240 q.
3315 2171 3370 2225 4.
3394 2169 3578 2236 Quan-

1970 2247 2041 2304 do
2081 2251 2230 2306 vero'
2262 2249 2381 2306 talis
2422 2251 2490 2307 sit
2529 2251 2826 2309 iudicanda
2866 2253 3168 2327 ignorantia
3207 2255 3258 2311 in
3301 2256 3419 2314 soro
3446 2273 3583 2315 con-

1970 2337 2227 2397 scientiae
2254 2340 2488 2412 indicta,
2523 2346 2568 2400 1.
2591 2347 2650 2412 2,
2675 2361 2732 2416 q.
2760 2347 2817 2415 6,
2839 2350 2897 2400 et
2921 2347 3012 2414 76,
3037 2342 3247 2402 dictum
3267 2353 3372 2402 est.
3398 2346 3582 2414 Quan-

1968 2428 2039 2486 do
2083 2430 2214 2488 item
2255 2439 2648 2502 praesumatur
2676 2434 2794 2491 talis
2821 2436 2876 2490 in
2903 2435 3023 2491 soro
3052 2440 3309 2506 externo,
3340 2442 3583 2495 tractant

1970 2523 2343 2578 panormitan.
2387 2527 2444 2579 et
2485 2521 2705 2580 Felinus
2733 2525 2784 2581 in
2813 2522 2961 2581 dicto
3000 2539 3124 2596 cap.
3158 2529 3213 2582 2.
3245 2523 3314 2582 de
3354 2529 3580 2586 constit.

1970 2609 2212 2685 sylvest.
2242 2610 2411 2668 verbo
2433 2609 2550 2678 lex,
2580 2628 2637 2687 q.
2668 2614 2720 2670 7.
2754 2613 2936 2670 Posita
2962 2629 3096 2687 ergo
3117 2612 3219 2670 hac
3248 2613 3573 2690 ignorantia,

1971 2714 2159 2757 omnes
2195 2708 2518 2772 supponunt
2539 2744 2553 2773 ,
2585 2701 2923 2774 ignorantem
2952 2718 3060 2760 non
3089 2717 3253 2776 agere
3281 2709 3473 2761 contra
3499 2705 3576 2762 le-

1968 2804 2129 2864 gem,
2176 2788 2306 2846 licet
2342 2789 2490 2846 illam
2533 2806 2642 2847 non
2683 2790 2978 2865 observet,
3022 2793 3096 2848 ita
3123 2800 3186 2849 ut
3214 2791 3284 2849 sit
3309 2791 3575 2853 dicendus

1968 2881 2089 2936 eius
2118 2886 2522 2953 transgressor,
2551 2880 2635 2936 vel
2670 2885 2731 2937 ut
2759 2881 2880 2938 talis
2907 2880 3237 2954 puniendus.

2051 2973 2105 3026 8.
2139 2967 2398 3026 Dubitant
2425 2984 2558 3025 vero
2577 3009 2592 3040 ,
2621 2979 2690 3027 an
2718 2970 2836 3042 lege
2864 2972 3163 3044 obligetur,
3195 2988 3322 3029 nam
3350 2973 3574 3048 quidam

1970 3058 2151 3122 aium,
2187 3063 2320 3113 tunc
2364 3055 2541 3130 legem
2581 3073 2691 3114 non
2732 3058 2969 3133 obligare
3008 3061 3340 3132 ignorantes.
3380 3065 3576 3121 Innoc-

1969 3144 2266 3201 Panormit.
2310 3145 2486 3201 Felin.
2525 3149 2580 3200 et
2619 3146 2708 3202 alii
2737 3162 2860 3219 cap.
2893 3153 2949 3206 2.
2983 3146 3050 3206 de
3077 3150 3301 3207 constit.
3335 3150 3483 3208 Bald.
3518 3153 3575 3209 in

1969 3232 2005 3290 l.
2038 3230 2192 3306 leges
2229 3235 2711 3302 sacratissimae,
2758 3235 2819 3291 C.
2853 3234 2920 3292 de
2949 3235 3108 3309 legib.
3141 3237 3330 3294 Glossa
3358 3240 3414 3296 in
3443 3255 3566 3312 cap.

1962 3327 2027 3384 ,2.
2057 3322 2125 3379 de
2150 3323 2319 3400 rabbus
2345 3321 2625 3380 Ecclesiae
2654 3338 2763 3380 non
2791 3324 3022 3382 alienan.
3053 3325 3108 3382 in
3141 3329 3170 3384 6
3189 3367 3204 3398 ,
3234 3327 3401 3384 verbo
3427 3328 3572 3385 hac-

1970 3416 2168 3478 tenus,
2202 3418 2257 3468 et
2293 3411 2487 3468 Glossa
2523 3413 2686 3468 etiam
2711 3414 2768 3469 in
2796 3411 2890 3492 lib.
2931 3418 2984 3472 6.
3018 3415 3197 3471 Sentit
3224 3412 3366 3471 idem
3394 3416 3564 3474 Caiet.

1970 3517 2027 3576 q.
2064 3505 2166 3566 90,
2197 3505 2301 3557 art.
2337 3505 2395 3572 4,
2421 3505 2477 3558 et
2495 3501 2687 3558 Castro
2709 3517 2901 3574 supra.
2922 3502 3209 3560 Fundetur
3233 3501 3570 3578 hicloquen-

1970 3592 2026 3650 di
2053 3591 2284 3666 modus,
2326 3592 2456 3666 quia
2496 3596 2560 3650 ut
2599 3606 2766 3648 causa
2807 3597 3096 3665 operetur,
3126 3591 3286 3650 debet
3311 3608 3432 3650 esse
3461 3610 3572 3652 non

1970 3682 2148 3739 solum
2179 3684 2234 3738 in
2263 3697 2323 3739 se
2353 3681 2633 3740 sufficiens
2654 3722 2671 3754 ,
2693 3679 2789 3738 sed
2819 3683 2981 3738 etiam
3010 3677 3144 3740 satis
3168 3682 3454 3762 applicata;
3484 3682 3574 3742 lex

1969 3777 2155 3828 autem
2179 3777 2266 3828 est
2292 3769 2562 3844 quaedam
2605 3785 2808 3842 causa,
2841 3787 2982 3846 quae
3017 3772 3322 3844 applicatur
3348 3788 3444 3844 per
3471 3789 3569 3830 no-

1970 3861 2173 3930 titiam3
2214 3875 2349 3933 ergo
2391 3858 2649 3931 quamdiu
2691 3859 2976 3933 ignoratur
3017 3859 3424 3934 invincibiliter,
3454 3877 3568 3919 non

1967 3947 2184 4006 inducit
2203 3949 2896 4022 obligationem.Contrario
2920 3949 3081 4007 modo
3104 3949 3412 4023 loquuntur
3432 3953 3564 4010 Soto
3661 4013 3672 4024 ,

1966 4053 2023 4110 q.
2061 4041 2112 4110 1,
2144 4044 2248 4095 art.
2281 4041 2348 4108 4,
2380 4038 2470 4096 lib.
2511 4040 2570 4111 1,
2599 4045 2653 4095 et
2679 4037 2887 4096 medina
2915 4053 2972 4112 q.
3004 4044 3110 4113 90,
3139 4045 3245 4096 art.
3277 4045 3342 4113 4,
3373 4040 3466 4098 ubi
3493 4043 3570 4103 sa.-

1965 4131 2057 4183 vet
2082 4126 2136 4183 d.
2167 4127 2359 4185 Thom.
2391 4126 2458 4184 ad
2486 4131 2542 4185 2.
2572 4126 2928 4201 Fundantur,
2955 4129 3086 4201 quia
3113 4127 3369 4202 ignorans
3398 4145 3568 4188 excu-

1966 4217 2077 4274 sari
2101 4216 2306 4275 dicitur
2334 4232 2365 4273 a
2393 4217 2587 4289 culpa,
2616 4219 2900 4275 excusatio
2931 4223 3114 4276 autem
3141 4218 3402 4290 supponit
3431 4219 3564 4278 obli-

1960 4307 2269 4382 gationem:
2301 4322 2424 4364 nam
2465 4307 2562 4380 qui
2600 4321 2705 4363 non
2747 4297 3020 4381 obligatur
3045 4307 3194 4380 lege,
3227 4324 3334 4365 non
3363 4307 3565 4367 dicitur

1962 4395 2254 4468 excusari,
2284 4401 2350 4453 ut
2387 4395 2561 4452 laicus
2596 4412 2651 4451 v.
2684 4393 2746 4468 gi
2771 4411 2876 4452 non
2906 4396 3112 4453 dicitur
3136 4398 3393 4456 excusari
3423 4415 3454 4454 a
3479 4415 3566 4456 re·

1963 4485 2195 4544 citandis
2224 4484 2372 4542 horis
2395 4485 2709 4558 canonicis,
2733 4485 2831 4542 sed
2853 4487 3071 4543 omnino
3096 4503 3205 4544 non
3228 4491 3420 4546 teneri.
3445 4490 3565 4547 Dis-

1964 4575 2144 4633 sensio
2167 4581 2350 4631 autem
2370 4617 2384 4646 ,
2412 4567 2602 4633 utdixi
2621 4615 2634 4643 ,
2656 4580 2743 4632 est
2764 4573 2830 4631 de
2850 4574 3014 4632 modo
3037 4574 3310 4648 loquendi.
3337 4579 3407 4635 Et
3427 4594 3562 4637 eon-

1962 4663 2151 4724 cordia
2177 4678 2300 4720 esse
2327 4669 2542 4737 potest,
2571 4663 2742 4737 legem
2761 4707 2776 4735 ,
2797 4671 3078 4737 ‘quantum
3105 4672 3282 4722 estex
3309 4681 3397 4740 se,
3429 4667 3566 4726 obli-

1962 4771 2092 4829 gare
2119 4755 2282 4812 etiam
2309 4753 2655 4826 ignorantes,
2685 4755 2730 4809 si
2757 4752 2990 4811 habeant
3016 4754 3196 4812 omnia
3231 4754 3332 4812 alia
3375 4759 3564 4830 requi-

1960 4847 2096 4919 sita;
2126 4859 2268 4920 quae
2294 4850 2474 4916 potest
2498 4843 2604 4901 dici
2640 4842 2893 4916 obligatio
2931 4845 2986 4900 in
3021 4850 3149 4902 actu
3179 4845 3386 4919 primo,
3414 4862 3558 4920 quae

1962 4938 2090 4993 satis
2119 4943 2208 4992 est
2240 4932 2310 4992 ad
2350 4934 2628 5006 propriam
2656 4935 3098 5006 excusationem3
3131 4940 3187 4991 et
3212 4935 3288 4991 ita
3316 4935 3565 4994 excludi-

1962 5032 2053 5083 tur
2078 5022 2391 5097 exemplum
2421 5020 2755 5094 adductum,
2785 5039 2912 5080 narn
2941 5021 3027 5082 lex
3052 5022 3118 5081 de
3144 5024 3436 5082 recitandis
3464 5025 3562 5084 ho-
3609 5048 3644 5076 .-

1959 5111 2342 5174 ris'canonicis
2372 5112 2536 5170 etiam
2564 5111 2630 5169 de
2655 5127 2715 5168 se
2743 5127 2851 5169 uon
2876 5111 3079 5186 obligat
3104 5112 3296 5170 laicos.
3339 5115 3400 5170 ln
3427 5119 3559 5174 actu

1958 5217 2091 5260 vero
2122 5199 2369 5282 secundo
2407 5215 2468 5260 re
2506 5197 2636 5260 vera
2672 5216 2784 5260 non
2807 5209 3028 5262 exercet
3061 5201 3154 5260 lex
3175 5201 3555 5278 obligationem
