4325 6267
751 349 832 416 78

672 491 1010 567 mutatione,
1038 493 1125 551 vel
1151 491 1450 552 variatione
1481 495 1876 570 materiae,non
1901 502 2024 552 esse
2045 492 2261 568 dispen-

671 584 939 643 sationem
967 586 1021 641 in
1049 585 1187 660 lege.
1216 586 1488 644 Probatur
1511 626 1528 656 ,
1568 587 1697 662 quia
1732 585 1952 660 propria
1975 585 2258 659 dispensa-

675 677 753 733 tio
781 674 916 750 legis
947 681 1033 732 est
1057 677 1288 734 mutatio
1315 677 1467 751 eius3
1497 676 1632 736 baec
1675 685 1861 736 autem
1890 693 1997 734 non
2024 681 2112 735 est
2135 693 2254 734 mu-

670 766 807 824 tatio
838 764 972 838 legis
1001 807 1017 839 ‚
1057 767 1152 826 sed
1191 769 1445 826 materiae
1465 808 1483 839 ‚
1523 784 1664 842 quae
1697 774 1784 825 est
1809 767 2042 826 alterum
2069 773 2250 825 extre-

666 872 859 930 mum,
902 873 933 914 a
972 875 1083 932 quo
1123 857 1319 931 pendet
1358 858 1632 932 obligatio.
1672 860 1772 917 Est
1813 859 1954 916 enim
1998 857 2255 931 obligatio

668 948 824 1022 quasi
855 948 1043 1008 relatio
1071 948 1368 1022 quaedam,
1399 965 1540 1022 quae
1571 948 1770 1021 pendet.
1793 964 1860 1006 ex
1901 948 2255 1007 fundamento

665 1045 724 1096 et
747 1041 1017 1112 termino,
1049 1045 1104 1096 et
1129 1056 1196 1097 ex
1219 1041 1508 1112 utriusque
1538 1041 1834 1096 mutatione
1869 1045 2051 1110 potest
2077 1039 2257 1095 aufer-

668 1131 748 1203 τίς
782 1131 1004 1204 quando
1045 1145 1176 1203 ergo
1218 1129 1426 1188 tollitur
1457 1145 1552 1201 per
1594 1129 1763 1187 solam
1793 1130 2043 1186 materiae
2069 1134 2253 1186 muta-

669 1221 874 1278 tionem
895 1262 910 1292 ,
941 1225 1074 1277 tunc
1106 1221 1192 1277 lex
1220 1236 1329 1277 non
1358 1219 1562 1294 obligat
1586 1261 1601 1292 ,
1644 1236 1751 1277 non
1779 1219 1909 1292 quia
1936 1219 2050 1291 ipsa
2081 1220 2256 1276 mute-

670 1314 791 1382 tur,
823 1310 918 1367 sed
945 1310 1074 1386 quia
1095 1311 1211 1383 ipsa
1236 1325 1336 1384 pro
1363 1326 1428 1366 eo
1457 1326 1591 1366 casu
1619 1324 1724 1366 non
1746 1309 2008 1382 loquitur.
2033 1309 2106 1366 Ut
2124 1323 2251 1380 v.g.

667 1401 714 1457 si
749 1401 872 1474 quis
900 1407 1151 1458 teneatur
1180 1400 1509 1474 promissum
1537 1399 1748 1457 solvere
1768 1442 1783 1472 ,
1813 1406 1867 1457 et
1905 1387 2142 1457 creditor
2170 1415 2258 1456 re-

667 1491 853 1547 mittat
877 1489 1145 1564 debitum,
1166 1492 1270 1548 iam
1296 1507 1403 1548 non
1429 1491 1630 1564 obligat
1656 1492 1760 1556 lex,
1785 1506 1926 1563 quae
1953 1491 2105 1563 prior
2123 1489 2256 1547 obli·

664 1579 878 1654 gabat,
917 1597 1024 1636 non
1062 1583 1190 1655 quia
1227 1582 1279 1638 in
1322 1582 1411 1639 illa
1435 1580 1810 1655 dispensatum
1853 1580 1962 1653 sit,
2003 1581 2098 1638 sed
2126 1581 2256 1655 quia

670 1671 961 1728 subtracta
987 1680 1074 1730 est
1105 1672 1359 1743 materia,
1391 1679 1449 1730 et
1480 1674 1560 1730 sic
1590 1673 1657 1731 de
1687 1672 1820 1730 aliis.
1864 1672 2018 1742 Quod
2049 1687 2148 1744 pro
2176 1675 2258 1729 in-

670 1760 972 1834 telligentia
998 1760 1132 1835 legis
1158 1762 1416 1820 naturalis
1443 1769 1528 1819 est
1551 1763 1872 1834 notandum,
1905 1769 1972 1820 ut
1999 1763 2136 1819 infra
2162 1761 2258 1819 de-

667 1853 986 1911 clarabitur.
1014 1854 1096 1911 Ad
1124 1854 1570 1927 dispensationem
1599 1869 1732 1926 ergo
1755 1853 2125 1910 necessarium
2145 1856 2251 1925 est,

667 1949 732 2000 ut
757 1951 1137 2016 perseverante
1165 1946 1390 2002 materia
1413 1951 1470 2002 et
1491 1945 1739 2002 subiecto
1760 1945 1952 2015 capaci
1975 1942 2259 2017 obligatio-

667 2033 748 2090 nis
776 2033 936 2108 legis‚
968 2033 1193 2092 tollatur
1226 2034 1476 2108 obligatio
1514 2051 1581 2092 ex
1620 2041 1775 2108 parte
1805 2034 1971 2108 ipsius
2000 2034 2132 2107 legis
2159 2043 2258 2106 per

668 2122 1053 2182 relaxationem
1075 2125 1212 2182 eius.
1230 2125 1364 2182 Nam
1386 2127 1432 2182 si
1455 2125 1634 2183 solum
1655 2125 1995 2183 subtrabitur
2015 2123 2122 2199 legi
2145 2139 2259 2180 ma-

668 2215 806 2273 teria
837 2197 1300 2286 vel'subiectum,
1333 2216 1482 2272 circa
1510 2215 1658 2288 quod
1684 2217 1858 2288 possit
1883 2214 2125 2288 operari,
2156 2229 2258 2270 seu

667 2305 1048 2379 obligationem
1077 2305 1359 2380 inducere,
1376 2307 1494 2378 ipsa
1517 2305 1584 2363 de
1613 2320 1671 2362 se
1696 2304 1886 2362 eadem
1901 2319 2119 2376 semper
2143 2320 2257 2361 ma-

663 2403 786 2466 net,
817 2401 872 2454 et
896 2406 1050 2454 exse
1081 2396 1275 2471 babet,
1307 2411 1418 2454 non
1445 2403 1511 2454 ut
1538 2411 1753 2470 semper
1779 2403 1833 2454 et
1858 2397 1909 2453 in
1937 2398 2084 2454 omni
2114 2412 2254 2454 casu

609 2565 616 2570 ·
664 2487 896 2561 obliget,
927 2487 1024 2545 sed
1051 2503 1181 2546 cum
1207 2487 1374 2546 certis
1400 2487 1842 2546 circumstantiis.
1873 2488 1942 2546 Et
1962 2486 2066 2544 bac
2089 2485 2254 2544 ratio-

666 2593 736 2636 ne
763 2576 850 2636 lex
877 2578 1147 2637 ieiunandi
1176 2578 1378 2653 obligat
1405 2578 1680 2642 homine-
1718 2594 1912 2636 sanum
1937 2597 1953 2651 3
1996 2578 2041 2634 si
2067 2585 2254 2636 autem

667 2675 939 2742 aegrotet,
969 2668 1161 2728 desinit
1183 2669 1338 2728 illum
1357 2670 1626 2744 obligare,
1657 2686 1765 2726 non
1787 2671 1918 2744 quia
1937 2669 2254 2752 ipsa-mute-

667 2766 790 2834 tur,
821 2761 918 2819 sed
937 2762 1064 2836 quia
1085 2761 1366 2821 moraliter
1385 2763 1490 2820 iam
1511 2778 1620 2821 non
1637 2767 1724 2820 est
1743 2760 1883 2820 idem
1906 2760 2242 2830 subiectum,

665 2849 736 2908 ad
764 2851 916 2926 quod
943 2851 1187 2927 loquitur
1216 2852 1322 2909 lex.

751 2946 841 3000 12.
873 2942 1135 3016 obiicies3
1167 2945 1295 3016 quia
1319 2941 1504 3016 'supra
1541 2940 1754 3001 dictum
1791 2947 1919 3015 est,
1955 2939 2251 3016 aliquando

665 3033 780 3091 fieri
807 3035 1163 3091 mutationem
1183 3036 1238 3091 in
1278 3034 1398 3108 lege
1425 3051 1524 3108 per
1550 3033 1875 3092 ablationem
1905 3047 2139 3105 causae,
2170 3036 2253 3089 ta-

667 3121 734 3181 lis
762 3131 948 3182 autem
976 3123 1188 3182 videtur
1216 3140 1338 3184 esse
1367 3126 1499 3183 baec
1530 3125 1777 3183 mutatio.
1808 3123 2158 3198 Respondeo,
2185 3123 2248 3181 il·

667 3213 762 3272 lud
803 3231 977 3288 genus
1024 3217 1346 3272 mutationis
1393 3216 1574 3275 solum
1623 3216 1986 3290 contingere,
2029 3215 2251 3290 quando

665 3307 886 3364 omnino
929 3307 1010 3364 lex
1052 3305 1246 3366 desinit
1283 3322 1404 3364 esse
1444 3323 1542 3380 per
1583 3307 2015 3364 subtractionem
2063 3305 2251 3363 totalis

665 3412 868 3454 causae
907 3399 1320 3471 conservantis,
1365 3399 1494 3472 quia
1533 3404 1666 3455 tuuc
1705 3398 1901 3455 transit
1939 3396 2006 3454 de
2033 3411 2155 3453 esse
2181 3393 2249 3454 ad

663 3502 774 3544 non
800 3501 954 3561 esse,
995 3494 1055 3545 et
1092 3487 1166 3545 ita
1204 3494 1469 3546 mutatur.
1502 3489 1575 3545 At
1611 3501 1741 3544 vero
1766 3485 1985 3562 quando
2015 3489 2248 3545 mutatio

665 3579 922 3634 materiae
969 3578 1146 3635 solum
1185 3583 1269 3634 est
1307 3579 1362 3635 in
1401 3577 1721 3651 particulari
1760 3593 1934 3645 casu,
1985 3583 2122 3634 tunc
2162 3576 2249 3634 lex

663 3683 776 3726 non
800 3667 998 3725 desinit
1023 3683 1176 3739 esse,
1207 3666 1302 3726 sed
1346 3674 1555 3728 tantum
1595 3683 1705 3724 non
1745 3665 1988 3740 obligat3
2030 3671 2086 3723 et
2125 3666 2246 3723 ideo

665 3773 775 3817 non
801 3764 1052 3818 mutatur
1089 3759 1238 3834 ipsa,
1280 3771 1382 3816 neo
1421 3759 1668 3816 variatur
1691 3799 1708 3834 ,
1743 3758 1873 3832 quia
1901 3772 2117 3831 semper
2145 3757 2253 3815 suit

2135 367 2354 418 ‘unm
2377 368 2430 419 1.

2330 497 2407 554 ita
2432 495 2759 553 constituta.
2788 492 3019 570 Urgebis
3044 533 3059 566 ‚
3088 491 3231 550 idem
3269 489 3377 549 dici
3416 506 3577 565 posse
3602 489 3670 549 de
3695 490 3917 566 dispen-

2328 587 2533 645 satione
2559 585 2728 662 legis,
2758 569 2887 660 (juia
2916 591 3049 643 tunc
3078 583 3242 642 etiam
3269 599 3377 641 non
3418 582 3609 641 desinit
3636 598 3789 655 esse,
3818 582 3917 640 sed

2328 683 2539 736 tantum
2586 678 2852 752 obligare.
2896 675 3277 750 Respondetur
3324 673 3571 749 negando
3610 673 3913 732 similitudi-

2324 783 2449 824 nem
2474 787 2490 840 ς
2535 783 2660 825 nam
2697 783 2795 838 per
2836 765 3296 840 dispensationem
3342 770 3591 822 mutatur
3638 765 3724 822 lex
3750 806 3765 837 ,
3816 781 3914 822 seu

2328 863 2648 916 coarctatur
2675 858 2831 932 plus,
2860 874 3027 932 quam
3050 863 3209 914 antea
3228 865 3406 928 esset3
3435 873 3533 930 per
3552 858 3916 915 mutationem

2328 956 2512 1007 autem
2542 949 2797 1006 materiae
2827 950 3044 1006 minime
3064 990 3081 1021 ,
3110 951 3240 1023 quia
3270 964 3300 1005 a
3323 948 3587 1022 principio
3616 949 3919 1006 constituta

2324 1045 2409 1097 est
2436 1041 2587 1098 circa
2616 1040 2779 1098 talem
2808 1040 3123 1112 materiam,
3154 1046 3212 1097 et
3248 1055 3378 1097 cum
3416 1037 3612 1096 talibus
3650 1037 3919 1096 conditio-

2328 1131 2521 1202 nibus,
2556 1137 2614 1188 et
2639 1147 2747 1188 non
2778 1130 2883 1188 alio
2914 1128 3097 1188 modo.
3128 1131 3286 1188 Sicut
3312 1137 3606 1203 praecepta
3632 1129 3915 1188 affirmati·

2326 1236 2395 1278 va
2421 1236 2518 1292 pro
2546 1221 2877 1295 quibusdam
2917 1220 3259 1292 temporibus
3297 1219 3571 1295 obligant,
3602 1227 3658 1278 et
3683 1236 3789 1278 non
3815 1236 3915 1292 pro

2326 1310 2441 1367 aliis
2463 1353 2478 1377 ,
2502 1327 2612 1368 non
2640 1312 2769 1385 quia
2795 1312 2910 1383 ipsa
2938 1317 3247 1384 mutentur,
3280 1311 3377 1369 sed
3404 1311 3532 1385 quia
3562 1318 3747 1368 sunta
3767 1313 3915 1383 prin-

2325 1403 2467 1474 cipio
2496 1401 2569 1458 ita
2594 1401 2895 1459 constituta
2914 1443 2929 1471 ,
2958 1407 3017 1458 et
3044 1400 3335 1475 quia-baec
3364 1408 3447 1459 est
3473 1391 3667 1460 eorum
3694 1406 3913 1474 natura3

2323 1493 2397 1550 ita
2422 1508 2553 1566 ergo
2582 1493 2637 1548 in
2665 1494 2937 1564 praesenti
2962 1492 3315 1566 cogitandum
3341 1501 3445 1550 est.

2408 1587 2494 1641 13.
2526 1582 2761 1640 Tandem
2784 1583 2924 1640 solet
2940 1582 3046 1639 alia
3067 1585 3373 1650 mutatiojn
3395 1582 3515 1656 lege
3536 1582 3649 1640 fieri
3671 1597 3769 1656 per
3790 1599 3915 1640 sus-

2328 1674 2641 1747 pensionem
2679 1673 2827 1744 eius,
2869 1688 3039 1746 quam
3079 1673 3395 1730 vocavimus
3436 1673 3793 1730 mutationem
3832 1688 3919 1730 se-

2326 1763 2570 1822 cundum
2600 1764 2763 1838 quid,
2793 1764 2919 1837 quia
2948 1781 3055 1820 non
3083 1763 3398 1838 simpliciter
3424 1763 3568 1822 tollit
3589 1764 3782 1837 legem,
3816 1764 3917 1821 sed

2325 1855 2609 1928 suspendit
2633 1855 2888 1913 effectum
2916 1854 3033 1911 eius
3060 1854 3128 1911 ad
3156 1860 3390 1927 tempus.
3418 1855 3487 1911 Et
3512 1869 3621 1912 non
3648 1853 3917 1910 immerito

2327 1951 2508 2019 potest
2532 1945 2667 2002 haec
2696 1947 2925 2003 mutatio
2954 1945 3057 2002 sub
3080 1945 3481 2019 dispensatione
3502 1943 3914 2017 comprehendi,

2326 2039 2463 2094 Nam
2494 2039 2539 2092 si
2570 2036 2855 2108 suspensio
2883 2035 2971 2094 illa
2999 2036 3091 2092 fiat
3117 2037 3267 2093 circa
3294 2035 3529 2110 aliquam
3551 2050 3841 2108 personam
3860 2035 3918 2092 in

2328 2125 2683 2201 particulari,
2714 2133 2803 2183 est
2841 2126 2989 2183 clara
3027 2125 3356 2199 dispensatio
3395 2125 3738 2199 temporalis,
3768 2133 3825 2183 et
3850 2141 3917 2182 ex

2328 2216 2434 2274 hac
2475 2223 2632 2290 parte
2672 2218 2852 2274 minus
2890 2216 3153 2289 perfecta.
3196 2219 3384 2274 Potest
3423 2224 3609 2274 autem
3646 2215 3919 2273 interdum

2324 2308 2437 2366 fieri
2465 2323 2566 2380 pro
2594 2313 2712 2365 tota
2737 2306 3127 2365 communitate
3144 2347 3164 2378 ,Α
3190 2313 3244 2364 et
3270 2311 3404 2365 tunc
3432 2321 3497 2364 ex
3524 2307 3627 2364 hac
3655 2313 3809 2380 parte
3836 2308 3916 2362 vi·

2324 2397 2488 2457 detur
2514 2398 2711 2456 habere
2740 2396 3146 2455 similitudinem
3174 2412 3303 2454 cum
3324 2396 3709 2470 abrogatione;
3736 2403 3919 2454 tamen

2324 2489 2453 2564 quia
2477 2503 2585 2545 non
2610 2488 2927 2560 simpliciter
2948 2486 3087 2545 tollit
3107 2487 3304 2560 legem,
3330 2486 3425 2545 sed
3452 2488 3522 2545 ad
3550 2495 3767 2560 tempus
3796 2503 3920 2545 sus-

2324 2578 2516 2655 pendit
2563 2577 2949 2652 obligationem
3000 2578 3151 2651 eius,
3194 2577 3394 2636 dicitur
3435 2582 3649 2636 tantum
3688 2593 3920 2651 suspen·

2324 2671 2427 2728 sio.
2460 2673 2645 2728 Potest
2672 2676 2857 2728 autem
2879 2669 3010 2726 haee
3035 2670 3321 2742 suspensio
3344 2667 3593 2726 accidere
3622 2668 3915 2742 aliquando

2323 2776 2421 2835 per
2468 2761 2645 2817 solam
2693 2759 3199 2831 interpretationem
3225 2799 3243 2832 ‚
3286 2765 3346 2816 et
3383 2764 3515 2817 tunc
3556 2757 3623 2816 ad
3666 2758 3916 2832 epiikiam

2318 2851 2579 2924 pertinet3
2610 2849 2885 2908 interdum
2912 2865 3041 2906 vero
3082 2865 3113 2905 a
3152 2849 3438 2922 superiore
3473 2849 3706 2916 ,concedi
3732 2856 3919 2923 potest

2322 2942 2447 3003 talis
2476 2941 2735 2999 relaxatio
2766 2942 2863 2997 toti
2904 2939 3281 2998 communitati
3319 2955 3421 3012 pro
3458 2940 3611 2997 brevi
3642 2947 3912 3014 tempore,

2320 3033 2406 3091 vel
2444 3034 2607 3091 etiam
2649 3047 2749 3104 pro
2793 3046 2903 3088 uno
2944 3037 3157 3089 tantum
3186 3030 3445 3110 actm-ad
3481 3030 3793 3128 faciendum
3818 3031 3917 3088 ali-

2321 3123 2471 3200 quod
2499 3139 2637 3196 opus
2664 3122 2857 3180 servile
2898 3122 2953 3179 in
2980 3122 3072 3179 tali
3108 3121 3194 3180 die
3231 3122 3403 3197 sesto,
3444 3129 3669 3196 propter
3706 3122 3919 3196 specia-

2325 3216 2433 3272 lem
2461 3229 2718 3288 causam,
2748 3221 2805 3270 et
2831 3219 2965 3271 tunc
2996 3212 3117 3270 talis
3146 3215 3431 3288 suspensio
3452 3213 3777 3286 dispensatio
3804 3212 3915 3270 dici

2323 3313 2527 3380 potest.
2544 3307 2721 3380 Atque
2740 3303 2873 3360 baec
2900 3303 3175 3360 sufficiant
3194 3303 3261 3362 de
3284 3305 3667 3378 significatione
3686 3317 3911 3375 vocum,

2322 3396 2376 3453 in
2404 3396 2605 3470 quibus
2648 3394 3038 3468 supponimus,
3080 3395 3408 3452 mutationes
3447 3393 3549 3451 illis
3586 3393 3815 3451 vocibus
3843 3392 3918 3449 si-

2319 3487 2601 3562 gnificatas
2626 3486 2916 3559 in·legibus
2936 3501 3057 3542 esse
3081 3485 3363 3556 possibiles
3382 3504 3398 3558 ς
3430 3482 3705 3558 quomodo
3724 3489 3913 3541 autem

2323 3578 2393 3634 ad
2422 3577 2665 3650 singulas
2694 3576 2843 3651 leges
2870 3576 3221 3650 applicandae
3250 3576 3362 3634 sint
3378 3617 3393 3642 ,
3418 3584 3476 3635 et
3501 3592 3599 3649 per
3620 3590 3760 3650 quas
3781 3591 3915 3634 cau-

2322 3683 2412 3724 sas
2439 3670 2553 3726 fleri
2581 3671 2828 3742 possint,
2858 3670 2914 3725 in
2952 3669 3305 3742 sequentibus
3344 3667 3493 3725 libris
3530 3667 3913 3741 explicandum

2319 3765 2435 3833 est,
2464 3764 2522 3817 et
2544 3758 2668 3818 ideo
2690 3758 2758 3818 de
2778 3757 2899 3834 lege
2918 3758 2971 3816 in
2992 3760 3271 3818 communi
3290 3758 3559 3819 hactenus
3578 3757 3791 3820 dictum
3818 3760 3910 3817 sit.

1989 4305 2165 4365 FINIS
2190 4303 2366 4364 LIBRI
2390 4305 2579 4364 PRnss
