4325 6267
789 329 871 390 10

709 470 974 528 intellixit.
1007 470 1159 529 Unde
1188 472 1232 527 sl
1261 469 1541 542 intelligat,
1577 467 1750 544 legem
1774 467 1922 526 illam
1955 468 2139 526 talem
2170 484 2316 540 esse,

711 565 775 616 ut
802 560 883 615 vel
927 557 1140 615 divinae
1177 557 1552 631 providentiae
1579 573 1691 614 non
1717 559 1787 614 sit
1816 556 2087 628 subiecta,
2121 559 2206 614 vel
2236 573 2321 615 re-

714 647 820 703 bus
847 645 1122 716 omnibus,
1151 648 1314 704 etiam
1342 646 1683 719 bominibus,
1713 644 1896 720 quoad
1926 647 2183 719 proprias
2208 649 2321 704 ani-

711 751 832 792 mae
855 736 1200 808 operationes
1223 737 1606 794 necessitatem
1629 737 1897 808 imponat,
1917 736 2108 792 salsam
2124 743 2180 794 et
2196 737 2322 794 hae-

709 826 936 881 reticam
967 827 1294 881 sententiam
1324 825 1589 895 continet,
1614 824 1827 883 divinae
1857 825 2239 898 gubernationi
2267 832 2324 882 et

708 912 950 969 libertati
991 913 1196 970 arbitrii
1239 915 1599 970 contrariam.
1644 915 1700 972 Si
1737 930 1868 970 vero
1898 930 1996 986 per
2023 915 2322 971 caelestem

709 1002 884 1074 legem
915 1001 1094 1059 solum
1125 1002 1413 1074 intelligat,
1449 1003 1598 1074 quod
1629 1001 1952 1059 Aristoteles
1980 1002 2138 1072 dixit,
2163 1019 2323 1058 mun-

709 1090 844 1146 dum
878 1091 1024 1145 hunc
1057 1091 1368 1146 inferiorem
1398 1091 1760 1146 coniunctum
1784 1106 1903 1146 esse
1929 1091 2177 1161 sphaeris
2198 1105 2322 1147 cae-

712 1179 972 1250 lestibus,
1007 1187 1068 1235 ut
1108 1179 1229 1234 inde
1265 1181 1637 1252 gubernetur,
1670 1193 1766 1250 per
1795 1179 2072 1236 naturales
2108 1180 2324 1236 scilicet

711 1269 1018 1325 influentias
1041 1275 1096 1324 et
1121 1267 1525 1325 vicissitudines
1542 1309 1557 1340 ,
1585 1285 1726 1341 quae
1759 1285 1786 1324 a
1811 1272 1920 1326 Deo
1953 1287 2169 1343 semper
2192 1287 2321 1342 pen-

712 1357 903 1426 deant,
939 1365 994 1414 et
1020 1373 1256 1428 corpora
1287 1360 1580 1414 immutent
1605 1367 1662 1414 et
1689 1375 1794 1416 non
1827 1360 2070 1433 animas3
2103 1361 2183 1416 sic
2218 1377 2321 1417 non

713 1449 957 1518 oportuit
985 1447 1296 1502 membrum
1329 1446 1460 1503 illud
1489 1447 1848 1520 distinguere,
1880 1451 2012 1522 quia
2038 1465 2106 1505 eo
2133 1449 2319 1518 modo,

712 1552 824 1609 quo
852 1542 1032 1608 potest
1065 1535 1322 1607 appellari
1351 1536 1469 1606 lex,
1503 1537 1606 1593 sub
1635 1536 1870 1594 naturali
1904 1538 2321 1611 comprehendi-

710 1632 834 1696 tur,
887 1633 948 1682 ut
991 1625 1444 1682 monstrabimus.
1491 1625 1707 1682 Omissa
1749 1642 1883 1698 ergo
1935 1626 2030 1683 illa
2077 1621 2323 1684 securida

711 1729 883 1784 voce,
915 1714 1019 1770 alia
1057 1715 1158 1770 tria
1197 1720 1328 1769 sunt
1364 1717 1524 1769 etiam
1555 1716 1607 1769 in
1639 1730 1744 1771 usu
1778 1713 2192 1788 theologorum,
2226 1715 2319 1772 sed

713 1803 765 1857 in
795 1818 963 1859 sensu
990 1802 1397 1875 aliquantulum
1426 1803 1668 1860 diverso.

725 1915 731 1922 ·
796 1897 847 1948 5.
881 1893 990 1948 Lex
1030 1907 1162 1964 ergo
1204 1890 1386 1950 divi'na
1428 1893 1572 1964 apud
1614 1893 1899 1952 Platonem
1937 1904 2023 1953 est
2047 1896 2187 1953 ratio
2214 1913 2317 1970 gu-

711 1980 989 2036 bernatrix
1014 1983 1255 2037 universi
1277 1981 1330 2037 in
1356 1983 1449 2039 Dei
1471 1989 1650 2039 mente
1670 1985 1932 2056 existens,
1958 2001 2125 2058 quam
2149 1984 2325 2059 legem

713 2070 878 2126 etiam
923 2069 1160 2143 theologi
1197 2078 1537 2144 agnoscunt,
1583 2071 1680 2128 sed
1721 2071 1896 2146 legem
1925 2080 2203 2131 aeternam
2232 2090 2325 2146 ap-

717 2157 944 2231 pellant.
994 2159 1220 2215 Duobus
1262 2162 1404 2215 enim
1445 2160 1625 2217 modis
1652 2160 1761 2217 dici
1788 2167 1969 2233 potest
1997 2163 2082 2219 lex
2111 2163 2322 2220 divina:

715 2263 827 2304 uno
857 2247 1050 2319 modo,
1081 2249 1209 2321 quia
1239 2247 1288 2304 in
1320 2248 1435 2320 ipso
1463 2252 1572 2306 Deo
1601 2257 1714 2324 est,
1747 2250 1851 2306 alio
1883 2251 2068 2322 modo,
2100 2253 2231 2326 quia
2256 2253 2324 2310 ab

714 2337 832 2410 ipso
875 2340 984 2394 Deo
1025 2337 1335 2395 immediate
1376 2338 1575 2412 fertur,
1605 2341 1736 2396 licet
1759 2347 1914 2398 extra
1943 2343 2115 2398 Deum
2145 2343 2328 2415 ipsum

721 2428 812 2483 sit.
841 2427 1013 2484 Priori
1035 2426 1198 2483 modo
1223 2426 1396 2501 legem
1426 2427 1662 2486 divinam
1679 2429 1966 2502 appellavit
1980 2431 2157 2504 Plato,
2176 2419 2327 2489 theo-

717 2517 828 2590 logi
859 2533 990 2574 vero
1018 2532 1148 2574 cum
1179 2517 1512 2589 Augustino,
1539 2525 1602 2575 ut
1626 2517 1964 2591 distinguant
1987 2518 2128 2577 illam
2152 2519 2326 2593 legem

717 2606 783 2663 ab
813 2606 940 2675 alia,
972 2622 1138 2680 quam
1169 2607 1313 2663 Deus
1341 2614 1496 2664 extra
1517 2623 1574 2664 se
1594 2607 1725 2677 sert,
1754 2614 1955 2665 vocant
1976 2609 2123 2666 illam
2147 2617 2327 2666 aeter-

712 2711 873 2769 nam;
919 2704 972 2753 et
1013 2698 1089 2754 ita
1123 2698 1288 2754 etiam
1326 2713 1426 2753 nos
1455 2697 1873 2768 appellabimus.
1909 2699 1982 2754 De
2011 2699 2128 2770 ipsa
2156 2700 2329 2772 igitur

717 2800 800 2857 re,
843 2800 984 2856 quae
1025 2784 1108 2841 lex
1153 2792 1377 2843 aeterna
1404 2791 1636 2842 vocatur
1661 2826 1678 2857 ,
1709 2791 1819 2842 tam
1847 2793 2062 2842 certum
2092 2793 2182 2844 est
2207 2802 2327 2844 esse

713 2875 766 2930 in
797 2876 931 2943 Deo,
965 2888 1133 2945 quam
1159 2879 1246 2930 est
1273 2879 1489 2929 certum
1519 2872 1718 2930 habere
1740 2876 1915 2931 Deum
1938 2874 2179 2931 universi
2202 2891 2327 2946 pro-

717 2960 1034 3033 videntiam,
1065 2961 1192 3032 quia
1224 2976 1320 3032 per
1349 2961 1488 3017 hanc
1519 2977 1714 3018 vocem
1734 2962 1864 3018 nihil
1886 2961 2034 3019 aliud
2057 2963 2325 3034 signitica-

713 3057 840 3124 tur,
873 3067 1042 3124 quam
1069 3051 1209 3108 ratio
1239 3050 1404 3107 buius
1436 3049 1808 3121 providentiae
1835 3054 1888 3108 in
1918 3054 2027 3109 Deo
2057 3053 2321 3115 existens,

715 3141 800 3197 vel
843 3139 1044 3212 aliquid
1085 3141 1226 3196 eius.
1260 3138 1544 3206 Quomodo
1574 3147 1757 3196 autem
1787 3143 2016 3213 recipiat
2047 3157 2243 3198 nomen
2274 3147 2331 3197 et

715 3231 1116 3304 proprietatem
1139 3235 1388 3286 aeternae
1413 3228 1566 3300 legis,
1585 3231 1637 3284 in
1663 3231 1928 3302 principio
1952 3230 2069 3286 libri
2095 3245 2327 3304 sequen-

715 3319 785 3375 tis
815 3318 1228 3390 explicabimus.
1260 3319 1331 3375 Et
1357 3316 1484 3372 hinc
1514 3316 1670 3374 facile
1699 3317 2056 3391 intelligitur,
2089 3333 2231 3390 quae
2261 3319 2331 3374 sit

717 3409 1022 3465 necessitas
1064 3414 1122 3464 et
1160 3407 1362 3463 utilitas
1403 3405 1568 3462 huius
1609 3405 1776 3478 legis,
1818 3411 1906 3462 est
1938 3405 2082 3461 enim
2111 3404 2323 3477 eadem,

657 3509 664 3521 “
715 3513 856 3570 quae
893 3497 1112 3553 divinae
1139 3493 1545 3568 providentiae3
1579 3509 1706 3550 nam
1732 3495 1878 3550 sicut
1905 3495 2112 3568 absque
2142 3494 2322 3551 divina

717 3585 1050 3657 providentia
1080 3583 1320 3640 mundus
1352 3599 1458 3639 non
1489 3589 1676 3655 posset
1697 3584 2024 3655 consistere,
2050 3585 2124 3639 ita
2147 3599 2327 3656 neque

721 3677 837 3732 sine
869 3677 973 3731 hac
1017 3673 1196 3729 divina
1233 3680 1289 3728 et
1327 3679 1545 3728 aeterna
1575 3672 1716 3744 lege,
1749 3678 1805 3728 et
1833 3673 2010 3728 omnis
2041 3671 2247 3729 utilitas
2278 3679 2333 3728 et

721 3761 1116 3831 commoditas,
1157 3776 1299 3834 quae
1341 3760 1468 3818 huic
1513 3760 1718 3818 mundo
1761 3761 2014 3832 provenit
2049 3775 2114 3816 ex
2153 3759 2333 3816 divina

719 3850 1059 3924 providentia
1079 3891 1093 3920 ,
1123 3852 1176 3905 in
1209 3849 1349 3905 hanc
1379 3852 1542 3905 etiam
1574 3849 1810 3907 divinam
1839 3849 2016 3922 legem
2045 3848 2328 3906 referenda

719 3948 823 3998 est.
867 3940 1117 3998 Advertit
1155 3945 1340 3995 autem
1378 3939 1434 3995 d.
1468 3939 1702 3995 Thomas
1738 3942 1786 3996 1.
1819 3945 1879 4009 2,
1911 3955 1969 4012 q.
2003 3944 2098 4010 91,
2132 3945 2237 3996 art.
2280 3943 2327 3996 l.

725 4029 794 4088 ad
827 4035 881 4102 3,
915 4027 1204 4086 utilitatem
1234 4026 1396 4082 huius
1425 4026 1562 4100 legis
1589 4043 1695 4083 non
1724 4042 1877 4099 esse,
1901 4017 2028 4098 q'uia
2052 4027 2166 4100 ipsa
2190 4026 2335 4083 ordi-

720 4126 885 4177 natur
915 4117 982 4174 ad
1019 4118 1210 4187 tinem,
1245 4115 1342 4171 sed
1367 4116 1496 4188 quia
1524 4115 1642 4187 ipsa
1671 4113 1887 4172 ordinat
1917 4117 2098 4172 omnia
2130 4116 2233 4173 alia
2264 4115 2329 4172 ad

724 4225 858 4266 suos
900 4209 1032 4264 lines
1073 4223 1170 4279 per
1211 4205 1589 4262 convenientia
1629 4203 1835 4276 media3
1881 4205 1999 4276 ipsa
2038 4208 2181 4261 enim
2220 4221 2328 4261 non

722 4303 908 4370 potest
945 4295 1012 4352 ad
1041 4296 1198 4350 finem
1229 4293 1490 4364 ordinari,
1521 4309 1650 4350 cum
1680 4293 1750 4350 sit
1778 4293 1892 4364 ipse
1921 4296 2088 4367 Deus,
2119 4297 2215 4367 qui
2246 4300 2333 4352 est

723 4387 950 4444 ultimus
979 4384 1098 4440 finis
1128 4383 1395 4440 omnium.
1424 4381 1660 4439 Tandem
1689 4398 1756 4438 ex
1785 4381 1890 4438 hac
1913 4382 2089 4453 prima
2111 4381 2229 4455 lege
2252 4381 2329 4439 di-

725 4475 846 4530 vina
887 4489 984 4530 seu
1013 4479 1233 4529 aeterna
1259 4469 1446 4542 colligi
1475 4476 1660 4542 potest
1689 4471 1864 4542 prima
1890 4469 2084 4526 divisio
2115 4471 2249 4544 legis
2280 4472 2330 4526 in

723 4570 1001 4619 aeternam
1029 4566 1085 4617 et
1105 4559 1484 4630 temporalem,
1507 4559 1870 4631 supponimus
1889 4561 2036 4616 enim
2061 4561 2187 4617 nihil
2210 4575 2331 4618 esse

726 4657 1010 4707 aeternum
1039 4656 1188 4705 extra
1216 4651 1422 4722 Deum,
1453 4655 1672 4704 constat
1693 4655 1876 4705 autem
1899 4648 2087 4722 plures
2107 4665 2231 4706 esse
2256 4649 2331 4706 le-

725 4756 820 4813 ges
861 4745 1018 4797 extra
1055 4741 1229 4796 Deum
1271 4739 1599 4809 existentes3
1631 4753 1764 4810 ergo
1792 4744 2014 4810 praeter
2039 4739 2215 4812 legem
2245 4753 2333 4795 ae-

729 4836 938 4885 ternam
971 4843 1197 4884 necesse
1226 4832 1312 4882 est
1338 4825 1455 4883 dari
1481 4826 1611 4882 alias
1641 4827 1994 4898 temporales,
2028 4843 2170 4901 quae
2200 4843 2333 4885 con·

622 4954 656 4964 ,.
728 4922 1020 4989 sequenter
1047 4915 1303 4971 differunt
1332 4922 1594 4987 tanquam
1623 4913 1876 4971 creatum
1908 4922 1967 4972 et
1989 4918 2324 4989 increatum,

727 5007 856 5078 quia
885 5003 1154 5078 quidquid
1181 5011 1270 5060 est
1297 5008 1603 5073 aeternum,
1634 5007 1942 5061 increatum
1970 5011 2074 5074 est,
2100 5011 2159 5061 et
2184 5005 2333 5080 quod

726 5102 812 5162 est
840 5093 1160 5168 temporale,
1191 5100 1278 5150 est
1308 5098 1580 5150 creatum.
1609 5093 1746 5150 Hinc
1775 5109 1910 5166 ergo
1939 5099 2179 5167 constat,
2212 5095 2333 5152 dari

733 5184 910 5259 legem
947 5183 1182 5240 divinam
1201 5224 1217 5257 ,
1248 5183 1300 5239 id
1328 5188 1414 5240 est
1442 5179 1634 5240 in'Deo
1667 5183 1782 5253 ipso
1809 5181 2161 5241 existentem:
2195 5199 2334 5256 quo-

2198 347 2400 396 unmi
2431 311 2491 395 1.¹

2389 467 2551 526 modo
2582 474 2769 526 autem
2798 466 2959 525 detur
2987 467 3071 525 lex
3094 465 3275 524 divina
3296 483 3326 524 a
3352 469 3457 524 Deo
3480 468 3721 540 proxime
3744 469 3871 542 lata,
3899 484 3997 543 pa-

2389 557 2523 614 tebit
2550 573 2613 614 ex
2643 556 2907 614 dicendis.
2941 559 3183 631 Denique
3212 558 3374 616 datur
3406 559 3491 616 lex
3524 559 3575 615 in
3602 561 3715 616 Deo
3745 559 3860 631 ipso
3886 561 3998 616 exi-

2390 652 2571 718 stens,
2606 647 2738 704 haec
2770 648 2912 704 enim
2941 647 3123 704 omnia
3148 647 3377 729 inidem
3406 649 3675 706 recidun't.

2469 740 2522 794 6.
2556 737 2643 793 Ex
2670 736 2791 792 aliis
2818 737 2989 809 igitur
3015 735 3236 794 duobus
3266 737 3525 794 membris
3554 737 3688 810 legis
3716 752 3747 793 a
3775 736 3998 796 Platone

2393 823 2582 895 positis
2611 824 2855 882 secunda
2885 824 3074 882 divisio
3102 825 3240 899 legis
3270 825 3571 898 colligitur,
3595 842 3736 899 quae
3758 832 3843 884 est
3866 825 3998 882 sub-

2390 913 2579 970 divisio
2604 915 2735 987 legis
2758 920 2978 972 creatae
3002 915 3051 970 in
3076 903 3383 971 naturalem
3402 922 3459 970 et
3480 914 3788 987 positivam.
3815 917 3991 983 Quam

2392 1003 2713 1061 divisionem
2755 1021 2943 1060 omnes
2984 1006 3150 1060 etiam
3189 1003 3429 1076 theologi
3459 1011 3802 1076 agnoscunt,
3829 1010 3885 1061 et
3908 1011 3996 1061 est

2391 1092 2652 1166 frequens
2696 1092 2837 1165 apud
2877 1099 3135 1164 sanctos,
3177 1094 3289 1150 sive
3318 1094 3423 1150 sub
3449 1085 3667 1150 nomine
3698 1093 3852 1166 legis,
3882 1092 3995 1149 sive

2393 1181 2496 1238 sub
2536 1181 2747 1237 nomine
2786 1182 2921 1237 iuris
2965 1183 3178 1254 positivi
3204 1189 3263 1240 et
3296 1183 3585 1239 naturalis.
3618 1185 3773 1240 Patet
3803 1198 3869 1240 ex
3904 1183 3999 1239 lsi-

2391 1270 2531 1327 doro
2558 1269 2655 1326 lib.
2689 1274 2746 1341 2,
2776 1278 2832 1326 et
2859 1276 2911 1328 3.
2946 1269 3206 1345 Etymol.
3240 1277 3295 1328 et
3324 1271 3554 1328 babetur
3580 1270 3629 1326 in
3660 1273 3820 1328 Decr.
3846 1270 3901 1325 d.
3946 1275 3991 1328 l.

2392 1366 2447 1416 et
2474 1358 2853 1429 sequentibus,
2884 1364 2941 1415 et
2968 1359 3209 1416 sumitur
3236 1375 3302 1416 ex
3332 1361 3638 1432 Augustino
3670 1365 3911 1415 tractatu
3938 1363 3991 1417 6.

2393 1449 2448 1504 in
2474 1449 2754 1517 loannem,
2777 1455 2835 1503 et
2861 1446 3096 1504 indicata
3120 1455 3207 1506 est
3235 1465 3267 1506 a
3294 1447 3461 1505 Paulo
3486 1449 3647 1505 Rom.
3674 1453 3729 1507 2.
3760 1449 3995 1505 dicente:

2400 1540 2639 1601 Gentes,
2674 1551 2830 1608 quae
2864 1534 3050 1608 leqem
3085 1552 3202 1592 non
3226 1536 3471 1604 habent,
3506 1535 3875 1594 naturaliter
3899 1553 3993 1605 ea,

2396 1640 2552 1698 quae
2590 1623 2737 1696 ἱερᾶς
2774 1628 2940 1691 aaut,
2968 1623 3257 1696 faciunt:
3298 1633 3360 1682 ut
3396 1627 3469 1682 ibi
3496 1626 3688 1684 Glossa
3716 1625 3993 1682 ordinaria

2396 1716 2625 1770 notavit.
2656 1712 2859 1770 Eadem
2890 1712 3079 1770 divisio
3107 1716 3375 1786 repetitur
3401 1716 3455 1770 in
3484 1718 3601 1771 iure
3628 1714 3796 1784 civili,
3821 1716 3991 1772 instit.

2396 1802 2465 1860 de
2496 1806 2617 1860 iure
2645 1809 2832 1859 natur.
2862 1803 3125 1874 gentium,
3156 1811 3213 1860 et
3238 1803 3405 1874 civili,
3434 1803 3547 1861 etl.
3582 1812 3632 1876 t,
3656 1803 3711 1859 ff.
3744 1802 3813 1860 de
3841 1804 3997 1860 iusti-

2394 1896 2470 1951 tia
2495 1901 2553 1950 et
2579 1895 2719 1950 iure.
2743 1894 2813 1949 Et
2834 1893 3023 1950 Cicero
3054 1893 3177 1950 libr.
3211 1899 3256 1951 l.
3284 1891 3359 1961 de
3384 1893 3635 1966 Leqibws
3664 1909 3731 1948 ex
3756 1892 4003 1964 professo

2394 1982 2609 2055 probat,
2634 1980 2750 2039 dari
2774 1983 2861 2038 ius
2885 1981 3134 2038 naturale
3158 1981 3309 2054 prius
3334 1983 3477 2038 omni
3504 1981 3763 2038 humano.
3792 1983 3867 2037 De
3888 1996 4002 2054 quo

2400 2071 2574 2130 multa
2602 2071 2765 2128 etiam
2800 2071 2962 2129 babet
2988 2070 3081 2127 lib.
3124 2075 3179 2130 2.
3220 2069 3292 2126 de
3319 2068 3574 2143 leqibus,
3604 2077 3659 2127 et
3686 2069 4005 2127 Aristoteles

2404 2166 2455 2218 5.
2502 2161 2765 2218 Ethicor.
2808 2161 2989 2232 capite
3022 2163 3075 2233 7,
3108 2159 3199 2217 ubi
3228 2161 3278 2216 in
3306 2160 3498 2216 eodem
3528 2175 3693 2216 sensu
3720 2157 4004 2233 distinguit

2396 2252 2480 2308 ius
2508 2251 2559 2306 in
2588 2249 2835 2306 naturale
2861 2256 2917 2308 et
2946 2249 3135 2322 legale.

2474 2338 2580 2397 Sed
2607 2339 2757 2396 circa
2784 2338 2960 2411 legem
2986 2338 3293 2396 naturalem
3321 2337 3719 2396 advertendum
3750 2344 3839 2396 est
3857 2379 3873 2411 ,
3905 2354 4000 2394 va·-

2397 2430 2495 2486 riis
2538 2427 2713 2485 modis
2752 2444 2783 2484 a
2822 2426 3193 2501 philosophis,
3236 2427 3579 2500 iurisperitis,
3610 2419 3695 2483 v‘el
3727 2427 3999 2500 theologis

2404 2517 2600 2589 accipi.
2634 2503 2788 2573 Plato
2814 2516 2990 2588 enim,
3024 2531 3221 2589 supra,
3255 2516 3429 2590 legem
3460 2515 3759 2573 naturalem
3788 2516 4005 2572 videtur

2400 2607 2654 2677 accipere
2699 2620 2801 2677 pro
2829 2605 2974 2662 omni
3002 2605 3347 2663 inclinatione
3375 2605 3611 2662 naturali
3637 2605 3809 2663 indita
3836 2605 4004 2663 rebus

2399 2708 2432 2750 a
2468 2709 2571 2749 suo
2600 2699 2853 2750 creatore
2873 2736 2887 2762 ,
2918 2709 3031 2766 qua
3058 2695 3267 2768 singula
3294 2695 3363 2751 ad
3392 2695 3642 2766 proprios
3672 2702 3834 2752 actus
3862 2702 3917 2751 et
3944 2694 4005 2750 li·

2401 2799 2497 2839 nes
2536 2783 2789 2840 tendunt.
2832 2783 2993 2840 Sicut
3030 2785 3171 2840 enim
3217 2784 3389 2856 legem
3430 2785 3663 2841 divinam
3705 2799 3828 2840 esse
3866 2783 4000 2841 dixit

2405 2872 2668 2929 rationem
2700 2878 2976 2928 aeternam
3000 2875 3055 2927 in
3084 2875 3194 2928 Deo
3220 2875 3570 2942 existentem,
3603 2889 3712 2946 qua
3736 2879 4003 2946 reguntur

2402 2961 2615 3032 omnia3
2662 2961 2734 3017 ita
2776 2961 3240 3033 participationem
3283 2961 3427 3017 illius
3470 2962 3693 3018 rationis
3733 2961 4003 3019 creaturis

2404 3054 2756 3124 impressam,
2798 3057 2861 3107 ut
2899 3051 2950 3106 in
2980 3049 3281 3107 destinatos
3310 3052 3442 3107 lines
3471 3067 3603 3107 suos
3632 3049 3877 3122 tendant,
3909 3066 4003 3106 na-

2402 3140 2639 3197 turalem
2669 3140 2839 3212 legem
2869 3138 3177 3211 appellavit.
3210 3141 3324 3197 {mo
3354 3141 3521 3196 etiam
3548 3139 3605 3195 d.
3634 3139 3826 3194 Thom.
3869 3142 3913 3196 l.
3940 3143 4001 3206 2,

2400 3245 2459 3301 q.
2494 3230 2591 3300 91,
2624 3235 2727 3284 art.
2761 3233 2817 3286 2.
2850 3227 3013 3298 dixit,
3043 3230 3254 3297 omnia,
3287 3243 3429 3301 quae
3456 3227 3637 3284 divina
3664 3227 4003 3299 providentia

2399 3322 2697 3388 reguntur,
2730 3317 3060 3388 participare
3088 3317 3393 3390 aliqualiter
3418 3317 3594 3392 legem
3617 3323 3915 3384 aeternam,
3942 3318 3997 3372 in

2398 3412 2670 3478 quantum
2718 3421 2789 3462 ex
2834 3404 3083 3462 efficacia
3128 3405 3247 3461 eius
3292 3405 3496 3462 habent
3543 3405 3915 3461 inclinationes
3947 3405 4000 3460 in

2399 3494 2645 3567 proprios
2674 3499 2837 3550 actus
2864 3498 2922 3550 et
2946 3493 3097 3549 iines.
3129 3494 3200 3550 At
3226 3509 3358 3551 vero
3386 3493 3677 3564 iurisperiti
3707 3493 3878 3566 legem
3908 3509 4003 3549 na·

2400 3582 2631 3639 turalem
2668 3597 3021 3640 communem
3055 3598 3177 3640 esse
3213 3583 3441 3650 dicunt,
3472 3599 3581 3639 non
3622 3582 3799 3640 solum
3830 3583 4004 3639 bomi-

2400 3671 2597 3741 nibuS,
2630 3669 2723 3726 sed
2752 3672 2916 3726 etiam
2944 3670 3061 3727 aliis
3089 3669 3438 3744 animalibus,
3469 3673 3762 3729 inanimata
3802 3687 3933 3728 vero
3972 3687 4003 3727 a

2401 3760 2810 3832 participatione
2858 3751 3023 3817 huius
3072 3759 3207 3833 legis
3260 3760 3553 3818 excludere
3601 3761 3856 3818 videntur
3874 3802 3889 3833 ,
3941 3766 4004 3817 ut

2401 3856 2551 3923 patet
2576 3866 2642 3906 ex
2671 3853 2696 3922 ξ
2731 3856 2779 3909 1.
2809 3851 2987 3907 Instit.
3020 3848 3088 3907 de
3114 3849 3233 3908 iure
3260 3850 3518 3918 naturali,
3550 3856 3659 3907 etc.
3692 3856 3751 3908 et
3779 3849 3815 3906 l.
3858 3857 3908 3920 l,
3941 3850 3995 3907 ff.

2401 3940 2467 3996 de
2494 3941 2627 3996 iust.
2658 3946 2717 3997 et
2744 3940 2881 3996 iure.
3940 4005 3955 4012 ⁵

2479 4030 2533 4086 7.
2567 4027 2991 4100 Verumtamen,
3034 4034 3096 4084 ut
3136 4027 3187 4083 in
3230 4028 3408 4099 eapite
3446 4029 3488 4084 1.
3524 4030 3737 4099 notavi,
3768 4026 3851 4086 lex
3890 4044 3999 4085 non

2402 4115 2722 4174 attribuitur
2749 4117 2917 4173 rebus
2937 4116 3341 4173 insensibilibus
3362 4116 3670 4173 secundum
3696 4119 4004 4190 proprieta-

2403 4213 2535 4279 tem,
2562 4205 2655 4262 sed
2679 4205 2987 4262 secundum
3005 4204 3404 4277 metaphoram3
3422 4212 3478 4262 et
3500 4205 3619 4262 ideo
3640 4205 3707 4262 de
3729 4207 3817 4263 illa
3838 4206 4004 4279 priori

2403 4311 2469 4352 ac
2500 4294 2913 4368 generalissima
2933 4296 3251 4365 acceptione
3281 4294 3412 4368 legis
3440 4294 3706 4352 naturalis
3734 4295 3862 4352 nihil
3891 4311 4007 4351 am-

2402 4382 2546 4456 plius
2577 4383 2665 4440 hic
2694 4381 2879 4439 dicere
2900 4397 3125 4438 necesse
3148 4389 3255 4452 est,
3279 4389 3495 4454 praeter
3523 4398 3609 4454 ea,
3634 4385 3849 4456 quaein
3875 4398 3933 4439 c.
3958 4385 3999 4438 l.

2400 4472 2659 4542 diximus,
2689 4477 2745 4528 et
2770 4488 2911 4545 quae
2937 4470 3079 4528 inira
3104 4470 3353 4528 dicemus
3382 4470 3448 4528 de
3472 4471 3591 4546 lege
3614 4477 3853 4552 aeterna.
3880 4473 4005 4528 Ani-

2404 4562 2565 4618 malia
2606 4562 2772 4617 etiam
2812 4561 2971 4616 bruta
3008 4575 3116 4615 non
3144 4568 3275 4618 sunt
3316 4563 3539 4631 capacia
3567 4563 3818 4633 propriae
3846 4561 4003 4637 legis,

2402 4665 2535 4706 cum
2576 4665 2677 4706 nec
2716 4650 2945 4720 ratione,
2978 4662 3081 4704 nec
3112 4647 3357 4704 libertate
3389 4655 3633 4718 utantur,
3664 4656 3719 4705 et
3743 4649 3868 4706 ideo
3896 4665 4003 4705 non

2402 4744 2582 4811 potest
2618 4738 2717 4793 nisi
2746 4753 2842 4809 per
2872 4736 3097 4793 similem
3126 4736 3499 4809 metaphoram
3527 4736 3629 4792 illis
3657 4737 3883 4794 attribui
3910 4753 4005 4794 na·

2404 4827 2598 4885 turalis
2638 4826 2741 4882 lex.
2775 4826 3032 4894 Quamvis
3062 4827 3206 4881 enim
3236 4826 3285 4880 in
3316 4824 3422 4882 hoc
3450 4824 3699 4882 dill'erant
3726 4825 3795 4882 ab
3822 4828 4004 4882 insen·

2402 4915 2668 4988 sibilibus,
2700 4914 2851 4988 quod
2880 4930 2989 4970 non
3016 4913 3133 4970 solo
3162 4915 3402 4987 pondere
3431 4919 3682 4987 naturae,
3716 4914 3810 4981 sed
3839 4915 4002 4972 etiam

2400 5006 2713 5078 cognitione
2754 5011 2809 5061 et
2843 5004 3111 5061 instinctu
3153 5003 3390 5060 naturali
3427 5003 3746 5076 ducuntur,
3788 5005 3885 5078 qui
3919 5007 4003 5062 in-

2402 5095 2642 5152 stinctus
2668 5100 2756 5151 est
2780 5091 2889 5148 illis
2922 5092 3080 5166 quasi
3109 5092 3219 5164 lex,
3250 5099 3309 5149 et
3332 5090 3439 5149 bac
3456 5083 3679 5150 -ratione
3704 5093 3878 5164 possit
3902 5093 4000 5151 ali-

2399 5182 2631 5256 qualiter
2664 5182 2921 5240 sustineri
2960 5180 3047 5244 illa
3084 5181 3328 5240 secunda
3356 5181 3607 5253 acceptio
3638 5181 3999 5240 iurisconsul-
