4325 6267
1826 346 2039 397 CAPUT
2064 349 2137 397 X·

339 476 397 532 in
426 491 485 533 se
514 474 677 545 mala,
717 488 821 531 nec
850 472 1029 531 reddit
1053 479 1241 532 actum
1268 470 1605 547 malum,per
1632 486 1689 531 se
1719 470 1945 547 loquen-

340 565 433 623 do.
464 563 664 623 Deinde
704 563 1044 637 displicentia
1068 564 1230 621 etiam
1259 564 1587 636 voluntaria,
1615 571 1673 622 et
1692 579 1789 637 per
1810 579 1944 621 con·

341 674 567 715 sensum
619 654 981 723 deliberatum
1005 696 1021 725 ,
1062 654 1613 729 subdistinguendum
1650 662 1755 711 est.
1788 657 1939 713 -Nam

338 746 544 821 duplex
580 746 919 819 displicentia
948 748 1003 802 in
1038 746 1312 817 praesenti
1342 744 1565 820 intelligi
1594 750 1800 819 potest:
1834 759 1943 802 una

340 846 427 897 est
452 838 519 895 de
554 840 784 911 ipsamet
809 837 1189 894 observatione
1212 836 1577 909 praecept1,in
1604 851 1770 892 sensu
1792 850 1942 891 com·

340 932 518 1003 posito
550 928 643 1003 (ut
669 930 747 985 sic
776 924 1014 999 dicam),
1045 927 1175 999 quia
1199 942 1309 983 non
1339 926 1583 983 obstante
1608 924 1841 983 naturali
1865 924 1940 980 le·

340 1037 411 1095 ge
442 1012 711 1093 obligante
736 1058 753 1089 ,
792 1017 956 1074 vellet
994 1018 1115 1090 quis
1144 1032 1254 1073 non
1281 1031 1500 1073 servare
1531 1016 1675 1073 illam
1700 1058 1716 1088 ,
1760 1016 1806 1071 si
1830 1030 1941 1072 non

344 1114 564 1169 timeret
590 1124 850 1183 poenam,
880 1107 966 1165 vel
995 1107 1139 1165 aliud
1168 1114 1563 1179 nocumentum
1586 1147 1601 1172 ,
1645 1114 1707 1163 ut
1730 1105 1941 1187 dictum

342 1209 431 1260 est
447 1202 517 1259 de
551 1202 748 1259 timore
776 1199 1043 1256 serviliter
1063 1198 1503 1271 obtemperante3
1532 1206 1591 1256 et
1618 1197 1708 1255 hic
1740 1196 1941 1254 modus

342 1292 574 1352 includit
602 1292 955 1349 intrinsecam
992 1291 1411 1363 repugnantiam
1452 1304 1585 1347 cum
1624 1294 1937 1361 praecepto,

342 1390 401 1441 et
426 1382 545 1441 ideo
572 1391 657 1439 est
682 1382 973 1439 intrinsece
1001 1382 1201 1453 malus,
1226 1388 1283 1437 et
1310 1386 1502 1437 contra
1532 1379 1840 1437 naturalem
1862 1377 1941 1436 le-

342 1490 487 1547 gem.
522 1474 660 1541 Quia
686 1472 777 1529 illa
810 1471 1173 1544 displicentia,
1207 1470 1339 1529 licet
1364 1487 1472 1528 non
1502 1469 1759 1529 excludat
1784 1470 1942 1526 abso-

342 1563 519 1621 lutam
550 1562 887 1619 voluntatem
932 1560 1163 1618 faciendi
1196 1560 1311 1635 tale
1352 1577 1489 1633 opus
1517 1603 1533 1633 ,
1574 1558 1722 1634 quod
1763 1559 1943 1617 effica-

342 1655 467 1713 cius
495 1656 727 1726 imperat
754 1652 913 1709 timor
942 1650 1172 1724 servilis3
1203 1650 1441 1709 excludit
1462 1650 1812 1707 nihilominus
1842 1666 1941 1706 vo-

343 1744 611 1803 luntatem
649 1740 901 1799 servandi
944 1740 1119 1816 legem
1149 1785 1164 1813 ,
1206 1748 1264 1798 et
1303 1742 1645 1799 contrarium
1687 1742 1942 1798 affectum

344 1834 640 1907 supponit,
677 1836 772 1908 qui
800 1834 867 1891 de
897 1848 955 1889 se
982 1840 1127 1891 etex
1154 1838 1310 1905 parte
1330 1832 1629 1889 voluntatis
1658 1831 1943 1889 absolutus

343 1932 431 1983 est
452 1969 469 1997 ,
501 1925 627 1983 licet
673 1941 741 1982 ex
760 1914 931 1982 ‘metu
960 1924 1055 1981 fiat
1079 1922 1501 1981 conditionatos.
1534 1922 1653 1979 Alia
1680 1936 1809 1979 vero
1838 1920 1945 1978 dis-

343 2016 601 2089 plicentia
643 2030 767 2072 esse
806 2020 991 2087 potest
1030 2012 1096 2070 de
1136 2016 1431 2071 occasione
1474 2014 1575 2085 (ut
1612 2012 1691 2068 sic
1720 2010 1935 2087 dicam)

344 2106 464 2165 talis
492 2106 801 2178 praecepti,
840 2112 897 2161 et
923 2103 1073 2178 quod
1101 2119 1248 2160 nunc
1292 2110 1555 2161 occurrat
1594 2104 1715 2161 eius
1754 2117 1943 2159 neces-

344 2200 476 2254 sitas
500 2238 517 2270 ,
555 2203 611 2253 et
641 2196 777 2253 haec
804 2212 913 2253 non
941 2202 1025 2253 est
1050 2195 1345 2251 intrinsece
1390 2193 1533 2251 mala
1559 2234 1574 2262 ,
1616 2200 1673 2251 et
1700 2208 1830 2250 cum
1854 2193 1946 2251 illa

344 2294 488 2343 stare
516 2292 701 2359 potest
729 2285 1014 2343 absolutus
1044 2284 1274 2343 affectus
1290 2284 1541 2341 servandi
1560 2290 1939 2368 praeceptum,

343 2385 401 2435 et
424 2378 547 2436 ideo
576 2394 707 2435 cum
735 2377 827 2435 tali
853 2374 1191 2448 displicentia
1219 2381 1401 2447 potest
1428 2375 1656 2445 servari,
1686 2374 1817 2448 quia
1836 2390 1945 2432 non

343 2469 584 2527 excludit
616 2468 893 2528 sufficiens
920 2467 1288 2524 voluntarium
1307 2508 1323 2538 ,
1355 2472 1416 2523 ut
1442 2471 1679 2523 constat.

424 2566 477 2619 8.
510 2560 645 2619 Dico
672 2557 947 2617 secundo:
982 2556 1201 2631 operari
1228 2572 1296 2613 ex
1333 2557 1589 2629 scientia,
1618 2570 1717 2613 seu
1757 2554 1943 2631 cogni-

345 2654 491 2709 tione
519 2666 641 2707 esse
674 2650 855 2724 aliquo
882 2648 1045 2706 modo
1086 2649 1459 2706 necessarium
1500 2647 1567 2705 ad
1608 2646 1941 2705 servandum

344 2741 599 2800 naturale
639 2748 1011 2814 praeceptum.
1057 2740 1215 2799 Ratio
1257 2747 1383 2813 est,
1423 2740 1549 2814 quia
1588 2745 1941 2813 praeceptum

344 2848 450 2889 non
478 2838 736 2889 servatur
769 2831 870 2888 nisi
901 2846 997 2903 per
1024 2838 1213 2889 actum
1242 2833 1568 2904 humanum,
1600 2846 1709 2887 non
1737 2835 1822 2886 est
1838 2845 1940 2885 au-

349 2931 455 2981 tem
494 2930 656 2980 actus
700 2921 975 2979 humanus
1001 2963 1016 2994 ,
1054 2923 1155 2979 nisi
1191 2938 1259 2979 ex
1300 2922 1615 2997 cognitione
1654 2919 1939 2993 procedat,

344 3030 495 3087 ergo.
540 3014 709 3071 Maior
752 3012 879 3069 satis
921 3012 1147 3085 probata
1185 3019 1267 3071 est
1302 3013 1355 3069 in
1386 3011 1733 3085 praecedenti
1762 3025 1939 3067 asser-

226 3113 237 3122 ‘
347 3106 489 3163 tione
511 3145 527 3174 ,
557 3119 623 3160 ex
661 3119 773 3177 qua
800 3120 907 3159 non
938 3105 1118 3160 minus
1148 3104 1282 3161 haec
1311 3102 1624 3160 necessario
1669 3102 1936 3177 sequitur.

344 3198 415 3253 Et
440 3196 793 3253 confirmatur
815 3239 830 3268 ,
868 3196 995 3269 quia
1023 3194 1238 3253 videtur
1264 3195 1504 3270 cognitio
1534 3197 1849 3251 necessaria
1874 3195 1941 3253 ad

345 3292 697 3359 praeceptum
732 3285 1089 3359 implendum,
1120 3302 1287 3359 quam
1314 3284 1383 3351 sd
1403 3285 1936 3360 transgrediendum,

348 3376 442 3435 sed
479 3376 546 3434 ad
578 3376 1091 3450 transgrediendum
1115 3364 1547 3434 est'necessaria
1573 3378 1812 3449 cognitio
1842 3378 1939 3435 ali-

345 3485 496 3542 qua,
534 3484 685 3543 ergo.
735 3470 936 3526 Dices:
976 3470 1089 3525 lmo
1138 3467 1431 3541 aliquando
1477 3469 1536 3523 fit
1578 3470 1939 3543 transgressio

346 3560 621 3631 praecepti
657 3559 770 3615 sine
797 3558 1131 3631 cognitione,
1159 3574 1259 3629 per
1287 3559 1667 3631 ignorantiam.
1695 3560 1941 3631 Respon-

342 3650 536 3723 detur,
578 3650 772 3707 saltem
820 3636 956 3707 esse‘
978 3652 1341 3707 necessariam
1383 3650 1663 3707 scientiam
1703 3650 1937 3709 debitam

343 3748 399 3798 et
423 3741 767 3815 possibilem,
806 3746 861 3798 et
897 3756 995 3814 per
1036 3741 1419 3815 negligentiam
1458 3743 1755 3799 omissam:
1801 3741 1937 3800 baec

343 3838 527 3889 autem
558 3831 757 3889 sufficit
795 3830 863 3887 ad
904 3830 1389 3904 transgressionem
1414 3873 1429 3896 ,
1468 3832 1595 3905 quia
1634 3833 1840 3891 malum
1868 3849 1939 3891 ex

344 3936 699 3995 quocumque
730 3921 971 3996 defectu3
1001 3922 1226 3994 implere
1256 3928 1439 3979 autem
1466 3930 1823 3995 praeceptum
1851 3930 1942 3982 est

344 4012 619 4088 quoddam
651 4012 886 4084 bonum,
918 4018 975 4069 et
997 4012 1118 4069 ideo
1148 4013 1409 4087 integram
1434 4028 1659 4071 causam
1679 4014 1935 4089 requirit,

343 4102 413 4162 ad
440 4118 607 4178 quam
643 4102 878 4175 pertinet
902 4103 1165 4175 cognitio.

422 4198 477 4252 9.
521 4194 624 4250 Est
663 4199 847 4250 autem
886 4192 1320 4267 advertendum,
1375 4192 1514 4250 banc
1566 4195 1933 4268 cognitionem

343 4284 623 4359 duplicem
655 4290 777 4341 esse
802 4300 966 4357 posse
994 4327 1008 4355 ,
1053 4284 1263 4342 scilicet
1290 4327 1305 4357 ,
1344 4284 1427 4341 vel
1472 4290 1631 4343 actus
1659 4288 1937 4358 praecepti

344 4375 652 4450 secundum
680 4389 771 4443 se,
798 4382 854 4431 et
880 4374 945 4431 de
972 4373 1076 4432 bac
1104 4375 1337 4432 maxime
1361 4374 1673 4447 procedunt
1695 4377 1935 4433 rationes

344 4467 555 4541 sactae3
584 4479 709 4521 nam
737 4470 975 4535 constat,
1006 4466 1372 4538 cognitionem
1404 4470 1564 4521 actus
1593 4481 1713 4522 esse
1741 4480 1932 4523 neces-

344 4558 543 4615 sariam
562 4598 579 4629 ,
614 4563 678 4612 ut
704 4555 1011 4614 voluntarie
1038 4556 1157 4627 liat,
1189 4555 1316 4629 quia
1342 4556 1577 4629 cognitio
1617 4563 1707 4615 est
1732 4558 1937 4630 princi-

344 4648 494 4719 pium
520 4647 693 4718 ipsius
729 4645 1034 4702 voluntarii.
1066 4644 1173 4703 Sed
1210 4646 1370 4704 obiici
1409 4652 1633 4719 potest,
1674 4664 1799 4705 nam
1838 4648 1935 4721 qui

344 4738 604 4813 ignorans
634 4736 719 4793 vel
747 4737 945 4793 invitus
972 4737 1104 4794 fecit
1129 4742 1341 4808 actum,
1369 4752 1477 4794 non
1502 4743 1723 4795 tenetur
1747 4745 1935 4811 postea

344 4830 541 4886 iterum
582 4828 794 4901 facere,
838 4841 970 4900 ergo
1012 4826 1225 4900 signum
1265 4834 1384 4901 est,
1426 4828 1733 4900 implevisse
1779 4846 1935 4901 prae-

344 4926 587 4993 ceptum.
619 4917 959 4976 Antecedens
987 4923 1173 4991 patet,
1214 4933 1342 4975 nam
1383 4919 1427 4975 si
1470 4920 1743 4977 restitutio
1785 4920 1935 4977 sacta

343 5020 448 5081 est,
478 5010 722 5068 debitore
752 5010 939 5082 invito,
970 5009 1182 5067 debitor
1212 5009 1346 5067 liber
1372 5017 1556 5068 manet
1576 5010 1644 5067 ab
1665 5027 1827 5068 onere
1848 5025 1934 5068 re-

345 5101 633 5159 stituendi:
666 5101 794 5158 item
822 5102 871 5157 si
897 5098 1091 5158 eodem
1120 5099 1283 5158 modo
1311 5099 1553 5157 decimae
1594 5101 1807 5159 solutae
1847 5101 1933 5159 vel

344 5194 525 5266 potius
552 5198 836 5251 extractae
867 5198 1001 5249 sunt
1026 5208 1059 5249 a
1086 5192 1323 5265 nolente,
1350 5207 1460 5249 non
1483 5198 1703 5250 tenetur
1730 5194 1933 5251 iterum

346 5284 589 5343 solvere:
622 5284 753 5341 item
782 5284 825 5341 si
857 5282 1203 5360 eleemosyna
1230 5282 1357 5342 data
1382 5291 1468 5343 est
1504 5284 1572 5341 ab
1598 5283 1781 5359 ebrio,
1812 5300 1933 5342 ces-

3404 330 3525 398 115

2015 478 2099 530 sat
2124 478 2316 545 postea
2345 472 2624 549 obligatio.
2661 473 2904 547 Denique
2944 472 2999 530 in
3028 473 3330 547 praeceptis
3358 474 3598 546 positivis

2016 564 2157 623 idem
2183 573 2301 639 est,
2330 572 2395 621 ut
2422 566 2589 638 siquis
2618 564 2803 623 audiat
2829 566 3040 623 Missam
3068 571 3318 637 coactus,
3351 566 3436 623 vel
3461 568 3598 624 ieiu-

2013 663 2109 715 net
2134 664 2333 715 contra
2362 672 2520 714 suam
2550 655 2910 727 voluntatem,
2942 656 3069 737 quia
3095 657 3343 729 privatur
3369 656 3526 731 cibis,
3548 662 3606 715 et

2014 747 2233 805 similia.
2268 745 2614 819 Respondes,
2645 748 2700 804 in
2730 745 2814 803 his
2841 748 3090 805 omnibus
3119 748 3340 805 casibus
3360 764 3470 806 non
3491 764 3604 807 ser-

2007 840 2126 895 vari
2156 844 2448 910 praecepta
2469 836 2763 909 naturalia,
2777 840 2906 909 quia
2925 839 3448 912 graviter-peccatur
3468 857 3602 897 con-

2008 934 2096 986 tra
2118 927 2226 985 illa.
2257 928 2408 987 Unde
2433 927 2498 984 ad
2523 933 2916 1001 argumentum
2936 934 3166 1002 negatur
3188 932 3601 1007 consequentia,

2010 1020 2140 1092 quia
2179 1019 2234 1075 in
2263 1018 2366 1075 illis
2396 1018 2619 1075 casibus
2651 1024 3008 1090 praeceptum
3036 1027 3226 1091 postea
3252 1037 3359 1077 non
3381 1022 3606 1097 obligat,

2010 1125 2121 1167 non
2151 1111 2282 1183 quia
2308 1110 2412 1166 suit
2438 1107 2744 1181 impletum,
2780 1107 2876 1166 sed
2904 1109 3032 1183 quia
3053 1109 3338 1167 subtracta
3367 1113 3473 1170 fuit
3491 1128 3608 1170 ma-

2008 1202 2143 1259 teria
2172 1202 2315 1258 eius.
2346 1202 2418 1259 Ut
2445 1205 2632 1257 cessat
2660 1200 2916 1273 obligatio
2953 1201 3274 1258 restituendi
3301 1242 3316 1273 ,
3359 1204 3488 1275 quia
3513 1220 3610 1261 ex-

2010 1292 2244 1349 tinctum
2275 1292 2378 1348 suit
2405 1291 2657 1349 debitum
2688 1306 2787 1363 per
2814 1306 2928 1347 rem
2957 1291 3164 1363 ipsam,
3195 1294 3409 1349 etiamsi
3430 1294 3498 1351 ab
3525 1296 3606 1350 in-

2016 1383 2131 1439 vito
2160 1382 2330 1439 fuerit
2356 1388 2633 1454 extracta,
2665 1382 2795 1456 quia
2826 1388 2889 1438 ut
2916 1380 3158 1439 debitum
3186 1382 3413 1440 tollatur
3439 1428 3454 1455 ,
3496 1401 3607 1443 non

2019 1477 2105 1531 est
2132 1488 2348 1543 semper
2375 1472 2685 1529 necessaria
2729 1471 2984 1529 voluntas
3025 1471 3289 1530 debitoris
3313 1514 3332 1544 ,
3375 1480 3441 1531 ut
3477 1490 3612 1531 con-

2015 1568 2142 1620 stat.
2177 1563 2326 1620 Idem
2355 1578 2486 1620 cum
2513 1563 2868 1636 proportione
2890 1568 2975 1620 est
3000 1565 3056 1619 in
3078 1563 3350 1622 solutione
3371 1564 3608 1625 decima-

2010 1668 2137 1711 rum
2167 1695 2182 1726 ,
2224 1659 2282 1709 et
2323 1652 2390 1711 de
2432 1652 2776 1731 eleemosyna
2815 1653 2958 1711 idem
2998 1656 3178 1713 statim
3221 1654 3488 1713 dicemus.
3530 1659 3608 1715 De

2012 1743 2323 1815 praeceptis
2365 1748 2551 1800 autem
2593 1743 2839 1815 positivis
2881 1742 3130 1803 dicemus
3170 1743 3307 1802 libro
3339 1749 3608 1822 sequenti3

2010 1848 2157 1889 nunc
2190 1832 2347 1906 dico,
2382 1832 2474 1890 illo
2505 1832 2668 1891 modo
2697 1849 2886 1891 coram
2917 1836 3028 1892 Deo
3067 1851 3177 1891 non
3216 1835 3424 1909 impleri
3453 1854 3612 1911 prae-

2012 1928 2236 1996 ceptum
2256 1961 2274 1995 ,
2304 1926 2357 1979 in
2388 1924 2644 1982 exteriori
2674 1930 2863 2001 autem
2887 1924 3008 1983 lore
3035 1925 3244 1999 impleri
3273 1926 3343 1984 ad
3369 1928 3611 1986 evaden-

2012 2013 2143 2070 dam
2183 2028 2414 2085 poenam
2441 2054 2457 2083 ,
2498 2012 2798 2071 dummodo
2845 2020 3007 2071 actus
3053 2023 3382 2090 praeceptus
3423 2018 3606 2092 quoad

2016 2105 2384 2163 substantiam
2409 2105 2520 2162 liat.
2551 2107 2686 2163 Nam
2715 2106 2886 2180 siquis
2914 2122 3011 2178 per
3045 2106 3154 2163 vim
3195 2106 3268 2163 ita
3306 2107 3449 2165 adsit
3487 2110 3611 2167 Mis-

2013 2212 2138 2269 sae,
2181 2202 2377 2254 utnon
2406 2195 2681 2269 attendat,
2712 2197 2873 2255 etiam
2913 2198 3152 2255 exterius
3192 2213 3302 2255 non
3339 2200 3605 2271 implebit:

2011 2294 2069 2345 et
2092 2286 2284 2345 eadem
2323 2288 2536 2345 ratione
2565 2287 2737 2361 siquis
2773 2288 2957 2345 ebrius
2997 2288 3142 2363 legat
3178 2294 3354 2347 totum
3392 2292 3611 2350 Brevia·

2010 2377 2155 2436 rium
2177 2419 2192 2449 ,
2221 2376 2354 2434 nihil
2381 2377 2589 2452 implet,
2619 2378 2746 2451 quia
2772 2393 2882 2435 non
2912 2378 3130 2453 recitat,
3159 2386 3217 2437 et
3243 2379 3362 2439 ideo
3388 2386 3610 2441 tenetur

2010 2474 2205 2542 postea
2231 2468 2481 2525 recitare.

2096 2565 2190 2641 ‚¹0·
2225 2558 2395 2616 Aliter
2423 2574 2554 2616 vero
2592 2572 2714 2615 esse
2752 2563 2934 2631 potest
2970 2574 3150 2617 sermo
3190 2558 3260 2617 de
3298 2561 3614 2635 cognitione

2012 2651 2187 2723 ipsius
2215 2651 2528 2724 praecepti,
2561 2648 2612 2707 id
2640 2655 2742 2721 est,
2765 2650 2918 2723 quod
2944 2651 3065 2708 talis
3094 2658 3252 2710 actus
3279 2664 3610 2726 praeceptus

2016 2741 2103 2797 sit.
2134 2741 2206 2797 Et
2233 2742 2316 2797 sic
2344 2745 2666 2813 potestesse
2693 2738 2919 2798 dubium
2946 2782 2964 2814 ,
3001 2756 3069 2798 an
3108 2742 3232 2798 talis
3261 2743 3507 2817 cognitio
3539 2744 3611 2803 sit

2013 2832 2324 2889 necessaria
2351 2830 2418 2887 ad
2451 2829 2788 2903 implendum
2813 2833 3340 2906 praeceptum,quia
3370 2832 3484 2890 sine
3510 2834 3606 2893 tali

2011 2922 2330 2997 cognitione
2359 2927 2542 2995 potest
2568 2922 2680 2977 lieri
2706 2926 2866 2978 actus
2907 2922 3216 2991 humanus,
3258 2930 3317 2980 et
3353 2924 3604 3000 moralis,

2012 3016 2108 3088 qui
2138 3008 2468 3086 praeceptus
2495 3019 2600 3070 est.
2631 3011 2736 3071 Sed
2765 3012 2870 3070 boc
2893 3012 3031 3070 sorte
3054 3012 3218 3072 habet
3240 3015 3478 3089 aliquam
3505 3016 3608 3074 dis-

2010 3104 2309 3162 ticultatem
2336 3104 2390 3160 in
2421 3104 2539 3178 lege
2567 3103 2825 3177 positiva,
2856 3102 2924 3161 de
2951 3120 3062 3179 qua
3090 3104 3226 3161 infra
3255 3106 3610 3166 dicemu8.1n

2010 3194 2282 3267 praesenti
2311 3200 2496 3251 autem
2525 3194 2764 3251 breviter
2792 3193 2913 3252 dico
2941 3236 2957 3263 ,
3001 3195 3117 3252 sine
3159 3195 3254 3253 tali
3296 3198 3610 3271 cognitione

2012 3302 2176 3358 posse
2203 3284 2479 3343 observari
2510 3290 2868 3358 praeceptum
2883 3285 3038 3359 quasi
3059 3286 3604 3361 materialiter‚quod

2013 3375 2249 3432 sufficiet
2287 3373 2356 3431 ad
2397 3390 2510 3432 non
2552 3373 2896 3447 peccandum
2925 3374 3132 3433 directe
3157 3383 3354 3435 contra
3379 3393 3607 3451 praece·
3705 3394 3708 3397 ’
3759 3370 3766 3377 ’

2010 3473 2170 3540 ptum
2191 3507 2206 3537 ,
2240 3473 2304 3523 ut
2331 3465 2528 3539 probat
2552 3466 2696 3522 ratio
2723 3466 2887 3536 facta3
2919 3464 3269 3524 nibilominus
3292 3473 3470 3525 tamen
3494 3486 3607 3529 non

2006 3557 2218 3629 impleri
2249 3564 2382 3615 tunc
2411 3563 2767 3630 praeceptum
2793 3557 3113 3630 formaliter,
3143 3563 3201 3615 et
3227 3558 3466 3617 humano
3489 3576 3606 3617 mo-

2006 3647 2101 3721 do,
2133 3655 2298 3722 atque
2334 3649 2408 3705 ita
2434 3646 2796 3721 cognitionem
2815 3646 2964 3705 illam
2985 3664 3106 3706 esse
3127 3652 3512 3724 necessariam,
3537 3658 3605 3711 ut

2008 3740 2129 3797 talis
2157 3745 2317 3797 actus
2352 3740 2421 3797 sit
2444 3738 2718 3796 humanus
2740 3739 2795 3795 in
2815 3737 3002 3796 ordine
3029 3738 3100 3796 ad
3119 3743 3395 3813 praecepti
3419 3741 3605 3799 obser-

2008 3830 2306 3902 vationem,
2331 3831 2486 3887 iuxta
2507 3828 2649 3886 dicta
2667 3830 2722 3885 in
2745 3828 3088 3902 praecedenti
3111 3831 3429 3888 assertione.
3445 3834 3602 3891 Unde

2011 3922 2055 3978 si
2090 3922 2395 3994 contingat,
2423 3919 2663 3994 aliquem
2689 3920 2926 3977 scienter
2965 3920 3098 3978 dare
3123 3921 3518 3999 eleemosynam
3535 3940 3604 3983 eo

2009 4018 2258 4084 tempore
2277 4052 2293 4081 ,
2324 4026 2436 4085 quo
2464 4017 2818 4084 praeceptum
2845 4012 3096 4070 naturale
3123 4013 3420 4087 obligabat,
3451 4016 3604 4089 igno-

2007 4118 2137 4160 rans
2165 4102 2310 4159 illam
2341 4100 2757 4175 obligationem,
2798 4104 3044 4175 quamvis
3087 4117 3196 4159 non
3239 4106 3602 4178 transgredia-

2006 4200 2101 4251 tur
2130 4199 2632 4266 praeceptum,non
2662 4198 2843 4264 potest
2867 4192 2975 4250 dici
3005 4194 3224 4267 proprie
3252 4194 3383 4251 illud
3413 4196 3602 4270 imple·

2006 4301 2098 4352 re,
2132 4284 2261 4358 quia
2289 4284 2342 4340 in
2371 4282 2562 4341 ordine
2588 4283 2656 4340 ad
2683 4290 3038 4356 praeceptum
3063 4324 3080 4357 ,
3125 4299 3261 4341 casu
3291 4326 3306 4358 ,
3347 4291 3403 4343 et
3439 4289 3602 4361 quasi

2004 4390 2101 4448 per
2128 4373 2388 4432 accidens
2416 4373 2466 4431 id
2493 4374 2645 4431 lacit.
2679 4374 2794 4431 lmo
2832 4379 3016 4445 posset
3057 4374 3338 4449 accidere,
3370 4376 3419 4433 si
3445 4378 3598 4452 igno-

2003 4468 2185 4523 rantia
2211 4472 2358 4523 esset
2384 4464 2666 4535 vincibilis,
2681 4472 2745 4521 ut
2764 4471 3022 4537 peccaret
3040 4473 3176 4523 tunc
3195 4472 3390 4524 contra
3416 4468 3597 4540 ipsum

2003 4562 2393 4631 praeceptum,
2426 4555 2554 4629 quia
2580 4570 2648 4612 ex
2675 4556 2728 4611 vi
2763 4555 3158 4629 dispositionis,
3191 4572 3292 4613 seu
3331 4560 3598 4632 cognitio·

2001 4648 2087 4705 nis
2116 4646 2412 4722 praesentis
2439 4645 2623 4719 potuit
2650 4661 2708 4703 se
2732 4661 3004 4719 exponere
3043 4646 3287 4719 periculo
3321 4654 3597 4723 transgre-
3661 4664 3668 4670 ·

2004 4738 2182 4796 diendi
2220 4744 2574 4811 praeceptum
2594 4779 2610 4809 ,
2640 4751 2706 4794 eo
2748 4736 2900 4810 quod
2939 4737 3173 4794 nesciret
3212 4736 3594 4812 obligationem

2004 4831 2143 4889 eius.
2177 4831 2363 4888 Dices:
2395 4829 2497 4897 Qui
2523 4827 2854 4902 ignorando,
2885 4846 2939 4885 v.
2972 4843 3028 4902 g.
3061 4836 3412 4903 praeceptum
3453 4832 3596 4890 elee-

2002 4938 2294 4999 mosynae,
2327 4926 2515 4978 actum
2540 4919 2656 4977 eius
2683 4920 2842 4995 tecit,
2875 4926 3062 4992 postea
3099 4936 3208 4977 non
3245 4926 3464 4979 tenetur
3491 4924 3594 4981 ite-

2001 5029 2125 5071 rum
2176 5012 2306 5069 dare
2345 5011 2745 5088 eleemosynam
2766 5053 2781 5084 ,
2821 5010 3030 5068 etiamsi
3065 5014 3329 5085 agnoscat
3367 5030 3594 5085 praece-

2002 5110 2194 5175 ptum,
2219 5116 2356 5175 ergo
2388 5100 2603 5191 signum
2626 5106 2742 5174 est,
2773 5100 3076 5174 implevisse
3103 5084 3253 5159 illud.
3283 5104 3593 5183 Responde-

2002 5201 2095 5251 tur
2122 5209 2194 5250 ex
2220 5192 2380 5250 dictis
2410 5191 2656 5265 negando
2682 5192 3130 5266 consequentiam
3158 5234 3174 5265 ,
3213 5194 3342 5266 quia
3367 5211 3592 5267 pracce-

2002 5292 2097 5359 pta
2125 5284 2448 5343 affirmativa
2471 5299 2581 5341 non
2608 5282 2850 5360 obligant
2875 5299 2976 5358 pro
3003 5298 3250 5360 semper,
3279 5283 3377 5343 sed
3401 5301 3590 5345 neces-
