<?xml version="1.0" encoding="UTF-8"?>
<!DOCTYPE html PUBLIC "-//W3C//DTD XHTML 1.0 Transitional//EN"
    "http://www.w3.org/TR/xhtml1/DTD/xhtml1-transitional.dtd">
<html xmlns="http://www.w3.org/1999/xhtml" xml:lang="en" lang="en">
 <head>
  <title>
</title>
<meta http-equiv="Content-Type" content="text/html;charset=utf-8" />
  <meta name='ocr-system' content='tesseract 3.04.00' />
  <meta name='ocr-capabilities' content='ocr_page ocr_carea ocr_par ocr_line ocrx_word'/>
</head>
<body>
  <div class='ocr_page' id='page_1' title='image "./tractatusdelegi01sugoog_0018.png"; bbox 0 0 4325 6267; ppageno 0'>
   <div class='ocr_carea' id='block_1_1' title="bbox 893 348 2576 409">
    <p class='ocr_par' dir='ltr' id='par_1_1' title="bbox 893 348 2576 409">
     <span class='ocr_line' id='line_1_1' title="bbox 893 348 2576 409; baseline -0.001 -1"><span class='ocrx_word' id='word_1_1' title='bbox 893 348 934 408; x_wconf 89' lang='grc'><strong>6</strong></span> <span class='ocrx_word' id='word_1_2' title='bbox 2300 360 2499 409; x_wconf 71' lang='lat' dir='ltr'><strong>unm</strong></span> <span class='ocrx_word' id='word_1_3' title='bbox 2526 362 2576 408; x_wconf 88' lang='lat'><strong>1.</strong></span> 
     </span>
    </p>
   </div>
   <div class='ocr_carea' id='block_1_2' title="bbox 805 478 4050 558">
    <p class='ocr_par' dir='ltr' id='par_1_2' title="bbox 805 478 4050 558">
     <span class='ocr_line' id='line_1_2' title="bbox 805 478 4050 558; baseline -0.004 -13"><span class='ocrx_word' id='word_1_4' title='bbox 805 487 1027 545; x_wconf 89' lang='lat' dir='ltr'><strong>dicatur</strong></span> <span class='ocrx_word' id='word_1_5' title='bbox 1079 505 1109 545; x_wconf 86' lang='lat' dir='ltr'><strong>a</strong></span> <span class='ocrx_word' id='word_1_6' title='bbox 1157 486 1418 558; x_wconf 85' lang='lat' dir='ltr'><strong>iubendo;</strong></span> <span class='ocrx_word' id='word_1_7' title='bbox 1469 502 1594 543; x_wconf 91' lang='lat' dir='ltr'><strong>nam</strong></span> <span class='ocrx_word' id='word_1_8' title='bbox 1643 490 1869 544; x_wconf 72' lang='lat' dir='ltr'><strong>iussum</strong></span> <span class='ocrx_word' id='word_1_9' title='bbox 1915 486 2267 558; x_wconf 79' lang='lat' dir='ltr'><strong>participium</strong></span> <span class='ocrx_word' id='word_1_10' title='bbox 2316 491 2403 541; x_wconf 87' lang='lat' dir='ltr'><strong>est</strong></span> <span class='ocrx_word' id='word_1_11' title='bbox 2472 485 2727 541; x_wconf 80' lang='lat' dir='ltr'><strong>iniustus.</strong></span> <span class='ocrx_word' id='word_1_12' title='bbox 2762 484 2832 541; x_wconf 91' lang='lat' dir='ltr'><strong>Et</strong></span> <span class='ocrx_word' id='word_1_13' title='bbox 2860 486 2935 540; x_wconf 86' lang='lat' dir='ltr'><strong>ita</strong></span> <span class='ocrx_word' id='word_1_14' title='bbox 2960 483 3122 539; x_wconf 87' lang='lat' dir='ltr'><strong>etiam</strong></span> <span class='ocrx_word' id='word_1_15' title='bbox 3150 480 3357 538; x_wconf 87' lang='lat' dir='ltr'><strong>dixitin</strong></span> <span class='ocrx_word' id='word_1_16' title='bbox 3386 479 3629 538; x_wconf 82' lang='lat' dir='ltr'><strong>secundo</strong></span> <span class='ocrx_word' id='word_1_17' title='bbox 3648 478 3772 537; x_wconf 87' lang='lat' dir='ltr'><strong>loco</strong></span> <span class='ocrx_word' id='word_1_18' title='bbox 3794 478 4050 551; x_wconf 83' lang='lat' dir='ltr'><strong>allegato:</strong></span> 
     </span>
    </p>
   </div>
   <div class='ocr_carea' id='block_1_3' title="bbox 803 574 2400 5306">
    <p class='ocr_par' dir='ltr' id='par_1_3' title="bbox 805 574 2398 993">
     <span class='ocr_line' id='line_1_3' title="bbox 811 574 2393 647; baseline 0.001 -17"><span class='ocrx_word' id='word_1_19' title='bbox 811 576 958 634; x_wconf 85' lang='lat' dir='ltr'><strong>verbi</strong></span> <span class='ocrx_word' id='word_1_20' title='bbox 995 576 1200 643; x_wconf 82' lang='lat' dir='ltr'><strong>Iubeo,</strong></span> <span class='ocrx_word' id='word_1_21' title='bbox 1251 583 1308 632; x_wconf 90' lang='lat' dir='ltr'><strong>et</strong></span> <span class='ocrx_word' id='word_1_22' title='bbox 1347 576 1392 631; x_wconf 90' lang='lat' dir='ltr'><strong>si</strong></span> <span class='ocrx_word' id='word_1_23' title='bbox 1436 591 1467 631; x_wconf 90' lang='lat' dir='ltr'><strong>a</strong></span> <span class='ocrx_word' id='word_1_24' title='bbox 1503 577 1792 647; x_wconf 89' lang='lat' dir='ltr'><strong>participio</strong></span> <span class='ocrx_word' id='word_1_25' title='bbox 1827 577 2058 631; x_wconf 76' lang='lat' dir='ltr'><strong>iussum</strong></span> <span class='ocrx_word' id='word_1_26' title='bbox 2096 574 2393 631; x_wconf 87' lang='lat' dir='ltr'><strong>secundam</strong></span> 
     </span>
     <span class='ocr_line' id='line_1_4' title="bbox 809 664 2398 740; baseline 0.001 -19"><span class='ocrx_word' id='word_1_27' title='bbox 809 664 1072 740; x_wconf 76' lang='lat' dir='ltr'><strong>syllabam</strong></span> <span class='ocrx_word' id='word_1_28' title='bbox 1113 664 1432 736; x_wconf 87' lang='lat' dir='ltr'><strong>demamus,</strong></span> <span class='ocrx_word' id='word_1_29' title='bbox 1476 664 1562 722; x_wconf 89' lang='lat' dir='ltr'><strong>ius</strong></span> <span class='ocrx_word' id='word_1_30' title='bbox 1603 664 1967 737; x_wconf 79' lang='lat' dir='ltr'>relinquitur,</span> <span class='ocrx_word' id='word_1_31' title='bbox 2011 664 2096 720; x_wconf 85' lang='lat' dir='ltr'><strong>vel</strong></span> <span class='ocrx_word' id='word_1_32' title='bbox 2136 670 2323 733; x_wconf 89' lang='lat' dir='ltr'><strong>certe,</strong></span> <span class='ocrx_word' id='word_1_33' title='bbox 2356 668 2398 723; x_wconf 82' lang='lat' dir='ltr'><strong>si</strong></span> 
     </span>
     <span class='ocr_line' id='line_1_5' title="bbox 808 751 2396 831; baseline -0.001 -22"><span class='ocrx_word' id='word_1_34' title='bbox 808 753 930 811; x_wconf 89' lang='lat' dir='ltr'><strong>illas</strong></span> <span class='ocrx_word' id='word_1_35' title='bbox 975 753 1112 810; x_wconf 88' lang='lat' dir='ltr'><strong>duas</strong></span> <span class='ocrx_word' id='word_1_36' title='bbox 1159 753 1394 831; x_wconf 83' lang='lat' dir='ltr'><strong>syllabas</strong></span> <span class='ocrx_word' id='word_1_37' title='bbox 1442 751 1687 827; x_wconf 87' lang='lat' dir='ltr'><strong>dividas,</strong></span> <span class='ocrx_word' id='word_1_38' title='bbox 1731 755 2026 811; x_wconf 88' lang='lat' dir='ltr'><strong>orationem</strong></span> <span class='ocrx_word' id='word_1_39' title='bbox 2068 755 2396 824; x_wconf 75' lang='lat' dir='ltr'><strong>constitues,</strong></span> 
     </span>
     <span class='ocr_line' id='line_1_6' title="bbox 805 843 2391 917; baseline 0.001 -19"><span class='ocrx_word' id='word_1_40' title='bbox 805 859 916 915; x_wconf 88' lang='lat' dir='ltr'><strong>qua</strong></span> <span class='ocrx_word' id='word_1_41' title='bbox 949 844 1126 915; x_wconf 92' lang='lat' dir='ltr'><strong>ipsum</strong></span> <span class='ocrx_word' id='word_1_42' title='bbox 1157 846 1372 901; x_wconf 88' lang='lat' dir='ltr'><strong>iussum</strong></span> <span class='ocrx_word' id='word_1_43' title='bbox 1401 859 1500 901; x_wconf 86' lang='lat' dir='ltr'><strong>seu</strong></span> <span class='ocrx_word' id='word_1_44' title='bbox 1530 844 1813 917; x_wconf 90' lang='lat' dir='ltr'><strong>imperium</strong></span> <span class='ocrx_word' id='word_1_45' title='bbox 1842 843 2018 914; x_wconf 90' lang='lat' dir='ltr'><strong>dicat,</strong></span> <span class='ocrx_word' id='word_1_46' title='bbox 2048 860 2106 899; x_wconf 87' lang='lat' dir='ltr'><strong>se</strong></span> <span class='ocrx_word' id='word_1_47' title='bbox 2134 860 2257 900; x_wconf 87' lang='lat' dir='ltr'><strong>esse</strong></span> <span class='ocrx_word' id='word_1_48' title='bbox 2286 845 2391 912; x_wconf 90' lang='lat' dir='ltr'><strong>ius,</strong></span> 
     </span>
     <span class='ocr_line' id='line_1_7' title="bbox 805 934 1982 993; baseline -0.005 -5"><span class='ocrx_word' id='word_1_49' title='bbox 805 948 906 989; x_wconf 80' lang='lat' dir='ltr'><strong>seu</strong></span> <span class='ocrx_word' id='word_1_50' title='bbox 945 934 1032 989; x_wconf 89' lang='lat' dir='ltr'><strong>ius</strong></span> <span class='ocrx_word' id='word_1_51' title='bbox 1058 949 1202 989; x_wconf 84' lang='lat' dir='ltr'><strong>sum.</strong></span> <span class='ocrx_word' id='word_1_52' title='bbox 1711 984 1718 993; x_wconf 78' lang='grc'>,</span> <span class='ocrx_word' id='word_1_53' title='bbox 1977 939 1982 945; x_wconf 77' lang='grc'><em>·</em></span> 
     </span>
    </p>

    <p class='ocr_par' dir='ltr' id='par_1_4' title="bbox 803 1020 2400 3874">
     <span class='ocr_line' id='line_1_8' title="bbox 887 1020 2394 1109; baseline 0 -30"><span class='ocrx_word' id='word_1_54' title='bbox 887 1027 943 1079; x_wconf 99' lang='grc'><strong>2.</strong></span> <span class='ocrx_word' id='word_1_55' title='bbox 974 1023 1154 1109; x_wconf 69' lang='lat' dir='ltr'><strong>Tertia</strong></span> <span class='ocrx_word' id='word_1_56' title='bbox 1180 1020 1444 1079; x_wconf 80' lang='lat' dir='ltr'><strong>derivatio</strong></span> <span class='ocrx_word' id='word_1_57' title='bbox 1475 1029 1592 1095; x_wconf 86' lang='lat' dir='ltr'><strong>est,</strong></span> <span class='ocrx_word' id='word_1_58' title='bbox 1633 1029 1696 1086; x_wconf 89' lang='lat' dir='ltr'><strong>ut</strong></span> <span class='ocrx_word' id='word_1_59' title='bbox 1723 1024 1809 1080; x_wconf 92' lang='lat' dir='ltr'><strong>ius</strong></span> <span class='ocrx_word' id='word_1_60' title='bbox 1846 1039 1878 1079; x_wconf 90' lang='lat' dir='ltr'><strong>a</strong></span> <span class='ocrx_word' id='word_1_61' title='bbox 1915 1024 2120 1080; x_wconf 85' lang='lat' dir='ltr'><strong>iustitia</strong></span> <span class='ocrx_word' id='word_1_62' title='bbox 2156 1022 2394 1095; x_wconf 79' lang='lat' dir='ltr'><strong>dicatur3</strong></span> 
     </span>
     <span class='ocr_line' id='line_1_9' title="bbox 805 1111 2399 1185; baseline 0.001 -18"><span class='ocrx_word' id='word_1_63' title='bbox 805 1113 890 1168; x_wconf 84' lang='lat' dir='ltr'><strong>sic</strong></span> <span class='ocrx_word' id='word_1_64' title='bbox 926 1116 1068 1169; x_wconf 85' lang='lat' dir='ltr'><strong>enim</strong></span> <span class='ocrx_word' id='word_1_65' title='bbox 1097 1112 1232 1169; x_wconf 80' lang='lat' dir='ltr'><strong>dixit</strong></span> <span class='ocrx_word' id='word_1_66' title='bbox 1257 1113 1519 1185; x_wconf 89' lang='lat' dir='ltr'><strong>Ulpianus</strong></span> <span class='ocrx_word' id='word_1_67' title='bbox 1550 1113 1588 1168; x_wconf 94' lang='grc' dir='ltr'><strong>Ι.</strong></span> <span class='ocrx_word' id='word_1_68' title='bbox 1629 1121 1678 1183; x_wconf 89' lang='lat'><strong>1,</strong></span> <span class='ocrx_word' id='word_1_69' title='bbox 1710 1113 1766 1170; x_wconf 79' lang='lat' dir='ltr'><strong>ff.</strong></span> <span class='ocrx_word' id='word_1_70' title='bbox 1797 1111 1864 1170; x_wconf 91' lang='lat' dir='ltr'><strong>de</strong></span> <span class='ocrx_word' id='word_1_71' title='bbox 1891 1116 2026 1170; x_wconf 90' lang='lat' dir='ltr'><strong>iust.</strong></span> <span class='ocrx_word' id='word_1_72' title='bbox 2055 1120 2115 1171; x_wconf 86' lang='lat' dir='ltr'><strong>et</strong></span> <span class='ocrx_word' id='word_1_73' title='bbox 2141 1114 2247 1172; x_wconf 88' lang='lat' dir='ltr'><strong>iur.</strong></span> <span class='ocrx_word' id='word_1_74' title='bbox 2288 1118 2399 1171; x_wconf 84' lang='lat' dir='ltr'><strong>Est</strong></span> 
     </span>
     <span class='ocr_line' id='line_1_10' title="bbox 807 1201 2400 1279; baseline -0.001 -20"><span class='ocrx_word' id='word_1_75' title='bbox 807 1205 1012 1259; x_wconf 77' lang='lat' dir='ltr'><strong>autem</strong></span> <span class='ocrx_word' id='word_1_76' title='bbox 1061 1204 1156 1258; x_wconf 77' lang='lat' dir='ltr'><strong>ins</strong></span> <span class='ocrx_word' id='word_1_77' title='bbox 1181 1218 1228 1259; x_wconf 81' lang='lat' dir='ltr'><strong><em>a</em></strong></span> <span class='ocrx_word' id='word_1_78' title='bbox 1250 1204 1488 1259; x_wconf 75' lang='lat' dir='ltr'><strong>iustitia</strong></span> <span class='ocrx_word' id='word_1_79' title='bbox 1511 1201 1908 1278; x_wconf 62' lang='lat' dir='ltr'><strong>omeliarum.</strong></span> <span class='ocrx_word' id='word_1_80' title='bbox 1939 1202 2110 1270; x_wconf 86' lang='lat' dir='ltr'><strong>Quam</strong></span> <span class='ocrx_word' id='word_1_81' title='bbox 2137 1201 2400 1279; x_wconf 84' lang='lat' dir='ltr'><strong>etymolo-</strong></span> 
     </span>
     <span class='ocr_line' id='line_1_11' title="bbox 807 1290 2399 1366; baseline 0.002 -20"><span class='ocrx_word' id='word_1_82' title='bbox 807 1294 954 1363; x_wconf 88' lang='lat' dir='ltr'><strong>giam</strong></span> <span class='ocrx_word' id='word_1_83' title='bbox 993 1290 1162 1364; x_wconf 89' lang='lat' dir='ltr'><strong>aliqui</strong></span> <span class='ocrx_word' id='word_1_84' title='bbox 1189 1294 1543 1366; x_wconf 77' lang='lat' dir='ltr'><strong>impugnant,</strong></span> <span class='ocrx_word' id='word_1_85' title='bbox 1573 1294 1700 1364; x_wconf 91' lang='lat' dir='ltr'><strong>quia</strong></span> <span class='ocrx_word' id='word_1_86' title='bbox 1742 1292 1950 1349; x_wconf 87' lang='lat' dir='ltr'><strong>iustitia</strong></span> <span class='ocrx_word' id='word_1_87' title='bbox 1988 1294 2175 1365; x_wconf 88' lang='lat' dir='ltr'><strong>potius</strong></span> <span class='ocrx_word' id='word_1_88' title='bbox 2215 1308 2247 1347; x_wconf 90' lang='lat' dir='ltr'><strong>a</strong></span> <span class='ocrx_word' id='word_1_89' title='bbox 2285 1292 2399 1349; x_wconf 89' lang='lat' dir='ltr'><strong>iure</strong></span> 
     </span>
     <span class='ocr_line' id='line_1_12' title="bbox 811 1379 2395 1455; baseline 0 -18"><span class='ocrx_word' id='word_1_90' title='bbox 811 1379 1124 1452; x_wconf 72' lang='lat' dir='ltr'><strong>derivatur,</strong></span> <span class='ocrx_word' id='word_1_91' title='bbox 1155 1396 1318 1453; x_wconf 88' lang='lat' dir='ltr'><strong>quam</strong></span> <span class='ocrx_word' id='word_1_92' title='bbox 1347 1398 1378 1438; x_wconf 89' lang='lat' dir='ltr'><strong>e</strong></span> <span class='ocrx_word' id='word_1_93' title='bbox 1415 1398 1716 1453; x_wconf 80' lang='lat' dir='ltr'><strong>convers03</strong></span> <span class='ocrx_word' id='word_1_94' title='bbox 1757 1383 1962 1440; x_wconf 88' lang='lat' dir='ltr'><strong>iustum</strong></span> <span class='ocrx_word' id='word_1_95' title='bbox 1996 1382 2136 1439; x_wconf 90' lang='lat' dir='ltr'><strong>enim</strong></span> <span class='ocrx_word' id='word_1_96' title='bbox 2176 1381 2395 1455; x_wconf 88' lang='lat' dir='ltr'><strong>dicitur,</strong></span> 
     </span>
     <span class='ocr_line' id='line_1_13' title="bbox 809 1468 2393 1544; baseline 0.003 -21"><span class='ocrx_word' id='word_1_97' title='bbox 809 1468 964 1541; x_wconf 85' lang='lat' dir='ltr'><strong>quod</strong></span> <span class='ocrx_word' id='word_1_98' title='bbox 993 1476 1080 1525; x_wconf 85' lang='lat' dir='ltr'><strong>est</strong></span> <span class='ocrx_word' id='word_1_99' title='bbox 1105 1469 1412 1527; x_wconf 85' lang='lat' dir='ltr'><strong>secundum</strong></span> <span class='ocrx_word' id='word_1_100' title='bbox 1443 1471 1546 1526; x_wconf 86' lang='lat' dir='ltr'><strong>ius.</strong></span> <span class='ocrx_word' id='word_1_101' title='bbox 1581 1471 1686 1528; x_wconf 93' lang='lat' dir='ltr'><strong>Sed</strong></span> <span class='ocrx_word' id='word_1_102' title='bbox 1728 1472 1860 1529; x_wconf 87' lang='lat' dir='ltr'><strong>haec</strong></span> <span class='ocrx_word' id='word_1_103' title='bbox 1888 1473 2030 1529; x_wconf 89' lang='lat' dir='ltr'><strong>ratio</strong></span> <span class='ocrx_word' id='word_1_104' title='bbox 2073 1487 2179 1528; x_wconf 91' lang='lat' dir='ltr'><strong>non</strong></span> <span class='ocrx_word' id='word_1_105' title='bbox 2222 1472 2393 1544; x_wconf 85' lang='lat' dir='ltr'><strong>cogit;</strong></span> 
     </span>
     <span class='ocr_line' id='line_1_14' title="bbox 811 1556 2395 1633; baseline 0.003 -20"><span class='ocrx_word' id='word_1_106' title='bbox 811 1573 935 1615; x_wconf 89' lang='lat' dir='ltr'><strong>nam</strong></span> <span class='ocrx_word' id='word_1_107' title='bbox 975 1556 1119 1614; x_wconf 86' lang='lat' dir='ltr'><strong>aliud</strong></span> <span class='ocrx_word' id='word_1_108' title='bbox 1145 1566 1234 1615; x_wconf 89' lang='lat' dir='ltr'><strong>est</strong></span> <span class='ocrx_word' id='word_1_109' title='bbox 1260 1559 1410 1632; x_wconf 87' lang='lat' dir='ltr'><strong>loqui</strong></span> <span class='ocrx_word' id='word_1_110' title='bbox 1439 1559 1506 1615; x_wconf 90' lang='lat' dir='ltr'><strong>de</strong></span> <span class='ocrx_word' id='word_1_111' title='bbox 1528 1560 1715 1617; x_wconf 80' lang='lat' dir='ltr'><strong>ordine</strong></span> <span class='ocrx_word' id='word_1_112' title='bbox 1739 1576 1838 1617; x_wconf 91' lang='lat' dir='ltr'><strong>seu</strong></span> <span class='ocrx_word' id='word_1_113' title='bbox 1857 1560 2190 1618; x_wconf 76' lang='lat' dir='ltr'><strong>derivatione</strong></span> <span class='ocrx_word' id='word_1_114' title='bbox 2214 1560 2395 1633; x_wconf 90' lang='lat' dir='ltr'><strong>quoad</strong></span> 
     </span>
     <span class='ocr_line' id='line_1_15' title="bbox 813 1647 2394 1722; baseline 0.001 -19"><span class='ocrx_word' id='word_1_115' title='bbox 813 1647 1213 1719; x_wconf 73' lang='lat' dir='ltr'><strong>causalitatem,</strong></span> <span class='ocrx_word' id='word_1_116' title='bbox 1245 1648 1392 1705; x_wconf 85' lang='lat' dir='ltr'><strong>aliud</strong></span> <span class='ocrx_word' id='word_1_117' title='bbox 1416 1649 1596 1722; x_wconf 89' lang='lat' dir='ltr'><strong>quoad</strong></span> <span class='ocrx_word' id='word_1_118' title='bbox 1625 1650 2137 1719; x_wconf 80' lang='lat' dir='ltr'><strong>denominationem,</strong></span> <span class='ocrx_word' id='word_1_119' title='bbox 2169 1665 2266 1706; x_wconf 89' lang='lat' dir='ltr'><strong>seu</strong></span> <span class='ocrx_word' id='word_1_120' title='bbox 2296 1666 2394 1706; x_wconf 91' lang='lat' dir='ltr'><strong>no-</strong></span> 
     </span>
     <span class='ocr_line' id='line_1_16' title="bbox 811 1738 2393 1813; baseline 0.003 -20"><span class='ocrx_word' id='word_1_121' title='bbox 811 1738 972 1794; x_wconf 86' lang='lat' dir='ltr'><strong>minis</strong></span> <span class='ocrx_word' id='word_1_122' title='bbox 1015 1738 1436 1810; x_wconf 84' lang='lat' dir='ltr'><strong>impositionem.</strong></span> <span class='ocrx_word' id='word_1_123' title='bbox 1473 1740 1606 1795; x_wconf 83' lang='lat' dir='ltr'><strong>Nam</strong></span> <span class='ocrx_word' id='word_1_124' title='bbox 1649 1740 1818 1811; x_wconf 82' lang='lat' dir='ltr'><strong>priori</strong></span> <span class='ocrx_word' id='word_1_125' title='bbox 1852 1739 2016 1797; x_wconf 90' lang='lat' dir='ltr'><strong>modo</strong></span> <span class='ocrx_word' id='word_1_126' title='bbox 2058 1756 2247 1797; x_wconf 82' lang='lat' dir='ltr'><strong>verum</strong></span> <span class='ocrx_word' id='word_1_127' title='bbox 2282 1747 2393 1813; x_wconf 87' lang='lat' dir='ltr'><strong>est,</strong></span> 
     </span>
     <span class='ocr_line' id='line_1_17' title="bbox 810 1825 2397 1903; baseline 0.001 -20"><span class='ocrx_word' id='word_1_128' title='bbox 810 1825 1066 1884; x_wconf 89' lang='lat' dir='ltr'><strong>iustitiam</strong></span> <span class='ocrx_word' id='word_1_129' title='bbox 1110 1825 1340 1883; x_wconf 85' lang='lat' dir='ltr'><strong>derivari</strong></span> <span class='ocrx_word' id='word_1_130' title='bbox 1367 1843 1402 1884; x_wconf 87' lang='lat' dir='ltr'><strong>a</strong></span> <span class='ocrx_word' id='word_1_131' title='bbox 1427 1828 1543 1885; x_wconf 92' lang='lat' dir='ltr'><strong>iure</strong></span> <span class='ocrx_word' id='word_1_132' title='bbox 1572 1828 1655 1903; x_wconf 94' lang='lat' dir='ltr'><strong>(id</strong></span> <span class='ocrx_word' id='word_1_133' title='bbox 1681 1834 1768 1884; x_wconf 89' lang='lat' dir='ltr'><strong>est</strong></span> <span class='ocrx_word' id='word_1_134' title='bbox 1785 1828 1853 1885; x_wconf 98' lang='lat' dir='ltr'><strong>ab</strong></span> <span class='ocrx_word' id='word_1_135' title='bbox 1869 1845 1956 1901; x_wconf 90' lang='lat' dir='ltr'><strong>eo,</strong></span> <span class='ocrx_word' id='word_1_136' title='bbox 1983 1830 2133 1902; x_wconf 91' lang='lat' dir='ltr'><strong>quod</strong></span> <span class='ocrx_word' id='word_1_137' title='bbox 2155 1830 2210 1885; x_wconf 89' lang='lat' dir='ltr'><strong>in</strong></span> <span class='ocrx_word' id='word_1_138' title='bbox 2232 1846 2292 1886; x_wconf 88' lang='lat' dir='ltr'><strong>re</strong></span> <span class='ocrx_word' id='word_1_139' title='bbox 2314 1831 2397 1885; x_wconf 90' lang='lat' dir='ltr'><strong>iu-</strong></span> 
     </span>
     <span class='ocr_line' id='line_1_18' title="bbox 811 1918 2394 1991; baseline 0.002 -19"><span class='ocrx_word' id='word_1_140' title='bbox 811 1925 960 1974; x_wconf 91' lang='lat' dir='ltr'><strong>stum</strong></span> <span class='ocrx_word' id='word_1_141' title='bbox 990 1924 1049 1974; x_wconf 90' lang='lat' dir='ltr'><strong>et</strong></span> <span class='ocrx_word' id='word_1_142' title='bbox 1075 1933 1314 1991; x_wconf 90' lang='lat' dir='ltr'><strong>aequum</strong></span> <span class='ocrx_word' id='word_1_143' title='bbox 1341 1918 1453 1989; x_wconf 81' lang='lat' dir='ltr'><strong>est)</strong></span> <span class='ocrx_word' id='word_1_144' title='bbox 1482 1919 1534 1974; x_wconf 88' lang='lat' dir='ltr'><strong>in</strong></span> <span class='ocrx_word' id='word_1_145' title='bbox 1565 1920 1774 1975; x_wconf 88' lang='lat' dir='ltr'><strong>ratione</strong></span> <span class='ocrx_word' id='word_1_146' title='bbox 1800 1918 1995 1977; x_wconf 90' lang='lat' dir='ltr'><strong>obiecti</strong></span> <span class='ocrx_word' id='word_1_147' title='bbox 2013 1960 2029 1990; x_wconf 92' lang='lat'><strong>,</strong></span> <span class='ocrx_word' id='word_1_148' title='bbox 2069 1934 2133 1976; x_wconf 89' lang='lat' dir='ltr'><strong>ac</strong></span> <span class='ocrx_word' id='word_1_149' title='bbox 2168 1919 2394 1976; x_wconf 87' lang='lat' dir='ltr'><strong>subinde</strong></span> 
     </span>
     <span class='ocr_line' id='line_1_19' title="bbox 807 2006 2399 2079; baseline 0.001 -16"><span class='ocrx_word' id='word_1_150' title='bbox 807 2008 865 2063; x_wconf 89' lang='lat' dir='ltr'><strong>in</strong></span> <span class='ocrx_word' id='word_1_151' title='bbox 899 2022 1098 2079; x_wconf 82' lang='lat' dir='ltr'><strong>genere</strong></span> <span class='ocrx_word' id='word_1_152' title='bbox 1128 2022 1328 2064; x_wconf 88' lang='lat' dir='ltr'><strong>causae</strong></span> <span class='ocrx_word' id='word_1_153' title='bbox 1356 2007 1550 2079; x_wconf 87' lang='lat' dir='ltr'><strong>finalis,</strong></span> <span class='ocrx_word' id='word_1_154' title='bbox 1582 2006 1667 2064; x_wconf 86' lang='lat' dir='ltr'><strong>vel</strong></span> <span class='ocrx_word' id='word_1_155' title='bbox 1691 2008 1931 2066; x_wconf 78' lang='lat' dir='ltr'><strong>formalis</strong></span> <span class='ocrx_word' id='word_1_156' title='bbox 1955 2010 2399 2066; x_wconf 86' lang='lat' dir='ltr'><strong>extrinsecae.Et</strong></span> 
     </span>
     <span class='ocr_line' id='line_1_20' title="bbox 803 2095 2396 2172; baseline 0.002 -20"><span class='ocrx_word' id='word_1_157' title='bbox 803 2096 910 2152; x_wconf 87' lang='lat' dir='ltr'><strong>hoc</strong></span> <span class='ocrx_word' id='word_1_158' title='bbox 939 2095 1101 2153; x_wconf 90' lang='lat' dir='ltr'><strong>modo</strong></span> <span class='ocrx_word' id='word_1_159' title='bbox 1148 2096 1348 2153; x_wconf 84' lang='lat' dir='ltr'><strong>iustitia</strong></span> <span class='ocrx_word' id='word_1_160' title='bbox 1375 2112 1470 2169; x_wconf 88' lang='lat' dir='ltr'><strong>per</strong></span> <span class='ocrx_word' id='word_1_161' title='bbox 1498 2097 1584 2153; x_wconf 92' lang='lat' dir='ltr'><strong>ius</strong></span> <span class='ocrx_word' id='word_1_162' title='bbox 1612 2096 1865 2155; x_wconf 79' lang='lat' dir='ltr'><strong>definitur</strong></span> <span class='ocrx_word' id='word_1_163' title='bbox 1883 2139 1898 2170; x_wconf 94' lang='lat'><strong>,</strong></span> <span class='ocrx_word' id='word_1_164' title='bbox 1938 2100 2066 2172; x_wconf 89' lang='lat' dir='ltr'><strong>quia</strong></span> <span class='ocrx_word' id='word_1_165' title='bbox 2091 2101 2185 2155; x_wconf 75' lang='lat' dir='ltr'><strong>ius</strong></span> <span class='ocrx_word' id='word_1_166' title='bbox 2222 2114 2396 2155; x_wconf 77' lang='lat' dir='ltr'><strong>suam</strong></span> 
     </span>
     <span class='ocr_line' id='line_1_21' title="bbox 805 2184 2389 2259; baseline 0 -16"><span class='ocrx_word' id='word_1_167' title='bbox 805 2188 1126 2259; x_wconf 71' lang='lat' dir='ltr'><strong>unicuique</strong></span> <span class='ocrx_word' id='word_1_168' title='bbox 1164 2184 1398 2253; x_wconf 61' lang='lat' dir='ltr'><strong>tribuit,</strong></span> <span class='ocrx_word' id='word_1_169' title='bbox 1435 2186 1472 2241; x_wconf 89' lang='grc' dir='ltr'><strong>Ι.</strong></span> <span class='ocrx_word' id='word_1_170' title='bbox 1503 2190 1753 2255; x_wconf 71' lang='lat' dir='ltr'><strong>iustitia,</strong></span> <span class='ocrx_word' id='word_1_171' title='bbox 1791 2188 1846 2245; x_wconf 77' lang='lat' dir='ltr'><strong>ff.</strong></span> <span class='ocrx_word' id='word_1_172' title='bbox 1879 2188 1947 2245; x_wconf 91' lang='lat' dir='ltr'><strong>de</strong></span> <span class='ocrx_word' id='word_1_173' title='bbox 1976 2188 2148 2245; x_wconf 88' lang='lat' dir='ltr'><strong>iustit.</strong></span> <span class='ocrx_word' id='word_1_174' title='bbox 2190 2195 2248 2245; x_wconf 92' lang='lat' dir='ltr'><strong>et</strong></span> <span class='ocrx_word' id='word_1_175' title='bbox 2280 2190 2389 2245; x_wconf 89' lang='lat' dir='ltr'><strong>iur.</strong></span> 
     </span>
     <span class='ocr_line' id='line_1_22' title="bbox 811 2275 2395 2350; baseline 0 -16"><span class='ocrx_word' id='word_1_176' title='bbox 811 2275 1172 2334; x_wconf 85' lang='lat' dir='ltr'><strong>Nihilominus</strong></span> <span class='ocrx_word' id='word_1_177' title='bbox 1201 2285 1379 2333; x_wconf 88' lang='lat' dir='ltr'><strong>tamen</strong></span> <span class='ocrx_word' id='word_1_178' title='bbox 1408 2275 1590 2348; x_wconf 88' lang='lat' dir='ltr'><strong>quoad</strong></span> <span class='ocrx_word' id='word_1_179' title='bbox 1617 2276 2103 2335; x_wconf 87' lang='lat' dir='ltr'><strong>denominationem</strong></span> <span class='ocrx_word' id='word_1_180' title='bbox 2129 2284 2187 2335; x_wconf 88' lang='lat' dir='ltr'><strong>et</strong></span> <span class='ocrx_word' id='word_1_181' title='bbox 2212 2277 2395 2350; x_wconf 90' lang='lat' dir='ltr'><strong>appel-</strong></span> 
     </span>
     <span class='ocr_line' id='line_1_23' title="bbox 811 2365 2390 2440; baseline 0 -17"><span class='ocrx_word' id='word_1_182' title='bbox 811 2366 1064 2423; x_wconf 89' lang='lat' dir='ltr'><strong>lationem</strong></span> <span class='ocrx_word' id='word_1_183' title='bbox 1097 2368 1257 2434; x_wconf 90' lang='lat' dir='ltr'><strong>iuris,</strong></span> <span class='ocrx_word' id='word_1_184' title='bbox 1290 2365 1356 2423; x_wconf 91' lang='lat' dir='ltr'><strong>de</strong></span> <span class='ocrx_word' id='word_1_185' title='bbox 1397 2382 1508 2439; x_wconf 90' lang='lat' dir='ltr'><strong>qua</strong></span> <span class='ocrx_word' id='word_1_186' title='bbox 1547 2366 1788 2440; x_wconf 89' lang='lat' dir='ltr'><strong>loquitur</strong></span> <span class='ocrx_word' id='word_1_187' title='bbox 1826 2367 2263 2440; x_wconf 79' lang='lat' dir='ltr'><strong>iureconsultus,</strong></span> <span class='ocrx_word' id='word_1_188' title='bbox 2295 2385 2390 2440; x_wconf 87' lang='lat' dir='ltr'><strong>po-</strong></span> 
     </span>
     <span class='ocr_line' id='line_1_24' title="bbox 807 2455 2391 2530; baseline -0.001 -16"><span class='ocrx_word' id='word_1_189' title='bbox 807 2457 916 2514; x_wconf 77' lang='lat' dir='ltr'><strong>tuit</strong></span> <span class='ocrx_word' id='word_1_190' title='bbox 943 2456 1028 2512; x_wconf 89' lang='lat' dir='ltr'><strong>ius</strong></span> <span class='ocrx_word' id='word_1_191' title='bbox 1065 2472 1096 2512; x_wconf 89' lang='lat' dir='ltr'><strong>a</strong></span> <span class='ocrx_word' id='word_1_192' title='bbox 1119 2456 1320 2513; x_wconf 88' lang='lat' dir='ltr'><strong>iustitia</strong></span> <span class='ocrx_word' id='word_1_193' title='bbox 1343 2455 1627 2529; x_wconf 89' lang='lat' dir='ltr'><strong>appellari,</strong></span> <span class='ocrx_word' id='word_1_194' title='bbox 1653 2457 1799 2515; x_wconf 86' lang='lat' dir='ltr'><strong>sicut</strong></span> <span class='ocrx_word' id='word_1_195' title='bbox 1819 2458 1970 2513; x_wconf 82' lang='lat' dir='ltr'><strong>visus</strong></span> <span class='ocrx_word' id='word_1_196' title='bbox 1991 2458 2110 2514; x_wconf 88' lang='lat' dir='ltr'><strong>talis</strong></span> <span class='ocrx_word' id='word_1_197' title='bbox 2133 2464 2241 2527; x_wconf 87' lang='lat' dir='ltr'><strong>est,</strong></span> <span class='ocrx_word' id='word_1_198' title='bbox 2266 2458 2391 2530; x_wconf 90' lang='lat' dir='ltr'><strong>quia</strong></span> 
     </span>
     <span class='ocr_line' id='line_1_25' title="bbox 807 2544 2389 2617; baseline 0 -14"><span class='ocrx_word' id='word_1_199' title='bbox 807 2544 982 2603; x_wconf 89' lang='lat' dir='ltr'><strong>tendit</strong></span> <span class='ocrx_word' id='word_1_200' title='bbox 1008 2546 1062 2601; x_wconf 87' lang='lat' dir='ltr'><strong>iu</strong></span> <span class='ocrx_word' id='word_1_201' title='bbox 1096 2545 1374 2603; x_wconf 89' lang='lat' dir='ltr'><strong>obiectum</strong></span> <span class='ocrx_word' id='word_1_202' title='bbox 1402 2546 1634 2617; x_wconf 82' lang='lat' dir='ltr'><strong>visibile,</strong></span> <span class='ocrx_word' id='word_1_203' title='bbox 1663 2553 1720 2603; x_wconf 90' lang='lat' dir='ltr'><strong>et</strong></span> <span class='ocrx_word' id='word_1_204' title='bbox 1741 2545 2086 2604; x_wconf 86' lang='lat' dir='ltr'><strong>nihilominus</strong></span> <span class='ocrx_word' id='word_1_205' title='bbox 2109 2546 2389 2603; x_wconf 88' lang='lat' dir='ltr'><strong>obiectum</strong></span> 
     </span>
     <span class='ocr_line' id='line_1_26' title="bbox 806 2634 2389 2709; baseline -0.001 -16"><span class='ocrx_word' id='word_1_206' title='bbox 806 2635 1186 2693; x_wconf 88' lang='lat' dir='ltr'><strong>denominatur</strong></span> <span class='ocrx_word' id='word_1_207' title='bbox 1229 2634 1431 2693; x_wconf 82' lang='lat' dir='ltr'><strong>visibile</strong></span> <span class='ocrx_word' id='word_1_208' title='bbox 1461 2636 1528 2692; x_wconf 90' lang='lat' dir='ltr'><strong>ab</strong></span> <span class='ocrx_word' id='word_1_209' title='bbox 1555 2637 1672 2708; x_wconf 87' lang='lat' dir='ltr'><strong>ipso</strong></span> <span class='ocrx_word' id='word_1_210' title='bbox 1700 2639 1845 2692; x_wconf 79' lang='lat' dir='ltr'><strong>visu.</strong></span> <span class='ocrx_word' id='word_1_211' title='bbox 1874 2637 1963 2692; x_wconf 90' lang='lat' dir='ltr'><strong>Sic</strong></span> <span class='ocrx_word' id='word_1_212' title='bbox 1993 2652 2124 2709; x_wconf 88' lang='lat' dir='ltr'><strong>ergo</strong></span> <span class='ocrx_word' id='word_1_213' title='bbox 2165 2636 2389 2707; x_wconf 79' lang='lat' dir='ltr'><strong>iustitia3</strong></span> 
     </span>
     <span class='ocr_line' id='line_1_27' title="bbox 807 2724 2395 2799; baseline -0.001 -17"><span class='ocrx_word' id='word_1_214' title='bbox 807 2732 864 2782; x_wconf 90' lang='lat' dir='ltr'><strong>et</strong></span> <span class='ocrx_word' id='word_1_215' title='bbox 889 2732 976 2781; x_wconf 89' lang='lat' dir='ltr'><strong>est</strong></span> <span class='ocrx_word' id='word_1_216' title='bbox 1005 2724 1142 2797; x_wconf 88' lang='lat' dir='ltr'><strong>talis,</strong></span> <span class='ocrx_word' id='word_1_217' title='bbox 1185 2726 1312 2797; x_wconf 88' lang='lat' dir='ltr'><strong>quia</strong></span> <span class='ocrx_word' id='word_1_218' title='bbox 1341 2724 1512 2781; x_wconf 86' lang='lat' dir='ltr'><strong>tendit</strong></span> <span class='ocrx_word' id='word_1_219' title='bbox 1535 2724 1604 2783; x_wconf 91' lang='lat' dir='ltr'><strong>ad</strong></span> <span class='ocrx_word' id='word_1_220' title='bbox 1633 2725 2072 2782; x_wconf 77' lang='lat' dir='ltr'><strong>constituendam</strong></span> <span class='ocrx_word' id='word_1_221' title='bbox 2101 2725 2395 2799; x_wconf 89' lang='lat' dir='ltr'><strong>aequalita-</strong></span> 
     </span>
     <span class='ocr_line' id='line_1_28' title="bbox 811 2814 2397 2888; baseline -0.001 -17"><span class='ocrx_word' id='word_1_222' title='bbox 811 2823 942 2886; x_wconf 88' lang='lat' dir='ltr'><strong>tem,</strong></span> <span class='ocrx_word' id='word_1_223' title='bbox 972 2830 1138 2888; x_wconf 90' lang='lat' dir='ltr'><strong>quam</strong></span> <span class='ocrx_word' id='word_1_224' title='bbox 1175 2814 1413 2871; x_wconf 80' lang='lat' dir='ltr'><strong>dicimus</strong></span> <span class='ocrx_word' id='word_1_225' title='bbox 1439 2830 1562 2872; x_wconf 87' lang='lat' dir='ltr'><strong>esse</strong></span> <span class='ocrx_word' id='word_1_226' title='bbox 1591 2816 1768 2887; x_wconf 86' lang='lat' dir='ltr'><strong>ipsum</strong></span> <span class='ocrx_word' id='word_1_227' title='bbox 1807 2814 2046 2871; x_wconf 86' lang='lat' dir='ltr'><strong>medium</strong></span> <span class='ocrx_word' id='word_1_228' title='bbox 2081 2815 2311 2887; x_wconf 89' lang='lat' dir='ltr'><strong>iustum,</strong></span> <span class='ocrx_word' id='word_1_229' title='bbox 2341 2822 2397 2871; x_wconf 90' lang='lat' dir='ltr'><strong>et</strong></span> 
     </span>
     <span class='ocr_line' id='line_1_29' title="bbox 807 2903 2397 2975; baseline -0.001 -14"><span class='ocrx_word' id='word_1_230' title='bbox 807 2904 912 2961; x_wconf 87' lang='lat' dir='ltr'><strong>hoc</strong></span> <span class='ocrx_word' id='word_1_231' title='bbox 953 2903 1191 2961; x_wconf 91' lang='lat' dir='ltr'><strong>medium</strong></span> <span class='ocrx_word' id='word_1_232' title='bbox 1245 2911 1396 2960; x_wconf 90' lang='lat' dir='ltr'><strong>recte</strong></span> <span class='ocrx_word' id='word_1_233' title='bbox 1425 2905 1604 2975; x_wconf 92' lang='lat' dir='ltr'><strong>potuit</strong></span> <span class='ocrx_word' id='word_1_234' title='bbox 1637 2920 1670 2961; x_wconf 89' lang='lat' dir='ltr'><strong>a</strong></span> <span class='ocrx_word' id='word_1_235' title='bbox 1708 2904 1911 2961; x_wconf 89' lang='lat' dir='ltr'><strong>iustitia</strong></span> <span class='ocrx_word' id='word_1_236' title='bbox 1941 2903 2277 2960; x_wconf 88' lang='lat' dir='ltr'><strong>denominari</strong></span> <span class='ocrx_word' id='word_1_237' title='bbox 2312 2906 2397 2960; x_wconf 91' lang='lat' dir='ltr'><strong>iu-</strong></span> 
     </span>
     <span class='ocr_line' id='line_1_30' title="bbox 811 2992 2393 3066; baseline 0 -17"><span class='ocrx_word' id='word_1_238' title='bbox 811 2998 983 3065; x_wconf 84' lang='lat' dir='ltr'><strong>stum3</strong></span> <span class='ocrx_word' id='word_1_239' title='bbox 1021 3009 1146 3049; x_wconf 90' lang='lat' dir='ltr'><strong>nam</strong></span> <span class='ocrx_word' id='word_1_240' title='bbox 1167 2993 1258 3049; x_wconf 90' lang='lat' dir='ltr'><strong>illa</strong></span> <span class='ocrx_word' id='word_1_241' title='bbox 1284 2992 1581 3065; x_wconf 79' lang='lat' dir='ltr'><strong>aequalitas</strong></span> <span class='ocrx_word' id='word_1_242' title='bbox 1604 3000 1727 3065; x_wconf 89' lang='lat' dir='ltr'><strong>apta</strong></span> <span class='ocrx_word' id='word_1_243' title='bbox 1747 3001 1836 3050; x_wconf 86' lang='lat' dir='ltr'><strong>est</strong></span> <span class='ocrx_word' id='word_1_244' title='bbox 1859 3008 1954 3066; x_wconf 88' lang='lat' dir='ltr'><strong>per</strong></span> <span class='ocrx_word' id='word_1_245' title='bbox 1973 2992 2234 3049; x_wconf 89' lang='lat' dir='ltr'><strong>iustitiam</strong></span> <span class='ocrx_word' id='word_1_246' title='bbox 2257 2993 2393 3065; x_wconf 86' lang='lat' dir='ltr'><strong>lieri,</strong></span> 
     </span>
     <span class='ocr_line' id='line_1_31' title="bbox 807 3080 2393 3155; baseline -0.001 -15"><span class='ocrx_word' id='word_1_247' title='bbox 807 3089 864 3140; x_wconf 89' lang='lat' dir='ltr'><strong>et</strong></span> <span class='ocrx_word' id='word_1_248' title='bbox 883 3081 1002 3139; x_wconf 87' lang='lat' dir='ltr'><strong>inde</strong></span> <span class='ocrx_word' id='word_1_249' title='bbox 1031 3091 1267 3140; x_wconf 76' lang='lat' dir='ltr'><strong>vocatur</strong></span> <span class='ocrx_word' id='word_1_250' title='bbox 1287 3084 1452 3141; x_wconf 88' lang='lat' dir='ltr'><strong>iusta.</strong></span> <span class='ocrx_word' id='word_1_251' title='bbox 1478 3082 1604 3139; x_wconf 87' lang='lat' dir='ltr'><strong>Inde</strong></span> <span class='ocrx_word' id='word_1_252' title='bbox 1628 3097 1754 3140; x_wconf 82' lang='lat' dir='ltr'><strong>vero</strong></span> <span class='ocrx_word' id='word_1_253' title='bbox 1777 3084 1961 3155; x_wconf 88' lang='lat' dir='ltr'><strong>potuit</strong></span> <span class='ocrx_word' id='word_1_254' title='bbox 1979 3081 2136 3139; x_wconf 78' lang='lat' dir='ltr'><strong>facile</strong></span> <span class='ocrx_word' id='word_1_255' title='bbox 2158 3080 2393 3139; x_wconf 82' lang='lat' dir='ltr'><strong>derivari</strong></span> 
     </span>
     <span class='ocr_line' id='line_1_32' title="bbox 807 3172 2395 3246; baseline -0.003 -15"><span class='ocrx_word' id='word_1_256' title='bbox 807 3174 914 3246; x_wconf 87' lang='lat' dir='ltr'><strong>ius,</strong></span> <span class='ocrx_word' id='word_1_257' title='bbox 943 3172 1166 3245; x_wconf 89' lang='lat' dir='ltr'><strong>dempta</strong></span> <span class='ocrx_word' id='word_1_258' title='bbox 1197 3172 1384 3230; x_wconf 88' lang='lat' dir='ltr'><strong>ultima</strong></span> <span class='ocrx_word' id='word_1_259' title='bbox 1413 3181 1566 3245; x_wconf 91' lang='lat' dir='ltr'><strong>parte</strong></span> <span class='ocrx_word' id='word_1_260' title='bbox 1593 3174 1746 3230; x_wconf 80' lang='lat' dir='ltr'><strong>vocis</strong></span> <span class='ocrx_word' id='word_1_261' title='bbox 1767 3177 2011 3238; x_wconf 75' lang='lat' dir='ltr'><strong>iustum,</strong></span> <span class='ocrx_word' id='word_1_262' title='bbox 2041 3174 2188 3230; x_wconf 89' lang='lat' dir='ltr'><strong>sicut</strong></span> <span class='ocrx_word' id='word_1_263' title='bbox 2209 3173 2277 3229; x_wconf 90' lang='lat' dir='ltr'><strong>de</strong></span> <span class='ocrx_word' id='word_1_264' title='bbox 2300 3188 2395 3228; x_wconf 89' lang='lat' dir='ltr'><strong>no-</strong></span> 
     </span>
     <span class='ocr_line' id='line_1_33' title="bbox 809 3262 2397 3325; baseline -0.001 -5"><span class='ocrx_word' id='word_1_265' title='bbox 809 3265 951 3321; x_wconf 90' lang='lat' dir='ltr'><strong>mine</strong></span> <span class='ocrx_word' id='word_1_266' title='bbox 981 3266 1212 3320; x_wconf 74' lang='lat' dir='ltr'><strong>iussum</strong></span> <span class='ocrx_word' id='word_1_267' title='bbox 1236 3262 1570 3321; x_wconf 86' lang='lat' dir='ltr'><strong>dicebamus.</strong></span> <span class='ocrx_word' id='word_1_268' title='bbox 1600 3264 1670 3320; x_wconf 88' lang='lat' dir='ltr'><strong>Et</strong></span> <span class='ocrx_word' id='word_1_269' title='bbox 1698 3264 1776 3319; x_wconf 89' lang='lat' dir='ltr'><strong>ita</strong></span> <span class='ocrx_word' id='word_1_270' title='bbox 1809 3264 1977 3325; x_wconf 88' lang='lat' dir='ltr'><strong>etiam</strong></span> <span class='ocrx_word' id='word_1_271' title='bbox 2000 3262 2137 3320; x_wconf 84' lang='lat' dir='ltr'><strong>dixit</strong></span> <span class='ocrx_word' id='word_1_272' title='bbox 2157 3262 2397 3320; x_wconf 85' lang='lat' dir='ltr'><strong>Isidorus</strong></span> 
     </span>
     <span class='ocr_line' id='line_1_34' title="bbox 811 3350 2392 3428; baseline -0.002 -17"><span class='ocrx_word' id='word_1_273' title='bbox 811 3358 868 3411; x_wconf 84' lang='lat'><strong>5.</strong></span> <span class='ocrx_word' id='word_1_274' title='bbox 894 3351 1152 3428; x_wconf 76' lang='lat' dir='ltr'><strong>Etymol.</strong></span> <span class='ocrx_word' id='word_1_275' title='bbox 1175 3369 1228 3409; x_wconf 90' lang='lat' dir='ltr'><strong>c.</strong></span> <span class='ocrx_word' id='word_1_276' title='bbox 1259 3357 1289 3410; x_wconf 83' lang='lat'><strong>3</strong></span> <span class='ocrx_word' id='word_1_277' title='bbox 1309 3395 1323 3423; x_wconf 96' lang='lat'><strong>,</strong></span> <span class='ocrx_word' id='word_1_278' title='bbox 1345 3356 1438 3409; x_wconf 75' lang='lat' dir='ltr'><strong>ius</strong></span> <span class='ocrx_word' id='word_1_279' title='bbox 1462 3368 1585 3410; x_wconf 86' lang='lat' dir='ltr'><strong>esse</strong></span> <span class='ocrx_word' id='word_1_280' title='bbox 1611 3350 1855 3419; x_wconf 80' lang='lat' dir='ltr'><strong>dictum,</strong></span> <span class='ocrx_word' id='word_1_281' title='bbox 1881 3354 2025 3425; x_wconf 77' lang='lat' dir='ltr'><strong>quia</strong></span> <span class='ocrx_word' id='word_1_282' title='bbox 2042 3355 2269 3408; x_wconf 77' lang='lat' dir='ltr'><strong>iustum</strong></span> <span class='ocrx_word' id='word_1_283' title='bbox 2288 3357 2392 3409; x_wconf 81' lang='lat' dir='ltr'><strong>est.</strong></span> 
     </span>
     <span class='ocr_line' id='line_1_35' title="bbox 807 3430 2397 3515; baseline -0.001 -16"><span class='ocrx_word' id='word_1_284' title='bbox 807 3430 1047 3515; x_wconf 76' lang='lat' dir='ltr'><strong>August.</strong></span> <span class='ocrx_word' id='word_1_285' title='bbox 1079 3444 1240 3498; x_wconf 89' lang='lat' dir='ltr'><strong>etiam</strong></span> <span class='ocrx_word' id='word_1_286' title='bbox 1278 3442 1329 3498; x_wconf 89' lang='lat' dir='ltr'><strong>in</strong></span> <span class='ocrx_word' id='word_1_287' title='bbox 1360 3441 1554 3514; x_wconf 88' lang='lat' dir='ltr'><strong>psalm.</strong></span> <span class='ocrx_word' id='word_1_288' title='bbox 1595 3446 1719 3513; x_wconf 73' lang='lat'><strong>145,</strong></span> <span class='ocrx_word' id='word_1_289' title='bbox 1761 3442 1915 3497; x_wconf 90' lang='lat' dir='ltr'><strong>circa</strong></span> <span class='ocrx_word' id='word_1_290' title='bbox 1942 3442 2120 3497; x_wconf 86' lang='lat' dir='ltr'><strong>linem:</strong></span> <span class='ocrx_word' id='word_1_291' title='bbox 2155 3444 2279 3507; x_wconf 80' lang='lat' dir='ltr'><strong>Ius,</strong></span> <span class='ocrx_word' id='word_1_292' title='bbox 2316 3443 2397 3497; x_wconf 90' lang='lat' dir='ltr'><strong>in-</strong></span> 
     </span>
     <span class='ocr_line' id='line_1_36' title="bbox 808 3528 2395 3603; baseline -0.001 -16"><span class='ocrx_word' id='word_1_293' title='bbox 808 3532 949 3603; x_wconf 88' lang='lat' dir='ltr'><strong>quit,</strong></span> <span class='ocrx_word' id='word_1_294' title='bbox 978 3535 1034 3597; x_wconf 73' lang='lat' dir='ltr'><strong>et</strong></span> <span class='ocrx_word' id='word_1_295' title='bbox 1055 3532 1276 3587; x_wconf 76' lang='lat' dir='ltr'><strong>iniuria</strong></span> <span class='ocrx_word' id='word_1_296' title='bbox 1297 3532 1612 3587; x_wconf 76' lang='lat' dir='ltr'><strong>contraria</strong></span> <span class='ocrx_word' id='word_1_297' title='bbox 1633 3534 1796 3596; x_wconf 55' lang='lat' dir='ltr'><strong>sunu</strong></span> <span class='ocrx_word' id='word_1_298' title='bbox 1820 3532 1913 3586; x_wconf 73' lang='lat' dir='ltr'><strong>ius</strong></span> <span class='ocrx_word' id='word_1_299' title='bbox 1935 3532 2092 3585; x_wconf 80' lang='lat' dir='ltr'><strong>enim</strong></span> <span class='ocrx_word' id='word_1_300' title='bbox 2112 3535 2215 3597; x_wconf 75' lang='lat' dir='ltr'><strong>est,</strong></span> <span class='ocrx_word' id='word_1_301' title='bbox 2237 3528 2395 3602; x_wconf 78' lang='lat' dir='ltr'><strong>quod</strong></span> 
     </span>
     <span class='ocr_line' id='line_1_37' title="bbox 806 3618 2395 3692; baseline -0.002 -14"><span class='ocrx_word' id='word_1_302' title='bbox 806 3623 1028 3678; x_wconf 73' lang='lat' dir='ltr'><strong>iustum</strong></span> <span class='ocrx_word' id='word_1_303' title='bbox 1055 3625 1162 3677; x_wconf 78' lang='lat' dir='ltr'><strong>est.</strong></span> <span class='ocrx_word' id='word_1_304' title='bbox 1195 3620 1354 3676; x_wconf 88' lang='lat' dir='ltr'><strong>Sicut</strong></span> <span class='ocrx_word' id='word_1_305' title='bbox 1379 3634 1511 3692; x_wconf 89' lang='lat' dir='ltr'><strong>ergo</strong></span> <span class='ocrx_word' id='word_1_306' title='bbox 1539 3620 1744 3676; x_wconf 88' lang='lat' dir='ltr'><strong>iustum</strong></span> <span class='ocrx_word' id='word_1_307' title='bbox 1774 3634 1806 3675; x_wconf 90' lang='lat' dir='ltr'><strong>a</strong></span> <span class='ocrx_word' id='word_1_308' title='bbox 1833 3620 2038 3675; x_wconf 85' lang='lat' dir='ltr'><strong>iustitia</strong></span> <span class='ocrx_word' id='word_1_309' title='bbox 2058 3618 2206 3675; x_wconf 90' lang='lat' dir='ltr'><strong>clare</strong></span> <span class='ocrx_word' id='word_1_310' title='bbox 2226 3618 2395 3675; x_wconf 90' lang='lat' dir='ltr'><strong>deno·</strong></span> 
     </span>
     <span class='ocr_line' id='line_1_38' title="bbox 809 3707 2393 3781; baseline 0 -16"><span class='ocrx_word' id='word_1_311' title='bbox 809 3710 1066 3779; x_wconf 89' lang='lat' dir='ltr'><strong>minatur,</strong></span> <span class='ocrx_word' id='word_1_312' title='bbox 1101 3710 1173 3766; x_wconf 85' lang='lat' dir='ltr'><strong>ita</strong></span> <span class='ocrx_word' id='word_1_313' title='bbox 1199 3709 1284 3765; x_wconf 90' lang='lat' dir='ltr'><strong>ius</strong></span> <span class='ocrx_word' id='word_1_314' title='bbox 1315 3711 1548 3781; x_wconf 89' lang='lat' dir='ltr'><strong>potuita</strong></span> <span class='ocrx_word' id='word_1_315' title='bbox 1575 3710 1720 3765; x_wconf 90' lang='lat' dir='ltr'><strong>iusto</strong></span> <span class='ocrx_word' id='word_1_316' title='bbox 1751 3714 1806 3765; x_wconf 92' lang='lat' dir='ltr'><strong>et</strong></span> <span class='ocrx_word' id='word_1_317' title='bbox 1833 3708 2037 3771; x_wconf 84' lang='lat' dir='ltr'><strong>iustitia</strong></span> <span class='ocrx_word' id='word_1_318' title='bbox 2063 3707 2393 3766; x_wconf 90' lang='lat' dir='ltr'><strong>denominari</strong></span> 
     </span>
     <span class='ocr_line' id='line_1_39' title="bbox 807 3797 1607 3874; baseline -0.001 -20"><span class='ocrx_word' id='word_1_319' title='bbox 807 3798 986 3871; x_wconf 92' lang='lat' dir='ltr'><strong>quoad</strong></span> <span class='ocrx_word' id='word_1_320' title='bbox 1025 3797 1402 3874; x_wconf 76' lang='lat' dir='ltr'><strong>etymologiam</strong></span> <span class='ocrx_word' id='word_1_321' title='bbox 1431 3800 1607 3853; x_wconf 75' lang='lat' dir='ltr'><strong>vocis.</strong></span> 
     </span>
    </p>

    <p class='ocr_par' dir='ltr' id='par_1_5' title="bbox 805 3884 2397 5306">
     <span class='ocr_line' id='line_1_40' title="bbox 884 3884 2393 3959; baseline -0.001 -14"><span class='ocrx_word' id='word_1_322' title='bbox 884 3885 1039 3945; x_wconf 89' lang='lat' dir='ltr'><strong>Unde</strong></span> <span class='ocrx_word' id='word_1_323' title='bbox 1067 3886 1206 3943; x_wconf 91' lang='lat' dir='ltr'><strong>idem</strong></span> <span class='ocrx_word' id='word_1_324' title='bbox 1236 3888 1472 3959; x_wconf 78' lang='lat' dir='ltr'><strong>August.</strong></span> <span class='ocrx_word' id='word_1_325' title='bbox 1505 3886 1595 3942; x_wconf 89' lang='lat' dir='ltr'><strong>lib.</strong></span> <span class='ocrx_word' id='word_1_326' title='bbox 1633 3890 1719 3944; x_wconf 87' lang='grc'><strong>19.</strong></span> <span class='ocrx_word' id='word_1_327' title='bbox 1749 3884 1821 3944; x_wconf 84' lang='lat' dir='ltr'><strong>de</strong></span> <span class='ocrx_word' id='word_1_328' title='bbox 1854 3888 2026 3944; x_wconf 67' lang='lat' dir='ltr'><strong>Civit.</strong></span> <span class='ocrx_word' id='word_1_329' title='bbox 2053 3902 2108 3943; x_wconf 89' lang='lat' dir='ltr'><strong>c.</strong></span> <span class='ocrx_word' id='word_1_330' title='bbox 2141 3892 2235 3946; x_wconf 87' lang='grc'><strong>21.</strong></span> <span class='ocrx_word' id='word_1_331' title='bbox 2274 3893 2393 3943; x_wconf 89' lang='lat' dir='ltr'><strong>tan·</strong></span> 
     </span>
     <span class='ocr_line' id='line_1_41' title="bbox 809 3974 2392 4053; baseline 0 -21"><span class='ocrx_word' id='word_1_332' title='bbox 809 3991 978 4049; x_wconf 87' lang='lat' dir='ltr'><strong>quam</strong></span> <span class='ocrx_word' id='word_1_333' title='bbox 1007 3976 1331 4048; x_wconf 89' lang='lat' dir='ltr'><strong>principium</strong></span> <span class='ocrx_word' id='word_1_334' title='bbox 1356 3975 1802 4048; x_wconf 86' lang='lat' dir='ltr'><strong>philosophorum</strong></span> <span class='ocrx_word' id='word_1_335' title='bbox 1827 3978 2015 4033; x_wconf 87' lang='lat' dir='ltr'><strong>sumit:</strong></span> <span class='ocrx_word' id='word_1_336' title='bbox 2048 3974 2223 4053; x_wconf 82' lang='lat' dir='ltr'><strong>Quod</strong></span> <span class='ocrx_word' id='word_1_337' title='bbox 2238 3974 2392 4033; x_wconf 72' lang='lat' dir='ltr'><strong>illud</strong></span> 
     </span>
     <span class='ocr_line' id='line_1_42' title="bbox 810 4062 2389 4138; baseline -0.001 -15"><span class='ocrx_word' id='word_1_338' title='bbox 810 4070 906 4123; x_wconf 71' lang='lat' dir='ltr'><strong>ius</strong></span> <span class='ocrx_word' id='word_1_339' title='bbox 936 4080 1057 4122; x_wconf 85' lang='lat' dir='ltr'><strong>esse</strong></span> <span class='ocrx_word' id='word_1_340' title='bbox 1083 4064 1308 4131; x_wconf 79' lang='lat' dir='ltr'><strong>dicant,</strong></span> <span class='ocrx_word' id='word_1_341' title='bbox 1345 4062 1502 4138; x_wconf 82' lang='lat' dir='ltr'><strong>quod</strong></span> <span class='ocrx_word' id='word_1_342' title='bbox 1526 4063 1598 4122; x_wconf 83' lang='lat' dir='ltr'><strong>de</strong></span> <span class='ocrx_word' id='word_1_343' title='bbox 1625 4068 1886 4126; x_wconf 77' lang='lat' dir='ltr'><strong>iustitiae</strong></span> <span class='ocrx_word' id='word_1_344' title='bbox 1896 4064 2074 4137; x_wconf 80' lang='lat' dir='ltr'><strong>sonte</strong></span> <span class='ocrx_word' id='word_1_345' title='bbox 2095 4068 2389 4123; x_wconf 62' lang='lat' dir='ltr'><strong>viduavit.</strong></span> 
     </span>
     <span class='ocr_line' id='line_1_43' title="bbox 805 4156 2393 4227; baseline 0 -15"><span class='ocrx_word' id='word_1_346' title='bbox 805 4156 1062 4223; x_wconf 83' lang='lat' dir='ltr'><strong>Quamvis</strong></span> <span class='ocrx_word' id='word_1_347' title='bbox 1096 4156 1241 4212; x_wconf 91' lang='lat' dir='ltr'><strong>enim</strong></span> <span class='ocrx_word' id='word_1_348' title='bbox 1276 4157 1360 4211; x_wconf 84' lang='lat' dir='ltr'><strong>ius</strong></span> <span class='ocrx_word' id='word_1_349' title='bbox 1389 4171 1485 4227; x_wconf 87' lang='lat' dir='ltr'><strong>per</strong></span> <span class='ocrx_word' id='word_1_350' title='bbox 1513 4156 1737 4213; x_wconf 91' lang='lat' dir='ltr'><strong>modum</strong></span> <span class='ocrx_word' id='word_1_351' title='bbox 1767 4156 1962 4213; x_wconf 89' lang='lat' dir='ltr'><strong>obiecti</strong></span> <span class='ocrx_word' id='word_1_352' title='bbox 1991 4157 2061 4212; x_wconf 91' lang='lat' dir='ltr'><strong>sit</strong></span> <span class='ocrx_word' id='word_1_353' title='bbox 2095 4172 2267 4213; x_wconf 87' lang='lat' dir='ltr'><strong>causa</strong></span> <span class='ocrx_word' id='word_1_354' title='bbox 2313 4157 2393 4212; x_wconf 92' lang='lat' dir='ltr'><strong>iu·</strong></span> 
     </span>
     <span class='ocr_line' id='line_1_44' title="bbox 807 4244 2394 4320; baseline 0 -17"><span class='ocrx_word' id='word_1_355' title='bbox 807 4247 1008 4316; x_wconf 88' lang='lat' dir='ltr'><strong>stitiae,</strong></span> <span class='ocrx_word' id='word_1_356' title='bbox 1023 4248 1076 4302; x_wconf 91' lang='lat' dir='ltr'><strong>in</strong></span> <span class='ocrx_word' id='word_1_357' title='bbox 1099 4262 1298 4320; x_wconf 85' lang='lat' dir='ltr'><strong>genere</strong></span> <span class='ocrx_word' id='word_1_358' title='bbox 1321 4252 1500 4303; x_wconf 88' lang='lat' dir='ltr'><strong>tamen</strong></span> <span class='ocrx_word' id='word_1_359' title='bbox 1530 4261 1733 4303; x_wconf 88' lang='lat' dir='ltr'><strong>causae</strong></span> <span class='ocrx_word' id='word_1_360' title='bbox 1753 4244 2040 4302; x_wconf 85' lang='lat' dir='ltr'><strong>efficientis</strong></span> <span class='ocrx_word' id='word_1_361' title='bbox 2063 4252 2147 4303; x_wconf 85' lang='lat' dir='ltr'><strong>est</strong></span> <span class='ocrx_word' id='word_1_362' title='bbox 2161 4247 2394 4303; x_wconf 84' lang='lat' dir='ltr'><strong>ell&#39;ectus</strong></span> 
     </span>
     <span class='ocr_line' id='line_1_45' title="bbox 808 4336 2395 4407; baseline -0.001 -13"><span class='ocrx_word' id='word_1_363' title='bbox 808 4337 1076 4407; x_wconf 83' lang='lat' dir='ltr'><strong>iustitiae3</strong></span> <span class='ocrx_word' id='word_1_364' title='bbox 1111 4352 1232 4393; x_wconf 89' lang='lat' dir='ltr'><strong>nam</strong></span> <span class='ocrx_word' id='word_1_365' title='bbox 1273 4336 1478 4393; x_wconf 87' lang='lat' dir='ltr'><strong>iustitia</strong></span> <span class='ocrx_word' id='word_1_366' title='bbox 1507 4336 1658 4407; x_wconf 86' lang='lat' dir='ltr'><strong>l’acit,</strong></span> <span class='ocrx_word' id='word_1_367' title='bbox 1699 4343 1756 4393; x_wconf 89' lang='lat' dir='ltr'><strong>et</strong></span> <span class='ocrx_word' id='word_1_368' title='bbox 1789 4338 2080 4395; x_wconf 89' lang='lat' dir='ltr'><strong>constituit</strong></span> <span class='ocrx_word' id='word_1_369' title='bbox 2116 4336 2395 4393; x_wconf 89' lang='lat' dir='ltr'><strong>obiectum</strong></span> 
     </span>
     <span class='ocr_line' id='line_1_46' title="bbox 807 4425 2391 4499; baseline -0.003 -14"><span class='ocrx_word' id='word_1_370' title='bbox 807 4444 994 4499; x_wconf 87' lang='lat' dir='ltr'><strong>suum,</strong></span> <span class='ocrx_word' id='word_1_371' title='bbox 1027 4428 1171 4484; x_wconf 89' lang='lat' dir='ltr'><strong>sicut</strong></span> <span class='ocrx_word' id='word_1_372' title='bbox 1191 4428 1330 4483; x_wconf 89' lang='lat' dir='ltr'><strong>aliae</strong></span> <span class='ocrx_word' id='word_1_373' title='bbox 1355 4430 1589 4484; x_wconf 86' lang='lat' dir='ltr'><strong>virtutes</strong></span> <span class='ocrx_word' id='word_1_374' title='bbox 1619 4426 1872 4487; x_wconf 83' lang='lat' dir='ltr'><strong>morales.</strong></span> <span class='ocrx_word' id='word_1_375' title='bbox 1907 4425 2046 4483; x_wconf 83' lang='lat' dir='ltr'><strong>illud</strong></span> <span class='ocrx_word' id='word_1_376' title='bbox 2071 4440 2205 4498; x_wconf 85' lang='lat' dir='ltr'><strong>ergo</strong></span> <span class='ocrx_word' id='word_1_377' title='bbox 2246 4426 2391 4483; x_wconf 91' lang='lat' dir='ltr'><strong>obie-</strong></span> 
     </span>
     <span class='ocr_line' id='line_1_47' title="bbox 807 4515 2397 4591; baseline 0.001 -17"><span class='ocrx_word' id='word_1_378' title='bbox 807 4521 983 4587; x_wconf 88' lang='lat' dir='ltr'><strong>ctum,</strong></span> <span class='ocrx_word' id='word_1_379' title='bbox 1007 4518 1126 4573; x_wconf 90' lang='lat' dir='ltr'><strong>siin</strong></span> <span class='ocrx_word' id='word_1_380' title='bbox 1147 4518 1392 4588; x_wconf 88' lang='lat' dir='ltr'><strong>potentia</strong></span> <span class='ocrx_word' id='word_1_381' title='bbox 1412 4516 1815 4591; x_wconf 83' lang='lat' dir='ltr'><strong>consideretur,</strong></span> <span class='ocrx_word' id='word_1_382' title='bbox 1849 4523 2036 4589; x_wconf 89' lang='lat' dir='ltr'><strong>posset</strong></span> <span class='ocrx_word' id='word_1_383' title='bbox 2055 4515 2397 4575; x_wconf 88' lang='lat' dir='ltr'><strong>denominari</strong></span> 
     </span>
     <span class='ocr_line' id='line_1_48' title="bbox 808 4605 2396 4680; baseline 0.001 -17"><span class='ocrx_word' id='word_1_384' title='bbox 808 4624 841 4663; x_wconf 90' lang='lat' dir='ltr'><strong>a</strong></span> <span class='ocrx_word' id='word_1_385' title='bbox 871 4608 1074 4663; x_wconf 89' lang='lat' dir='ltr'><strong>iustitia</strong></span> <span class='ocrx_word' id='word_1_386' title='bbox 1100 4606 1437 4663; x_wconf 83' lang='lat' dir='ltr'><strong>iustificabile</strong></span> <span class='ocrx_word' id='word_1_387' title='bbox 1465 4608 1554 4679; x_wconf 90' lang='lat' dir='ltr'><strong>(ut</strong></span> <span class='ocrx_word' id='word_1_388' title='bbox 1573 4607 1652 4664; x_wconf 85' lang='lat' dir='ltr'><strong>sic</strong></span> <span class='ocrx_word' id='word_1_389' title='bbox 1674 4606 1906 4680; x_wconf 81' lang='lat' dir='ltr'><strong>dicam),</strong></span> <span class='ocrx_word' id='word_1_390' title='bbox 1931 4608 2078 4663; x_wconf 89' lang='lat' dir='ltr'><strong>sicut</strong></span> <span class='ocrx_word' id='word_1_391' title='bbox 2102 4605 2170 4663; x_wconf 87' lang='lat' dir='ltr'><strong>de</strong></span> <span class='ocrx_word' id='word_1_392' title='bbox 2194 4606 2318 4663; x_wconf 88' lang='lat' dir='ltr'><strong>visu</strong></span> <span class='ocrx_word' id='word_1_393' title='bbox 2339 4613 2396 4664; x_wconf 93' lang='lat' dir='ltr'><strong>et</strong></span> 
     </span>
     <span class='ocr_line' id='line_1_49' title="bbox 806 4695 2393 4769; baseline 0 -18"><span class='ocrx_word' id='word_1_394' title='bbox 806 4696 1002 4754; x_wconf 79' lang='lat' dir='ltr'><strong>visibili</strong></span> <span class='ocrx_word' id='word_1_395' title='bbox 1027 4696 1366 4769; x_wconf 82' lang='lat' dir='ltr'><strong>dicebamus3</strong></span> <span class='ocrx_word' id='word_1_396' title='bbox 1390 4702 1568 4752; x_wconf 87' lang='lat' dir='ltr'><strong>tamen</strong></span> <span class='ocrx_word' id='word_1_397' title='bbox 1599 4695 1688 4752; x_wconf 91' lang='lat' dir='ltr'><strong>illa</strong></span> <span class='ocrx_word' id='word_1_398' title='bbox 1710 4696 2072 4752; x_wconf 85' lang='lat' dir='ltr'><strong>denominatio</strong></span> <span class='ocrx_word' id='word_1_399' title='bbox 2101 4711 2210 4751; x_wconf 90' lang='lat' dir='ltr'><strong>uon</strong></span> <span class='ocrx_word' id='word_1_400' title='bbox 2235 4702 2319 4752; x_wconf 91' lang='lat' dir='ltr'><strong>est</strong></span> <span class='ocrx_word' id='word_1_401' title='bbox 2340 4697 2393 4752; x_wconf 89' lang='lat' dir='ltr'><strong>in</strong></span> 
     </span>
     <span class='ocr_line' id='line_1_50' title="bbox 809 4784 2394 4857; baseline -0.001 -14"><span class='ocrx_word' id='word_1_402' title='bbox 809 4802 916 4843; x_wconf 86' lang='lat' dir='ltr'><strong>usu</strong></span> <span class='ocrx_word' id='word_1_403' title='bbox 935 4826 950 4857; x_wconf 89' lang='lat'><strong>,</strong></span> <span class='ocrx_word' id='word_1_404' title='bbox 981 4792 1038 4842; x_wconf 89' lang='lat' dir='ltr'><strong>et</strong></span> <span class='ocrx_word' id='word_1_405' title='bbox 1061 4785 1296 4842; x_wconf 87' lang='lat' dir='ltr'><strong>barbara</strong></span> <span class='ocrx_word' id='word_1_406' title='bbox 1321 4792 1432 4857; x_wconf 90' lang='lat' dir='ltr'><strong>est,</strong></span> <span class='ocrx_word' id='word_1_407' title='bbox 1461 4791 1520 4841; x_wconf 90' lang='lat' dir='ltr'><strong>et</strong></span> <span class='ocrx_word' id='word_1_408' title='bbox 1543 4784 1668 4842; x_wconf 92' lang='lat' dir='ltr'><strong>loco</strong></span> <span class='ocrx_word' id='word_1_409' title='bbox 1705 4784 1847 4841; x_wconf 92' lang='lat' dir='ltr'><strong>illius</strong></span> <span class='ocrx_word' id='word_1_410' title='bbox 1890 4784 2104 4842; x_wconf 87' lang='lat' dir='ltr'><strong>videtur</strong></span> <span class='ocrx_word' id='word_1_411' title='bbox 2148 4784 2394 4842; x_wconf 87' lang='lat' dir='ltr'><strong>introdu-</strong></span> 
     </span>
     <span class='ocr_line' id='line_1_51' title="bbox 808 4874 2393 4947; baseline -0.001 -14"><span class='ocrx_word' id='word_1_412' title='bbox 808 4885 964 4935; x_wconf 89' lang='lat' dir='ltr'><strong>ctum</strong></span> <span class='ocrx_word' id='word_1_413' title='bbox 993 4891 1188 4933; x_wconf 90' lang='lat' dir='ltr'><strong>nomen</strong></span> <span class='ocrx_word' id='word_1_414' title='bbox 1219 4877 1352 4933; x_wconf 87' lang='lat' dir='ltr'><strong>iuris</strong></span> <span class='ocrx_word' id='word_1_415' title='bbox 1377 4919 1391 4947; x_wconf 92' lang='lat'><strong>,</strong></span> <span class='ocrx_word' id='word_1_416' title='bbox 1419 4881 1485 4931; x_wconf 90' lang='lat' dir='ltr'><strong>ut</strong></span> <span class='ocrx_word' id='word_1_417' title='bbox 1512 4881 1600 4933; x_wconf 86' lang='lat' dir='ltr'><strong>est</strong></span> <span class='ocrx_word' id='word_1_418' title='bbox 1623 4875 1896 4932; x_wconf 90' lang='lat' dir='ltr'><strong>obiectum</strong></span> <span class='ocrx_word' id='word_1_419' title='bbox 1923 4874 2183 4932; x_wconf 86' lang='lat' dir='ltr'><strong>iustitiae.</strong></span> <span class='ocrx_word' id='word_1_420' title='bbox 2215 4875 2269 4931; x_wconf 93' lang='lat' dir='ltr'><strong>Si</strong></span> <span class='ocrx_word' id='word_1_421' title='bbox 2299 4891 2393 4931; x_wconf 86' lang='lat' dir='ltr'><strong>au-</strong></span> 
     </span>
     <span class='ocr_line' id='line_1_52' title="bbox 811 4963 2395 5033; baseline -0.001 -10"><span class='ocrx_word' id='word_1_422' title='bbox 811 4973 920 5023; x_wconf 91' lang='lat' dir='ltr'><strong>tem</strong></span> <span class='ocrx_word' id='word_1_423' title='bbox 949 4965 1330 5022; x_wconf 88' lang='lat' dir='ltr'><strong>consideretur</strong></span> <span class='ocrx_word' id='word_1_424' title='bbox 1357 4963 1491 5021; x_wconf 91' lang='lat' dir='ltr'><strong>illud</strong></span> <span class='ocrx_word' id='word_1_425' title='bbox 1519 4964 1800 5021; x_wconf 90' lang='lat' dir='ltr'><strong>obiectum</strong></span> <span class='ocrx_word' id='word_1_426' title='bbox 1829 4964 1879 5020; x_wconf 92' lang='lat' dir='ltr'><strong>in</strong></span> <span class='ocrx_word' id='word_1_427' title='bbox 1910 4972 2067 5033; x_wconf 88' lang='lat' dir='ltr'><strong>actu,</strong></span> <span class='ocrx_word' id='word_1_428' title='bbox 2093 4967 2172 5020; x_wconf 90' lang='lat' dir='ltr'><strong>sic</strong></span> <span class='ocrx_word' id='word_1_429' title='bbox 2194 4963 2395 5022; x_wconf 78' lang='lat' dir='ltr'><strong>dicitur</strong></span> 
     </span>
     <span class='ocr_line' id='line_1_53' title="bbox 809 5053 2390 5127; baseline -0.001 -15"><span class='ocrx_word' id='word_1_430' title='bbox 809 5058 1040 5120; x_wconf 80' lang='lat' dir='ltr'><strong>iustum.</strong></span> <span class='ocrx_word' id='word_1_431' title='bbox 1072 5060 1128 5111; x_wconf 92' lang='lat' dir='ltr'><strong>et</strong></span> <span class='ocrx_word' id='word_1_432' title='bbox 1151 5053 1259 5111; x_wconf 91' lang='lat' dir='ltr'><strong>dici</strong></span> <span class='ocrx_word' id='word_1_433' title='bbox 1289 5059 1468 5127; x_wconf 89' lang='lat' dir='ltr'><strong>potest</strong></span> <span class='ocrx_word' id='word_1_434' title='bbox 1493 5054 1602 5110; x_wconf 90' lang='lat' dir='ltr'><strong>ius.</strong></span> <span class='ocrx_word' id='word_1_435' title='bbox 1633 5054 1722 5111; x_wconf 90' lang='lat' dir='ltr'><strong>Sic</strong></span> <span class='ocrx_word' id='word_1_436' title='bbox 1760 5054 1904 5109; x_wconf 90' lang='lat' dir='ltr'><strong>enim</strong></span> <span class='ocrx_word' id='word_1_437' title='bbox 1947 5054 2167 5126; x_wconf 85' lang='lat' dir='ltr'><strong>proprie</strong></span> <span class='ocrx_word' id='word_1_438' title='bbox 2206 5053 2390 5111; x_wconf 90' lang='lat' dir='ltr'><strong>locum</strong></span> 
     </span>
     <span class='ocr_line' id='line_1_54' title="bbox 811 5142 2393 5218; baseline 0 -17"><span class='ocrx_word' id='word_1_439' title='bbox 811 5145 996 5218; x_wconf 89' lang='lat' dir='ltr'><strong>habet,</strong></span> <span class='ocrx_word' id='word_1_440' title='bbox 1027 5144 1177 5217; x_wconf 86' lang='lat' dir='ltr'><strong>quod</strong></span> <span class='ocrx_word' id='word_1_441' title='bbox 1207 5144 1336 5201; x_wconf 88' lang='lat' dir='ltr'><strong>dixit</strong></span> <span class='ocrx_word' id='word_1_442' title='bbox 1363 5144 1739 5217; x_wconf 76' lang='lat' dir='ltr'><strong>Augustinus,</strong></span> <span class='ocrx_word' id='word_1_443' title='bbox 1771 5142 1857 5199; x_wconf 87' lang='lat' dir='ltr'><strong>ius-</strong></span> <span class='ocrx_word' id='word_1_444' title='bbox 1889 5150 1946 5200; x_wconf 90' lang='lat' dir='ltr'><strong>et</strong></span> <span class='ocrx_word' id='word_1_445' title='bbox 1980 5142 2233 5199; x_wconf 87' lang='lat' dir='ltr'><strong>iniuriam</strong></span> <span class='ocrx_word' id='word_1_446' title='bbox 2272 5159 2393 5201; x_wconf 89' lang='lat' dir='ltr'><strong>esse</strong></span> 
     </span>
     <span class='ocr_line' id='line_1_55' title="bbox 809 5230 2389 5306; baseline -0.001 -14"><span class='ocrx_word' id='word_1_447' title='bbox 809 5234 1119 5306; x_wconf 79' lang='lat' dir='ltr'><strong>eontraria3</strong></span> <span class='ocrx_word' id='word_1_448' title='bbox 1155 5248 1278 5291; x_wconf 86' lang='lat' dir='ltr'><strong>nam</strong></span> <span class='ocrx_word' id='word_1_449' title='bbox 1304 5232 1501 5291; x_wconf 88' lang='lat' dir='ltr'><strong>iniuria</strong></span> <span class='ocrx_word' id='word_1_450' title='bbox 1529 5230 1658 5289; x_wconf 88' lang='lat' dir='ltr'><strong>nihil</strong></span> <span class='ocrx_word' id='word_1_451' title='bbox 1688 5230 1834 5289; x_wconf 90' lang='lat' dir='ltr'><strong>aliud</strong></span> <span class='ocrx_word' id='word_1_452' title='bbox 1863 5238 1979 5302; x_wconf 83' lang='lat' dir='ltr'><strong>est,</strong></span> <span class='ocrx_word' id='word_1_453' title='bbox 2020 5247 2185 5303; x_wconf 89' lang='lat' dir='ltr'><strong>quam</strong></span> <span class='ocrx_word' id='word_1_454' title='bbox 2208 5240 2389 5291; x_wconf 88' lang='lat' dir='ltr'><strong>·actus</strong></span> 
     </span>
    </p>
   </div>
   <div class='ocr_carea' id='block_1_4' title="bbox 2462 566 4059 2886">
    <p class='ocr_par' dir='ltr' id='par_1_6' title="bbox 2465 566 4058 1454">
     <span class='ocr_line' id='line_1_56' title="bbox 2480 566 4051 651; baseline -0.006 -20"><span class='ocrx_word' id='word_1_455' title='bbox 2480 572 2655 651; x_wconf 79' lang='lat' dir='ltr'><strong>Quod</strong></span> <span class='ocrx_word' id='word_1_456' title='bbox 2674 574 2911 647; x_wconf 69' lang='lat' dir='ltr'><strong>ittrefit,</strong></span> <span class='ocrx_word' id='word_1_457' title='bbox 2935 572 3197 649; x_wconf 79' lang='lat' dir='ltr'><strong>profecto</strong></span> <span class='ocrx_word' id='word_1_458' title='bbox 3219 574 3369 628; x_wconf 74' lang='lat' dir='ltr'><strong>iuste</strong></span> <span class='ocrx_word' id='word_1_459' title='bbox 3380 569 3483 642; x_wconf 80' lang='lat' dir='ltr'><strong>fit.</strong></span> <span class='ocrx_word' id='word_1_460' title='bbox 3508 569 3661 629; x_wconf 88' lang='lat' dir='ltr'><strong>Unde</strong></span> <span class='ocrx_word' id='word_1_461' title='bbox 3688 568 3894 626; x_wconf 86' lang='lat' dir='ltr'><strong>Bartol.</strong></span> <span class='ocrx_word' id='word_1_462' title='bbox 3916 570 3974 623; x_wconf 86' lang='lat' dir='ltr'><strong>in</strong></span> <span class='ocrx_word' id='word_1_463' title='bbox 3992 566 4051 623; x_wconf 91' lang='lat' dir='ltr'><strong>d.</strong></span> 
     </span>
     <span class='ocr_line' id='line_1_57' title="bbox 2474 658 4049 736; baseline -0.006 -15"><span class='ocrx_word' id='word_1_464' title='bbox 2474 665 2511 721; x_wconf 89' lang='lat' dir='ltr'><strong>l.</strong></span> <span class='ocrx_word' id='word_1_465' title='bbox 2568 671 2616 724; x_wconf 91' lang='lat'><strong>1.</strong></span> <span class='ocrx_word' id='word_1_466' title='bbox 2660 664 2811 736; x_wconf 81' lang='lat' dir='ltr'><strong>dixit,</strong></span> <span class='ocrx_word' id='word_1_467' title='bbox 2842 668 2929 720; x_wconf 92' lang='lat' dir='ltr'><strong>ius</strong></span> <span class='ocrx_word' id='word_1_468' title='bbox 2958 664 3009 719; x_wconf 89' lang='lat' dir='ltr'><strong>in</strong></span> <span class='ocrx_word' id='word_1_469' title='bbox 3038 670 3167 721; x_wconf 92' lang='lat' dir='ltr'><strong>actu</strong></span> <span class='ocrx_word' id='word_1_470' title='bbox 3194 677 3314 719; x_wconf 87' lang='lat' dir='ltr'><strong>esse</strong></span> <span class='ocrx_word' id='word_1_471' title='bbox 3342 662 3741 727; x_wconf 84' lang='lat' dir='ltr'><strong>executionem,</strong></span> <span class='ocrx_word' id='word_1_472' title='bbox 3766 666 3822 717; x_wconf 91' lang='lat' dir='ltr'><strong>et</strong></span> <span class='ocrx_word' id='word_1_473' title='bbox 3846 658 3915 715; x_wconf 90' lang='lat' dir='ltr'><strong>de</strong></span> <span class='ocrx_word' id='word_1_474' title='bbox 3942 658 4049 713; x_wconf 83' lang='lat' dir='ltr'><strong>hoe</strong></span> 
     </span>
     <span class='ocr_line' id='line_1_58' title="bbox 2469 739 4055 828; baseline -0.005 -17"><span class='ocrx_word' id='word_1_475' title='bbox 2469 758 2862 828; x_wconf 89' lang='lat' dir='ltr'><strong>interpretatur</strong></span> <span class='ocrx_word' id='word_1_476' title='bbox 2892 754 3037 811; x_wconf 89' lang='lat' dir='ltr'><strong>illam</strong></span> <span class='ocrx_word' id='word_1_477' title='bbox 3064 752 3258 826; x_wconf 87' lang='lat' dir='ltr'><strong>legem:</strong></span> <span class='ocrx_word' id='word_1_478' title='bbox 3288 739 3663 808; x_wconf 79' lang='lat' dir='ltr'><strong>verumtamen</strong></span> <span class='ocrx_word' id='word_1_479' title='bbox 3686 749 3849 805; x_wconf 89' lang='lat' dir='ltr'><strong>etiam</strong></span> <span class='ocrx_word' id='word_1_480' title='bbox 3874 752 4055 819; x_wconf 85' lang='lat' dir='ltr'><strong>potest</strong></span> 
     </span>
     <span class='ocr_line' id='line_1_59' title="bbox 2476 835 4058 917; baseline -0.006 -17"><span class='ocrx_word' id='word_1_481' title='bbox 2476 845 2673 917; x_wconf 87' lang='lat' dir='ltr'><strong>optime</strong></span> <span class='ocrx_word' id='word_1_482' title='bbox 2703 844 2925 916; x_wconf 88' lang='lat' dir='ltr'><strong>intelligi</strong></span> <span class='ocrx_word' id='word_1_483' title='bbox 2952 842 3016 900; x_wconf 89' lang='lat' dir='ltr'><strong>de</strong></span> <span class='ocrx_word' id='word_1_484' title='bbox 3054 842 3171 899; x_wconf 87' lang='lat' dir='ltr'><strong>iure</strong></span> <span class='ocrx_word' id='word_1_485' title='bbox 3208 842 3261 897; x_wconf 90' lang='lat' dir='ltr'><strong>in</strong></span> <span class='ocrx_word' id='word_1_486' title='bbox 3304 840 3571 914; x_wconf 80' lang='lat' dir='ltr'><strong>pote-ntia,</strong></span> <span class='ocrx_word' id='word_1_487' title='bbox 3610 854 3709 895; x_wconf 90' lang='lat' dir='ltr'><strong>seu</strong></span> <span class='ocrx_word' id='word_1_488' title='bbox 3746 838 3800 895; x_wconf 85' lang='lat' dir='ltr'><strong>in</strong></span> <span class='ocrx_word' id='word_1_489' title='bbox 3842 835 4058 906; x_wconf 87' lang='lat' dir='ltr'><strong>habitu,</strong></span> 
     </span>
     <span class='ocr_line' id='line_1_60' title="bbox 2468 926 4057 1007; baseline -0.006 -16"><span class='ocrx_word' id='word_1_490' title='bbox 2468 934 2618 1007; x_wconf 91' lang='lat' dir='ltr'><strong>quia,</strong></span> <span class='ocrx_word' id='word_1_491' title='bbox 2652 940 2716 990; x_wconf 91' lang='lat' dir='ltr'><strong>ut</strong></span> <span class='ocrx_word' id='word_1_492' title='bbox 2746 934 2872 1007; x_wconf 82' lang='lat' dir='ltr'><strong>dixi,</strong></span> <span class='ocrx_word' id='word_1_493' title='bbox 2908 950 3013 990; x_wconf 91' lang='lat' dir='ltr'><strong>non</strong></span> <span class='ocrx_word' id='word_1_494' title='bbox 3042 939 3127 989; x_wconf 88' lang='lat' dir='ltr'><strong>est</strong></span> <span class='ocrx_word' id='word_1_495' title='bbox 3148 947 3329 989; x_wconf 85' lang='lat' dir='ltr'><strong>sermo</strong></span> <span class='ocrx_word' id='word_1_496' title='bbox 3359 930 3426 988; x_wconf 92' lang='lat' dir='ltr'><strong>de</strong></span> <span class='ocrx_word' id='word_1_497' title='bbox 3452 930 3789 987; x_wconf 88' lang='lat' dir='ltr'><strong>emanatione</strong></span> <span class='ocrx_word' id='word_1_498' title='bbox 3818 926 4057 997; x_wconf 87' lang='lat' dir='ltr'><strong>causali,</strong></span> 
     </span>
     <span class='ocr_line' id='line_1_61' title="bbox 2469 1017 4053 1091; baseline -0.004 -12"><span class='ocrx_word' id='word_1_499' title='bbox 2469 1024 2565 1081; x_wconf 86' lang='lat' dir='ltr'><strong>sed</strong></span> <span class='ocrx_word' id='word_1_500' title='bbox 2590 1023 2658 1081; x_wconf 88' lang='lat' dir='ltr'><strong>de</strong></span> <span class='ocrx_word' id='word_1_501' title='bbox 2680 1024 2799 1081; x_wconf 90' lang='lat' dir='ltr'><strong>sola</strong></span> <span class='ocrx_word' id='word_1_502' title='bbox 2818 1023 3273 1091; x_wconf 86' lang='lat' dir='ltr'><strong>denominatione,</strong></span> <span class='ocrx_word' id='word_1_503' title='bbox 3292 1021 3439 1078; x_wconf 89' lang='lat' dir='ltr'><strong>sicut</strong></span> <span class='ocrx_word' id='word_1_504' title='bbox 3460 1019 3646 1076; x_wconf 85' lang='lat' dir='ltr'><strong>scibile</strong></span> <span class='ocrx_word' id='word_1_505' title='bbox 3665 1017 4053 1075; x_wconf 84' lang='lat' dir='ltr'><strong>denominatur</strong></span> 
     </span>
     <span class='ocr_line' id='line_1_62' title="bbox 2468 1104 4049 1182; baseline -0.004 -14"><span class='ocrx_word' id='word_1_506' title='bbox 2468 1128 2499 1168; x_wconf 90' lang='lat' dir='ltr'><strong>a</strong></span> <span class='ocrx_word' id='word_1_507' title='bbox 2527 1112 2749 1169; x_wconf 89' lang='lat' dir='ltr'><strong>scientia</strong></span> <span class='ocrx_word' id='word_1_508' title='bbox 2777 1113 2935 1169; x_wconf 86' lang='lat' dir='ltr'><strong>etiam</strong></span> <span class='ocrx_word' id='word_1_509' title='bbox 2964 1111 3012 1167; x_wconf 92' lang='lat' dir='ltr'><strong>in</strong></span> <span class='ocrx_word' id='word_1_510' title='bbox 3044 1110 3251 1167; x_wconf 86' lang='lat' dir='ltr'><strong>babitu.</strong></span> <span class='ocrx_word' id='word_1_511' title='bbox 3280 1110 3419 1166; x_wconf 86' lang='lat' dir='ltr'><strong>Nihil</strong></span> <span class='ocrx_word' id='word_1_512' title='bbox 3446 1124 3580 1182; x_wconf 88' lang='lat' dir='ltr'><strong>ergo</strong></span> <span class='ocrx_word' id='word_1_513' title='bbox 3608 1117 3695 1167; x_wconf 93' lang='lat' dir='ltr'><strong>est</strong></span> <span class='ocrx_word' id='word_1_514' title='bbox 3712 1104 4049 1165; x_wconf 84' lang='lat' dir='ltr'><strong>incommodi</strong></span> 
     </span>
     <span class='ocr_line' id='line_1_63' title="bbox 2468 1198 4045 1277; baseline -0.005 -19"><span class='ocrx_word' id='word_1_515' title='bbox 2468 1203 2521 1258; x_wconf 92' lang='lat' dir='ltr'><strong>in</strong></span> <span class='ocrx_word' id='word_1_516' title='bbox 2548 1201 2653 1259; x_wconf 86' lang='lat' dir='ltr'><strong>hac</strong></span> <span class='ocrx_word' id='word_1_517' title='bbox 2690 1200 3041 1277; x_wconf 76' lang='lat' dir='ltr'><strong>etymologia:</strong></span> <span class='ocrx_word' id='word_1_518' title='bbox 3070 1206 3127 1257; x_wconf 89' lang='lat' dir='ltr'><strong>et</strong></span> <span class='ocrx_word' id='word_1_519' title='bbox 3162 1200 3410 1272; x_wconf 80' lang='lat' dir='ltr'><strong>quamvis</strong></span> <span class='ocrx_word' id='word_1_520' title='bbox 3448 1200 3719 1255; x_wconf 88' lang='lat' dir='ltr'><strong>incertum</strong></span> <span class='ocrx_word' id='word_1_521' title='bbox 3756 1198 3862 1263; x_wconf 84' lang='lat' dir='ltr'><strong>sit,</strong></span> <span class='ocrx_word' id='word_1_522' title='bbox 3902 1210 4045 1268; x_wconf 87' lang='lat' dir='ltr'><strong>quae</strong></span> 
     </span>
     <span class='ocr_line' id='line_1_64' title="bbox 2465 1288 4045 1359; baseline -0.006 -11"><span class='ocrx_word' id='word_1_523' title='bbox 2465 1294 2700 1349; x_wconf 88' lang='lat' dir='ltr'><strong>istarum</strong></span> <span class='ocrx_word' id='word_1_524' title='bbox 2742 1292 2979 1347; x_wconf 88' lang='lat' dir='ltr'><strong>duarum</strong></span> <span class='ocrx_word' id='word_1_525' title='bbox 3020 1288 3413 1347; x_wconf 88' lang='lat' dir='ltr'><strong>deductionum</strong></span> <span class='ocrx_word' id='word_1_526' title='bbox 3450 1289 3523 1344; x_wconf 91' lang='lat' dir='ltr'><strong>sit</strong></span> <span class='ocrx_word' id='word_1_527' title='bbox 3562 1288 3770 1359; x_wconf 83' lang='lat' dir='ltr'><strong>verior,</strong></span> <span class='ocrx_word' id='word_1_528' title='bbox 3806 1290 4045 1357; x_wconf 87' lang='lat' dir='ltr'><strong>utraque</strong></span> 
     </span>
     <span class='ocr_line' id='line_1_65' title="bbox 2466 1380 3546 1454; baseline -0.006 -15"><span class='ocrx_word' id='word_1_529' title='bbox 2466 1382 2736 1454; x_wconf 83' lang='lat' dir='ltr'><strong>praesenti</strong></span> <span class='ocrx_word' id='word_1_530' title='bbox 2764 1381 3010 1439; x_wconf 87' lang='lat' dir='ltr'><strong>instituto</strong></span> <span class='ocrx_word' id='word_1_531' title='bbox 3038 1380 3316 1437; x_wconf 82' lang='lat' dir='ltr'><strong>deservire</strong></span> <span class='ocrx_word' id='word_1_532' title='bbox 3346 1383 3546 1451; x_wconf 86' lang='lat' dir='ltr'><strong>potest.</strong></span> 
     </span>
    </p>

    <p class='ocr_par' dir='ltr' id='par_1_7' title="bbox 2462 1465 4059 2886">
     <span class='ocr_line' id='line_1_66' title="bbox 2544 1465 4045 1542; baseline -0.007 -14"><span class='ocrx_word' id='word_1_533' title='bbox 2544 1476 2597 1529; x_wconf 85' lang='grc'><strong>3.</strong></span> <span class='ocrx_word' id='word_1_534' title='bbox 2630 1472 2789 1527; x_wconf 83' lang='lat' dir='ltr'><strong>iuxta</strong></span> <span class='ocrx_word' id='word_1_535' title='bbox 2818 1470 2913 1527; x_wconf 86' lang='lat' dir='ltr'><strong>has</strong></span> <span class='ocrx_word' id='word_1_536' title='bbox 2943 1485 3075 1542; x_wconf 86' lang='lat' dir='ltr'><strong>ergo</strong></span> <span class='ocrx_word' id='word_1_537' title='bbox 3104 1469 3243 1526; x_wconf 89' lang='lat' dir='ltr'><strong>duas</strong></span> <span class='ocrx_word' id='word_1_538' title='bbox 3272 1468 3420 1525; x_wconf 84' lang='lat' dir='ltr'><strong>vocis</strong></span> <span class='ocrx_word' id='word_1_539' title='bbox 3447 1465 4045 1537; x_wconf 85' lang='lat' dir='ltr'><strong>derivationes,nomen</strong></span> 
     </span>
     <span class='ocr_line' id='line_1_67' title="bbox 2472 1553 4049 1633; baseline -0.006 -15"><span class='ocrx_word' id='word_1_540' title='bbox 2472 1566 2571 1620; x_wconf 82' lang='lat' dir='ltr'><strong>Ius</strong></span> <span class='ocrx_word' id='word_1_541' title='bbox 2598 1560 2737 1618; x_wconf 90' lang='lat' dir='ltr'><strong>duas</strong></span> <span class='ocrx_word' id='word_1_542' title='bbox 2768 1560 3087 1633; x_wconf 87' lang='lat' dir='ltr'><strong>praecipuas</strong></span> <span class='ocrx_word' id='word_1_543' title='bbox 3116 1558 3281 1615; x_wconf 88' lang='lat' dir='ltr'><strong>habet</strong></span> <span class='ocrx_word' id='word_1_544' title='bbox 3316 1556 3763 1630; x_wconf 81' lang='lat' dir='ltr'><strong>significationes,</strong></span> <span class='ocrx_word' id='word_1_545' title='bbox 3785 1570 3928 1627; x_wconf 90' lang='lat' dir='ltr'><strong>quas</strong></span> <span class='ocrx_word' id='word_1_546' title='bbox 3954 1553 4049 1610; x_wconf 86' lang='lat' dir='ltr'><strong>ad·</strong></span> 
     </span>
     <span class='ocr_line' id='line_1_68' title="bbox 2468 1648 4051 1717; baseline -0.006 -9"><span class='ocrx_word' id='word_1_547' title='bbox 2468 1653 2677 1708; x_wconf 85' lang='lat' dir='ltr'><strong>notavit</strong></span> <span class='ocrx_word' id='word_1_548' title='bbox 2701 1651 2897 1708; x_wconf 87' lang='lat' dir='ltr'><strong>Driedo</strong></span> <span class='ocrx_word' id='word_1_549' title='bbox 2918 1650 3009 1706; x_wconf 90' lang='lat' dir='ltr'><strong>lib.</strong></span> <span class='ocrx_word' id='word_1_550' title='bbox 3050 1653 3098 1707; x_wconf 90' lang='lat'><strong>1.</strong></span> <span class='ocrx_word' id='word_1_551' title='bbox 3132 1648 3204 1707; x_wconf 85' lang='lat' dir='ltr'><strong>de</strong></span> <span class='ocrx_word' id='word_1_552' title='bbox 3230 1648 3420 1705; x_wconf 75' lang='lat' dir='ltr'><strong>libert.</strong></span> <span class='ocrx_word' id='word_1_553' title='bbox 3446 1649 3787 1705; x_wconf 76' lang='lat' dir='ltr'><strong>christiana</strong></span> <span class='ocrx_word' id='word_1_554' title='bbox 3804 1661 3929 1717; x_wconf 86' lang='lat' dir='ltr'><strong>cap.</strong></span> <span class='ocrx_word' id='word_1_555' title='bbox 3963 1648 4051 1703; x_wconf 81' lang='lat' dir='ltr'><strong>to.</strong></span> 
     </span>
     <span class='ocr_line' id='line_1_69' title="bbox 2464 1736 4043 1816; baseline -0.004 -18"><span class='ocrx_word' id='word_1_556' title='bbox 2464 1743 2605 1799; x_wconf 85' lang='lat' dir='ltr'><strong>Nam</strong></span> <span class='ocrx_word' id='word_1_557' title='bbox 2627 1744 2779 1800; x_wconf 88' lang='lat' dir='ltr'><strong>iuxta</strong></span> <span class='ocrx_word' id='word_1_558' title='bbox 2800 1740 3046 1799; x_wconf 89' lang='lat' dir='ltr'><strong>ultimam</strong></span> <span class='ocrx_word' id='word_1_559' title='bbox 3065 1740 3454 1816; x_wconf 79' lang='lat' dir='ltr'><strong>etymologiam</strong></span> <span class='ocrx_word' id='word_1_560' title='bbox 3474 1740 3563 1794; x_wconf 88' lang='lat' dir='ltr'><strong>ius</strong></span> <span class='ocrx_word' id='word_1_561' title='bbox 3584 1737 3724 1796; x_wconf 90' lang='lat' dir='ltr'><strong>idem</strong></span> <span class='ocrx_word' id='word_1_562' title='bbox 3747 1736 4043 1809; x_wconf 81' lang='lat' dir='ltr'><strong>significat,</strong></span> 
     </span>
     <span class='ocr_line' id='line_1_70' title="bbox 2462 1823 4049 1904; baseline -0.006 -16"><span class='ocrx_word' id='word_1_563' title='bbox 2462 1831 2613 1904; x_wconf 91' lang='lat' dir='ltr'><strong>quod</strong></span> <span class='ocrx_word' id='word_1_564' title='bbox 2642 1832 2851 1888; x_wconf 86' lang='lat' dir='ltr'><strong>iustum</strong></span> <span class='ocrx_word' id='word_1_565' title='bbox 2878 1836 2933 1887; x_wconf 90' lang='lat' dir='ltr'><strong>et</strong></span> <span class='ocrx_word' id='word_1_566' title='bbox 2968 1845 3237 1904; x_wconf 89' lang='lat' dir='ltr'><strong>aequum,</strong></span> <span class='ocrx_word' id='word_1_567' title='bbox 3268 1827 3415 1902; x_wconf 91' lang='lat' dir='ltr'><strong>quod</strong></span> <span class='ocrx_word' id='word_1_568' title='bbox 3450 1834 3539 1884; x_wconf 88' lang='lat' dir='ltr'><strong>est</strong></span> <span class='ocrx_word' id='word_1_569' title='bbox 3574 1826 3851 1885; x_wconf 86' lang='lat' dir='ltr'><strong>obiectum</strong></span> <span class='ocrx_word' id='word_1_570' title='bbox 3888 1823 4049 1880; x_wconf 88' lang='lat' dir='ltr'><strong>iusti-</strong></span> 
     </span>
     <span class='ocr_line' id='line_1_71' title="bbox 2467 1911 4049 1988; baseline -0.006 -11"><span class='ocrx_word' id='word_1_571' title='bbox 2467 1923 2591 1978; x_wconf 90' lang='lat' dir='ltr'><strong>tiae.</strong></span> <span class='ocrx_word' id='word_1_572' title='bbox 2622 1919 3087 1978; x_wconf 87' lang='lat' dir='ltr'><strong>Considerandum</strong></span> <span class='ocrx_word' id='word_1_573' title='bbox 3118 1926 3203 1976; x_wconf 84' lang='lat' dir='ltr'><strong>est</strong></span> <span class='ocrx_word' id='word_1_574' title='bbox 3228 1925 3433 1988; x_wconf 84' lang='lat' dir='ltr'><strong>autem,</strong></span> <span class='ocrx_word' id='word_1_575' title='bbox 3464 1916 3697 1973; x_wconf 86' lang='lat' dir='ltr'><strong>iustitiae</strong></span> <span class='ocrx_word' id='word_1_576' title='bbox 3724 1928 3920 1971; x_wconf 88' lang='lat' dir='ltr'><strong>nomen</strong></span> <span class='ocrx_word' id='word_1_577' title='bbox 3938 1911 4049 1969; x_wconf 90' lang='lat' dir='ltr'><strong>du-</strong></span> 
     </span>
     <span class='ocr_line' id='line_1_72' title="bbox 2468 2003 4053 2083; baseline -0.007 -15"><span class='ocrx_word' id='word_1_578' title='bbox 2468 2012 2685 2083; x_wconf 91' lang='lat' dir='ltr'><strong>pliciter</strong></span> <span class='ocrx_word' id='word_1_579' title='bbox 2714 2010 2908 2083; x_wconf 88' lang='lat' dir='ltr'><strong>accipi.</strong></span> <span class='ocrx_word' id='word_1_580' title='bbox 2941 2009 3121 2067; x_wconf 87' lang='lat' dir='ltr'><strong>Primo</strong></span> <span class='ocrx_word' id='word_1_581' title='bbox 3150 2024 3249 2080; x_wconf 90' lang='lat' dir='ltr'><strong>pro</strong></span> <span class='ocrx_word' id='word_1_582' title='bbox 3276 2006 3421 2063; x_wconf 91' lang='lat' dir='ltr'><strong>omni</strong></span> <span class='ocrx_word' id='word_1_583' title='bbox 3450 2008 3676 2077; x_wconf 86' lang='lat' dir='ltr'><strong>virtute,</strong></span> <span class='ocrx_word' id='word_1_584' title='bbox 3706 2003 3835 2077; x_wconf 88' lang='lat' dir='ltr'><strong>quia</strong></span> <span class='ocrx_word' id='word_1_585' title='bbox 3872 2004 4053 2059; x_wconf 86' lang='lat' dir='ltr'><strong>omnis</strong></span> 
     </span>
     <span class='ocr_line' id='line_1_73' title="bbox 2466 2093 4057 2173; baseline -0.004 -18"><span class='ocrx_word' id='word_1_586' title='bbox 2466 2102 2639 2158; x_wconf 86' lang='lat' dir='ltr'><strong>virtus</strong></span> <span class='ocrx_word' id='word_1_587' title='bbox 2670 2100 2915 2173; x_wconf 77' lang='lat' dir='ltr'><strong>respicit,</strong></span> <span class='ocrx_word' id='word_1_588' title='bbox 2945 2108 2997 2156; x_wconf 88' lang='lat' dir='ltr'><strong>et</strong></span> <span class='ocrx_word' id='word_1_589' title='bbox 3027 2098 3157 2155; x_wconf 86' lang='lat' dir='ltr'><strong>l&#39;acit</strong></span> <span class='ocrx_word' id='word_1_590' title='bbox 3182 2097 3365 2170; x_wconf 89' lang='lat' dir='ltr'><strong>aliquo</strong></span> <span class='ocrx_word' id='word_1_591' title='bbox 3394 2095 3557 2153; x_wconf 91' lang='lat' dir='ltr'><strong>modo</strong></span> <span class='ocrx_word' id='word_1_592' title='bbox 3586 2093 3939 2167; x_wconf 69' lang='lat' dir='ltr'><strong>aequitatem,</strong></span> <span class='ocrx_word' id='word_1_593' title='bbox 3968 2107 4057 2149; x_wconf 84' lang='lat' dir='ltr'><strong>se-</strong></span> 
     </span>
     <span class='ocr_line' id='line_1_74' title="bbox 2466 2182 4053 2262; baseline -0.005 -15"><span class='ocrx_word' id='word_1_594' title='bbox 2466 2189 2650 2247; x_wconf 89' lang='lat' dir='ltr'><strong>cundo</strong></span> <span class='ocrx_word' id='word_1_595' title='bbox 2668 2194 2765 2262; x_wconf 81' lang='lat' dir='ltr'><strong>pr&#39;o</strong></span> <span class='ocrx_word' id='word_1_596' title='bbox 2782 2188 3006 2262; x_wconf 87' lang='lat' dir='ltr'><strong>speciali</strong></span> <span class='ocrx_word' id='word_1_597' title='bbox 3022 2189 3217 2245; x_wconf 83' lang='lat' dir='ltr'><strong>virtute</strong></span> <span class='ocrx_word' id='word_1_598' title='bbox 3242 2187 3519 2244; x_wconf 86' lang='lat' dir='ltr'><strong>tribuente</strong></span> <span class='ocrx_word' id='word_1_599' title='bbox 3539 2184 3693 2242; x_wconf 89' lang='lat' dir='ltr'><strong>alteri</strong></span> <span class='ocrx_word' id='word_1_600' title='bbox 3716 2182 3870 2258; x_wconf 92' lang='lat' dir='ltr'><strong>quod</strong></span> <span class='ocrx_word' id='word_1_601' title='bbox 3884 2198 4053 2239; x_wconf 85' lang='lat' dir='ltr'><strong>suum</strong></span> 
     </span>
     <span class='ocr_line' id='line_1_75' title="bbox 2466 2272 4055 2354; baseline -0.006 -18"><span class='ocrx_word' id='word_1_602' title='bbox 2466 2287 2570 2337; x_wconf 88' lang='lat' dir='ltr'><strong>est.</strong></span> <span class='ocrx_word' id='word_1_603' title='bbox 2603 2282 2827 2354; x_wconf 87' lang='lat' dir='ltr'><strong>Utrique</strong></span> <span class='ocrx_word' id='word_1_604' title='bbox 2856 2294 2991 2353; x_wconf 89' lang='lat' dir='ltr'><strong>ergo</strong></span> <span class='ocrx_word' id='word_1_605' title='bbox 3022 2277 3395 2351; x_wconf 84' lang='lat' dir='ltr'><strong>significationi</strong></span> <span class='ocrx_word' id='word_1_606' title='bbox 3422 2279 3507 2333; x_wconf 86' lang='lat' dir='ltr'><strong>ius</strong></span> <span class='ocrx_word' id='word_1_607' title='bbox 3536 2290 3667 2331; x_wconf 90' lang='lat' dir='ltr'><strong>cum</strong></span> <span class='ocrx_word' id='word_1_608' title='bbox 3706 2272 4055 2346; x_wconf 86' lang='lat' dir='ltr'><strong>proportione</strong></span> 
     </span>
     <span class='ocr_line' id='line_1_76' title="bbox 2468 2358 4057 2441; baseline -0.004 -16"><span class='ocrx_word' id='word_1_609' title='bbox 2468 2369 2779 2441; x_wconf 86' lang='lat' dir='ltr'><strong>respondet.</strong></span> <span class='ocrx_word' id='word_1_610' title='bbox 2796 2358 2929 2426; x_wconf 83' lang='lat' dir='ltr'><strong>Nam</strong></span> <span class='ocrx_word' id='word_1_611' title='bbox 2954 2370 3127 2441; x_wconf 88' lang='lat' dir='ltr'><strong>primo</strong></span> <span class='ocrx_word' id='word_1_612' title='bbox 3150 2369 3233 2424; x_wconf 86' lang='lat' dir='ltr'><strong>ius</strong></span> <span class='ocrx_word' id='word_1_613' title='bbox 3258 2367 3563 2439; x_wconf 80' lang='lat' dir='ltr'><strong>significare</strong></span> <span class='ocrx_word' id='word_1_614' title='bbox 3586 2370 3771 2437; x_wconf 89' lang='lat' dir='ltr'><strong>potest</strong></span> <span class='ocrx_word' id='word_1_615' title='bbox 3788 2362 4057 2436; x_wconf 89' lang='lat' dir='ltr'><strong>quidquid</strong></span> 
     </span>
     <span class='ocr_line' id='line_1_77' title="bbox 2464 2451 4057 2533; baseline -0.004 -18"><span class='ocrx_word' id='word_1_616' title='bbox 2464 2466 2551 2515; x_wconf 86' lang='lat' dir='ltr'><strong>est</strong></span> <span class='ocrx_word' id='word_1_617' title='bbox 2577 2469 2816 2533; x_wconf 88' lang='lat' dir='ltr'><strong>aequum</strong></span> <span class='ocrx_word' id='word_1_618' title='bbox 2838 2466 2897 2515; x_wconf 92' lang='lat' dir='ltr'><strong>et</strong></span> <span class='ocrx_word' id='word_1_619' title='bbox 2917 2462 3347 2514; x_wconf 89' lang='lat' dir='ltr'><strong>consentaneum</strong></span> <span class='ocrx_word' id='word_1_620' title='bbox 3370 2454 3585 2524; x_wconf 67' lang='lat' dir='ltr'><strong>rationi,</strong></span> <span class='ocrx_word' id='word_1_621' title='bbox 3608 2452 3759 2527; x_wconf 87' lang='lat' dir='ltr'><strong>quod</strong></span> <span class='ocrx_word' id='word_1_622' title='bbox 3780 2459 3866 2509; x_wconf 84' lang='lat' dir='ltr'><strong>est</strong></span> <span class='ocrx_word' id='word_1_623' title='bbox 3886 2451 4057 2509; x_wconf 79' lang='lat' dir='ltr'><strong>veluti</strong></span> 
     </span>
     <span class='ocr_line' id='line_1_78' title="bbox 2463 2542 4051 2622; baseline -0.003 -19"><span class='ocrx_word' id='word_1_624' title='bbox 2463 2548 2715 2622; x_wconf 85' lang='lat' dir='ltr'><strong>generale</strong></span> <span class='ocrx_word' id='word_1_625' title='bbox 2744 2546 3022 2605; x_wconf 88' lang='lat' dir='ltr'><strong>obiectum</strong></span> <span class='ocrx_word' id='word_1_626' title='bbox 3052 2546 3270 2603; x_wconf 78' lang='lat' dir='ltr'><strong>virtutis</strong></span> <span class='ocrx_word' id='word_1_627' title='bbox 3296 2547 3351 2601; x_wconf 91' lang='lat' dir='ltr'><strong>in</strong></span> <span class='ocrx_word' id='word_1_628' title='bbox 3388 2559 3607 2617; x_wconf 87' lang='lat' dir='ltr'><strong>genere.</strong></span> <span class='ocrx_word' id='word_1_629' title='bbox 3654 2542 3909 2600; x_wconf 87' lang='lat' dir='ltr'><strong>Secundo</strong></span> <span class='ocrx_word' id='word_1_630' title='bbox 3946 2556 4051 2613; x_wconf 92' lang='lat' dir='ltr'><strong>po·</strong></span> 
     </span>
     <span class='ocr_line' id='line_1_79' title="bbox 2464 2631 4057 2710; baseline -0.003 -16"><span class='ocrx_word' id='word_1_631' title='bbox 2464 2645 2573 2696; x_wconf 86' lang='lat' dir='ltr'><strong>test</strong></span> <span class='ocrx_word' id='word_1_632' title='bbox 2599 2640 2687 2694; x_wconf 90' lang='lat' dir='ltr'><strong>ius</strong></span> <span class='ocrx_word' id='word_1_633' title='bbox 2728 2637 3030 2710; x_wconf 84' lang='lat' dir='ltr'><strong>significare</strong></span> <span class='ocrx_word' id='word_1_634' title='bbox 3070 2631 3426 2709; x_wconf 73' lang='lat' dir='ltr'><strong>aequitatem,</strong></span> <span class='ocrx_word' id='word_1_635' title='bbox 3471 2649 3611 2707; x_wconf 90' lang='lat' dir='ltr'><strong>quae</strong></span> <span class='ocrx_word' id='word_1_636' title='bbox 3646 2634 3947 2707; x_wconf 87' lang='lat' dir='ltr'><strong>unicuique</strong></span> <span class='ocrx_word' id='word_1_637' title='bbox 3984 2647 4057 2689; x_wconf 83' lang='lat' dir='ltr'><strong>ex</strong></span> 
     </span>
     <span class='ocr_line' id='line_1_80' title="bbox 2464 2722 4057 2800; baseline -0.005 -17"><span class='ocrx_word' id='word_1_638' title='bbox 2464 2728 2669 2785; x_wconf 88' lang='lat' dir='ltr'><strong>iustitia</strong></span> <span class='ocrx_word' id='word_1_639' title='bbox 2697 2726 2949 2800; x_wconf 81' lang='lat' dir='ltr'><strong>debetur3</strong></span> <span class='ocrx_word' id='word_1_640' title='bbox 2980 2734 3035 2783; x_wconf 90' lang='lat' dir='ltr'><strong>et</strong></span> <span class='ocrx_word' id='word_1_641' title='bbox 3064 2725 3198 2782; x_wconf 85' lang='lat' dir='ltr'><strong>haec</strong></span> <span class='ocrx_word' id='word_1_642' title='bbox 3229 2726 3502 2797; x_wconf 90' lang='lat' dir='ltr'><strong>posterior</strong></span> <span class='ocrx_word' id='word_1_643' title='bbox 3530 2722 3849 2796; x_wconf 82' lang='lat' dir='ltr'><strong>significatio</strong></span> <span class='ocrx_word' id='word_1_644' title='bbox 3877 2724 4057 2794; x_wconf 85' lang='lat' dir='ltr'><strong>magis</strong></span> 
     </span>
     <span class='ocr_line' id='line_1_81' title="bbox 2464 2812 4059 2886; baseline -0.003 -13"><span class='ocrx_word' id='word_1_645' title='bbox 2464 2823 2551 2875; x_wconf 87' lang='lat' dir='ltr'><strong>est</strong></span> <span class='ocrx_word' id='word_1_646' title='bbox 2581 2818 2635 2872; x_wconf 91' lang='lat' dir='ltr'><strong>in</strong></span> <span class='ocrx_word' id='word_1_647' title='bbox 2666 2832 2793 2886; x_wconf 75' lang='lat' dir='ltr'><strong>usu,</strong></span> <span class='ocrx_word' id='word_1_648' title='bbox 2820 2832 2945 2873; x_wconf 89' lang='lat' dir='ltr'><strong>nam</strong></span> <span class='ocrx_word' id='word_1_649' title='bbox 2978 2817 3061 2872; x_wconf 91' lang='lat' dir='ltr'><strong>ius</strong></span> <span class='ocrx_word' id='word_1_650' title='bbox 3085 2817 3164 2871; x_wconf 91' lang='lat' dir='ltr'><strong>sic</strong></span> <span class='ocrx_word' id='word_1_651' title='bbox 3190 2814 3483 2886; x_wconf 80' lang='lat' dir='ltr'><strong>acceptum</strong></span> <span class='ocrx_word' id='word_1_652' title='bbox 3514 2812 3581 2870; x_wconf 87' lang='lat' dir='ltr'><strong>ad</strong></span> <span class='ocrx_word' id='word_1_653' title='bbox 3605 2814 3881 2885; x_wconf 88' lang='lat' dir='ltr'><strong>propriam</strong></span> <span class='ocrx_word' id='word_1_654' title='bbox 3900 2814 4059 2870; x_wconf 86' lang='lat' dir='ltr'><strong>iusti-</strong></span> 
     </span>
    </p>
   </div>
   <div class='ocr_carea' id='block_1_5' title="bbox 2466 2903 4119 2975">
    <p class='ocr_par' dir='ltr' id='par_1_8' title="bbox 2466 2903 4119 2975">
     <span class='ocr_line' id='line_1_82' title="bbox 2466 2903 4119 2975; baseline -0.001 -11"><span class='ocrx_word' id='word_1_655' title='bbox 2466 2908 2593 2965; x_wconf 90' lang='lat' dir='ltr'><strong>tiam</strong></span> <span class='ocrx_word' id='word_1_656' title='bbox 2621 2906 2813 2964; x_wconf 86' lang='lat' dir='ltr'><strong>rel&#39;erri</strong></span> <span class='ocrx_word' id='word_1_657' title='bbox 2844 2906 3079 2963; x_wconf 85' lang='lat' dir='ltr'><strong>maxime</strong></span> <span class='ocrx_word' id='word_1_658' title='bbox 3108 2904 3271 2963; x_wconf 89' lang='lat' dir='ltr'><strong>solet.</strong></span> <span class='ocrx_word' id='word_1_659' title='bbox 3303 2903 3457 2962; x_wconf 85' lang='lat' dir='ltr'><strong>Unde</strong></span> <span class='ocrx_word' id='word_1_660' title='bbox 3477 2903 3533 2961; x_wconf 89' lang='lat' dir='ltr'><strong>d.</strong></span> <span class='ocrx_word' id='word_1_661' title='bbox 3574 2903 3672 2959; x_wconf 86' lang='lat' dir='ltr'><strong>Th.</strong></span> <span class='ocrx_word' id='word_1_662' title='bbox 3696 2908 3753 2961; x_wconf 89' lang='grc'><strong>2.</strong></span> <span class='ocrx_word' id='word_1_663' title='bbox 3778 2908 3838 2972; x_wconf 80' lang='grc'><strong>2,</strong></span> <span class='ocrx_word' id='word_1_664' title='bbox 3860 2918 3918 2975; x_wconf 89' lang='lat' dir='ltr'><strong>q.</strong></span> <span class='ocrx_word' id='word_1_665' title='bbox 3954 2906 4046 2969; x_wconf 84' lang='lat'><strong>57,</strong></span> <span class='ocrx_word' id='word_1_666' title='bbox 4114 2916 4119 2919; x_wconf 87' lang='grc'><strong><em>·</em></strong></span> 
     </span>
    </p>
   </div>
   <div class='ocr_carea' id='block_1_6' title="bbox 2462 2993 4057 5309">
    <p class='ocr_par' dir='ltr' id='par_1_9' title="bbox 2463 2993 4057 4057">
     <span class='ocr_line' id='line_1_83' title="bbox 2464 2993 4057 3067; baseline -0.002 -14"><span class='ocrx_word' id='word_1_667' title='bbox 2464 3004 2570 3055; x_wconf 86' lang='lat' dir='ltr'><strong>art.</strong></span> <span class='ocrx_word' id='word_1_668' title='bbox 2612 3000 2662 3053; x_wconf 88' lang='lat'><strong>1.</strong></span> <span class='ocrx_word' id='word_1_669' title='bbox 2692 2996 2831 3054; x_wconf 86' lang='lat' dir='ltr'><strong>hanc</strong></span> <span class='ocrx_word' id='word_1_670' title='bbox 2860 2996 2994 3053; x_wconf 82' lang='lat' dir='ltr'><strong>dixit</strong></span> <span class='ocrx_word' id='word_1_671' title='bbox 3018 3010 3140 3051; x_wconf 89' lang='lat' dir='ltr'><strong>esse</strong></span> <span class='ocrx_word' id='word_1_672' title='bbox 3167 2994 3396 3065; x_wconf 89' lang='lat' dir='ltr'><strong>primam</strong></span> <span class='ocrx_word' id='word_1_673' title='bbox 3418 2994 3686 3051; x_wconf 88' lang='lat' dir='ltr'><strong>rationem</strong></span> <span class='ocrx_word' id='word_1_674' title='bbox 3706 3001 3764 3050; x_wconf 90' lang='lat' dir='ltr'><strong>et</strong></span> <span class='ocrx_word' id='word_1_675' title='bbox 3784 2993 4057 3067; x_wconf 77' lang='lat' dir='ltr'><strong>signitica-</strong></span> 
     </span>
     <span class='ocr_line' id='line_1_84' title="bbox 2464 3082 4054 3157; baseline -0.002 -14"><span class='ocrx_word' id='word_1_676' title='bbox 2464 3089 2670 3144; x_wconf 91' lang='lat' dir='ltr'><strong>tionem</strong></span> <span class='ocrx_word' id='word_1_677' title='bbox 2700 3086 2852 3144; x_wconf 89' lang='lat' dir='ltr'><strong>iuris.</strong></span> <span class='ocrx_word' id='word_1_678' title='bbox 2885 3087 2957 3143; x_wconf 90' lang='lat' dir='ltr'><strong>Et</strong></span> <span class='ocrx_word' id='word_1_679' title='bbox 2980 3083 3105 3142; x_wconf 90' lang='lat' dir='ltr'><strong>inde</strong></span> <span class='ocrx_word' id='word_1_680' title='bbox 3132 3086 3336 3157; x_wconf 90' lang='lat' dir='ltr'><strong>optime</strong></span> <span class='ocrx_word' id='word_1_681' title='bbox 3368 3083 3652 3143; x_wconf 89' lang='lat' dir='ltr'><strong>concludit</strong></span> <span class='ocrx_word' id='word_1_682' title='bbox 3680 3082 3735 3139; x_wconf 91' lang='lat' dir='ltr'><strong>in</strong></span> <span class='ocrx_word' id='word_1_683' title='bbox 3772 3083 4054 3141; x_wconf 85' lang='lat' dir='ltr'><strong>solutione</strong></span> 
     </span>
     <span class='ocr_line' id='line_1_85' title="bbox 2464 3170 4051 3248; baseline -0.002 -16"><span class='ocrx_word' id='word_1_684' title='bbox 2464 3176 2535 3233; x_wconf 91' lang='lat' dir='ltr'><strong>ad</strong></span> <span class='ocrx_word' id='word_1_685' title='bbox 2564 3181 2620 3235; x_wconf 91' lang='grc'><strong>2.</strong></span> <span class='ocrx_word' id='word_1_686' title='bbox 2652 3177 2740 3231; x_wconf 91' lang='lat' dir='ltr'><strong>ius</strong></span> <span class='ocrx_word' id='word_1_687' title='bbox 2770 3191 2879 3233; x_wconf 90' lang='lat' dir='ltr'><strong>non</strong></span> <span class='ocrx_word' id='word_1_688' title='bbox 2906 3190 3027 3231; x_wconf 88' lang='lat' dir='ltr'><strong>esse</strong></span> <span class='ocrx_word' id='word_1_689' title='bbox 3058 3175 3252 3248; x_wconf 84' lang='lat' dir='ltr'><strong>legem,</strong></span> <span class='ocrx_word' id='word_1_690' title='bbox 3284 3172 3381 3229; x_wconf 86' lang='lat' dir='ltr'><strong>sed</strong></span> <span class='ocrx_word' id='word_1_691' title='bbox 3410 3174 3599 3245; x_wconf 89' lang='lat' dir='ltr'><strong>potius</strong></span> <span class='ocrx_word' id='word_1_692' title='bbox 3624 3186 3746 3229; x_wconf 87' lang='lat' dir='ltr'><strong>esse</strong></span> <span class='ocrx_word' id='word_1_693' title='bbox 3774 3171 3861 3245; x_wconf 92' lang='lat' dir='ltr'><strong>id,</strong></span> <span class='ocrx_word' id='word_1_694' title='bbox 3888 3170 4051 3245; x_wconf 76' lang='lat' dir='ltr'><strong>quod</strong></span> 
     </span>
     <span class='ocr_line' id='line_1_86' title="bbox 2465 3259 4055 3339; baseline -0.001 -19"><span class='ocrx_word' id='word_1_695' title='bbox 2465 3261 2589 3337; x_wconf 75' lang='lat' dir='ltr'><strong>leqe</strong></span> <span class='ocrx_word' id='word_1_696' title='bbox 2608 3263 3066 3339; x_wconf 75' lang='lat' dir='ltr'><strong>praescribitur,</strong></span> <span class='ocrx_word' id='word_1_697' title='bbox 3099 3280 3196 3321; x_wconf 89' lang='lat' dir='ltr'><strong>seu</strong></span> <span class='ocrx_word' id='word_1_698' title='bbox 3222 3268 3591 3320; x_wconf 88' lang='lat' dir='ltr'><strong>mensuratur.</strong></span> <span class='ocrx_word' id='word_1_699' title='bbox 3618 3259 3775 3330; x_wconf 83' lang='lat' dir='ltr'><strong>Quod</strong></span> <span class='ocrx_word' id='word_1_700' title='bbox 3793 3275 3895 3336; x_wconf 89' lang='lat' dir='ltr'><strong>ego</strong></span> <span class='ocrx_word' id='word_1_701' title='bbox 3921 3276 4055 3319; x_wconf 89' lang='lat' dir='ltr'><strong>cen-</strong></span> 
     </span>
     <span class='ocr_line' id='line_1_87' title="bbox 2466 3350 4052 3426; baseline -0.001 -17"><span class='ocrx_word' id='word_1_702' title='bbox 2466 3370 2559 3411; x_wconf 86' lang='lat' dir='ltr'><strong>seo</strong></span> <span class='ocrx_word' id='word_1_703' title='bbox 2586 3370 2716 3411; x_wconf 90' lang='lat' dir='ltr'><strong>cum</strong></span> <span class='ocrx_word' id='word_1_704' title='bbox 2747 3357 3100 3426; x_wconf 90' lang='lat' dir='ltr'><strong>proportione</strong></span> <span class='ocrx_word' id='word_1_705' title='bbox 3128 3368 3249 3409; x_wconf 85' lang='lat' dir='ltr'><strong>esse</strong></span> <span class='ocrx_word' id='word_1_706' title='bbox 3279 3350 3714 3424; x_wconf 78' lang='lat' dir='ltr'><strong>intelligendum3</strong></span> <span class='ocrx_word' id='word_1_707' title='bbox 3744 3366 3874 3407; x_wconf 90' lang='lat' dir='ltr'><strong>nam</strong></span> <span class='ocrx_word' id='word_1_708' title='bbox 3902 3350 4052 3424; x_wconf 82' lang='lat' dir='ltr'><strong>leges</strong></span> 
     </span>
     <span class='ocr_line' id='line_1_88' title="bbox 2466 3440 4049 3514; baseline -0.001 -15"><span class='ocrx_word' id='word_1_709' title='bbox 2466 3446 2797 3514; x_wconf 88' lang='lat' dir='ltr'><strong>pertinentes</strong></span> <span class='ocrx_word' id='word_1_710' title='bbox 2844 3442 2911 3499; x_wconf 87' lang='lat' dir='ltr'><strong>ad</strong></span> <span class='ocrx_word' id='word_1_711' title='bbox 2960 3442 3249 3514; x_wconf 89' lang='lat' dir='ltr'><strong>specialem</strong></span> <span class='ocrx_word' id='word_1_712' title='bbox 3298 3442 3559 3498; x_wconf 89' lang='lat' dir='ltr'><strong>iustitiam</strong></span> <span class='ocrx_word' id='word_1_713' title='bbox 3606 3440 3913 3512; x_wconf 90' lang='lat' dir='ltr'><strong>respiciunt</strong></span> <span class='ocrx_word' id='word_1_714' title='bbox 3959 3444 4049 3497; x_wconf 90' lang='lat' dir='ltr'><strong>ius</strong></span> 
     </span>
     <span class='ocr_line' id='line_1_89' title="bbox 2464 3528 4055 3603; baseline -0.001 -16"><span class='ocrx_word' id='word_1_715' title='bbox 2464 3532 2699 3603; x_wconf 89' lang='lat' dir='ltr'><strong>speciale</strong></span> <span class='ocrx_word' id='word_1_716' title='bbox 2734 3533 2788 3587; x_wconf 92' lang='lat' dir='ltr'><strong>in</strong></span> <span class='ocrx_word' id='word_1_717' title='bbox 2816 3531 2961 3589; x_wconf 88' lang='lat' dir='ltr'><strong>dicta</strong></span> <span class='ocrx_word' id='word_1_718' title='bbox 3000 3532 3330 3603; x_wconf 91' lang='lat' dir='ltr'><strong>proprietate</strong></span> <span class='ocrx_word' id='word_1_719' title='bbox 3372 3535 3687 3602; x_wconf 84' lang='lat' dir='ltr'><strong>sumptum3</strong></span> <span class='ocrx_word' id='word_1_720' title='bbox 3732 3528 3819 3586; x_wconf 88' lang='lat' dir='ltr'><strong>lex</strong></span> <span class='ocrx_word' id='word_1_721' title='bbox 3865 3536 4055 3587; x_wconf 87' lang='lat' dir='ltr'><strong>autem</strong></span> 
     </span>
     <span class='ocr_line' id='line_1_90' title="bbox 2464 3617 4053 3692; baseline 0.001 -17"><span class='ocrx_word' id='word_1_722' title='bbox 2464 3620 2517 3675; x_wconf 91' lang='lat' dir='ltr'><strong>in</strong></span> <span class='ocrx_word' id='word_1_723' title='bbox 2545 3635 2764 3692; x_wconf 87' lang='lat' dir='ltr'><strong>genere,</strong></span> <span class='ocrx_word' id='word_1_724' title='bbox 2784 3626 2951 3691; x_wconf 90' lang='lat' dir='ltr'><strong>prout</strong></span> <span class='ocrx_word' id='word_1_725' title='bbox 2970 3620 3020 3676; x_wconf 89' lang='lat' dir='ltr'><strong>in</strong></span> <span class='ocrx_word' id='word_1_726' title='bbox 3044 3620 3293 3676; x_wconf 89' lang='lat' dir='ltr'><strong>omnibus</strong></span> <span class='ocrx_word' id='word_1_727' title='bbox 3316 3618 3607 3676; x_wconf 86' lang='lat' dir='ltr'><strong>virtutibus</strong></span> <span class='ocrx_word' id='word_1_728' title='bbox 3634 3617 3821 3675; x_wconf 88' lang='lat' dir='ltr'><strong>locum</strong></span> <span class='ocrx_word' id='word_1_729' title='bbox 3851 3617 4053 3677; x_wconf 84' lang='lat' dir='ltr'><strong>habere</strong></span> 
     </span>
     <span class='ocr_line' id='line_1_91' title="bbox 2465 3708 4050 3782; baseline 0 -17"><span class='ocrx_word' id='word_1_730' title='bbox 2465 3716 2669 3781; x_wconf 91' lang='lat' dir='ltr'><strong>potest,</strong></span> <span class='ocrx_word' id='word_1_731' title='bbox 2700 3709 2953 3781; x_wconf 89' lang='lat' dir='ltr'><strong>respiciet</strong></span> <span class='ocrx_word' id='word_1_732' title='bbox 2988 3710 3075 3765; x_wconf 87' lang='lat' dir='ltr'><strong>ius</strong></span> <span class='ocrx_word' id='word_1_733' title='bbox 3112 3710 3435 3782; x_wconf 78' lang='lat' dir='ltr'><strong>generaliter</strong></span> <span class='ocrx_word' id='word_1_734' title='bbox 3472 3715 3530 3766; x_wconf 91' lang='lat' dir='ltr'><strong>et</strong></span> <span class='ocrx_word' id='word_1_735' title='bbox 3558 3708 3705 3781; x_wconf 81' lang='lat' dir='ltr'><strong>large</strong></span> <span class='ocrx_word' id='word_1_736' title='bbox 3740 3715 4050 3782; x_wconf 86' lang='lat' dir='ltr'><strong>sumptum,</strong></span> 
     </span>
     <span class='ocr_line' id='line_1_92' title="bbox 2465 3798 4052 3872; baseline -0.001 -17"><span class='ocrx_word' id='word_1_737' title='bbox 2465 3800 2610 3857; x_wconf 90' lang='lat' dir='ltr'><strong>sicut</strong></span> <span class='ocrx_word' id='word_1_738' title='bbox 2642 3800 2776 3857; x_wconf 79' lang='lat' dir='ltr'><strong>dixit</strong></span> <span class='ocrx_word' id='word_1_739' title='bbox 2796 3800 2985 3856; x_wconf 90' lang='lat' dir='ltr'><strong>Cicero</strong></span> <span class='ocrx_word' id='word_1_740' title='bbox 3015 3798 3107 3856; x_wconf 89' lang='lat' dir='ltr'><strong>lib.</strong></span> <span class='ocrx_word' id='word_1_741' title='bbox 3135 3805 3191 3857; x_wconf 87' lang='grc'><strong>2.</strong></span> <span class='ocrx_word' id='word_1_742' title='bbox 3224 3798 3296 3856; x_wconf 84' lang='lat' dir='ltr'><strong>de</strong></span> <span class='ocrx_word' id='word_1_743' title='bbox 3328 3798 3579 3872; x_wconf 60' lang='lat' dir='ltr'><strong>lembus,</strong></span> <span class='ocrx_word' id='word_1_744' title='bbox 3612 3798 3664 3853; x_wconf 92' lang='lat' dir='ltr'><strong>in</strong></span> <span class='ocrx_word' id='word_1_745' title='bbox 3695 3798 3813 3870; x_wconf 85' lang='lat' dir='ltr'><strong>ipso</strong></span> <span class='ocrx_word' id='word_1_746' title='bbox 3833 3799 4052 3855; x_wconf 87' lang='lat' dir='ltr'><strong>nomine</strong></span> 
     </span>
     <span class='ocr_line' id='line_1_93' title="bbox 2464 3885 4051 3963; baseline -0.002 -18"><span class='ocrx_word' id='word_1_747' title='bbox 2464 3889 2597 3963; x_wconf 91' lang='lat' dir='ltr'><strong>legis</strong></span> <span class='ocrx_word' id='word_1_748' title='bbox 2624 3889 2799 3945; x_wconf 87' lang='lat' dir='ltr'><strong>inesse</strong></span> <span class='ocrx_word' id='word_1_749' title='bbox 2836 3890 2943 3945; x_wconf 82' lang='lat' dir='ltr'><strong>vim</strong></span> <span class='ocrx_word' id='word_1_750' title='bbox 2971 3890 3099 3945; x_wconf 89' lang='lat' dir='ltr'><strong>iusti</strong></span> <span class='ocrx_word' id='word_1_751' title='bbox 3126 3894 3181 3944; x_wconf 90' lang='lat' dir='ltr'><strong>et</strong></span> <span class='ocrx_word' id='word_1_752' title='bbox 3215 3888 3348 3945; x_wconf 83' lang='lat' dir='ltr'><strong>iuris</strong></span> <span class='ocrx_word' id='word_1_753' title='bbox 3376 3885 3621 3959; x_wconf 89' lang='lat' dir='ltr'><strong>colendi,</strong></span> <span class='ocrx_word' id='word_1_754' title='bbox 3652 3886 3781 3959; x_wconf 89' lang='lat' dir='ltr'><strong>quia</strong></span> <span class='ocrx_word' id='word_1_755' title='bbox 3809 3902 3935 3943; x_wconf 83' lang='lat' dir='ltr'><strong>vera</strong></span> <span class='ocrx_word' id='word_1_756' title='bbox 3964 3886 4051 3943; x_wconf 83' lang='lat' dir='ltr'><strong>lex</strong></span> 
     </span>
     <span class='ocr_line' id='line_1_94' title="bbox 2463 3975 3817 4057; baseline -0.004 -21"><span class='ocrx_word' id='word_1_757' title='bbox 2463 3994 2700 4053; x_wconf 89' lang='lat' dir='ltr'><strong>aequum</strong></span> <span class='ocrx_word' id='word_1_758' title='bbox 2728 3986 2786 4034; x_wconf 89' lang='lat' dir='ltr'><strong>et</strong></span> <span class='ocrx_word' id='word_1_759' title='bbox 2812 3979 3015 4035; x_wconf 89' lang='lat' dir='ltr'><strong>iustum</strong></span> <span class='ocrx_word' id='word_1_760' title='bbox 3046 3980 3359 4050; x_wconf 88' lang='lat' dir='ltr'><strong>praecipere</strong></span> <span class='ocrx_word' id='word_1_761' title='bbox 3389 3975 3569 4057; x_wconf 88' lang='lat' dir='ltr'><strong>debet,</strong></span> <span class='ocrx_word' id='word_1_762' title='bbox 3600 3982 3665 4033; x_wconf 94' lang='lat' dir='ltr'><strong>ut</strong></span> <span class='ocrx_word' id='word_1_763' title='bbox 3690 3976 3817 4033; x_wconf 79' lang='lat' dir='ltr'><strong>dixi.</strong></span> 
     </span>
    </p>

    <p class='ocr_par' dir='ltr' id='par_1_10' title="bbox 2462 4065 4052 5309">
     <span class='ocr_line' id='line_1_95' title="bbox 2539 4065 4049 4140; baseline -0.004 -12"><span class='ocrx_word' id='word_1_764' title='bbox 2539 4074 2594 4128; x_wconf 73' lang='lat'><strong>4.</strong></span> <span class='ocrx_word' id='word_1_765' title='bbox 2626 4071 2697 4127; x_wconf 91' lang='lat' dir='ltr'><strong>Et</strong></span> <span class='ocrx_word' id='word_1_766' title='bbox 2722 4069 2870 4125; x_wconf 82' lang='lat' dir='ltr'><strong>iuxta</strong></span> <span class='ocrx_word' id='word_1_767' title='bbox 2899 4068 3253 4140; x_wconf 88' lang='lat' dir='ltr'><strong>posteriorem</strong></span> <span class='ocrx_word' id='word_1_768' title='bbox 3274 4071 3332 4125; x_wconf 88' lang='lat' dir='ltr'><strong>et</strong></span> <span class='ocrx_word' id='word_1_769' title='bbox 3354 4067 3601 4123; x_wconf 86' lang='lat' dir='ltr'><strong>strictam</strong></span> <span class='ocrx_word' id='word_1_770' title='bbox 3628 4066 3759 4122; x_wconf 85' lang='lat' dir='ltr'><strong>iuris</strong></span> <span class='ocrx_word' id='word_1_771' title='bbox 3782 4065 4049 4140; x_wconf 78' lang='lat' dir='ltr'><strong>significa·</strong></span> 
     </span>
     <span class='ocr_line' id='line_1_96' title="bbox 2464 4154 4051 4228; baseline -0.003 -13"><span class='ocrx_word' id='word_1_772' title='bbox 2464 4158 2667 4221; x_wconf 90' lang='lat' dir='ltr'><strong>tionem</strong></span> <span class='ocrx_word' id='word_1_773' title='bbox 2717 4156 2860 4213; x_wconf 91' lang='lat' dir='ltr'><strong>solet</strong></span> <span class='ocrx_word' id='word_1_774' title='bbox 2893 4156 3113 4228; x_wconf 88' lang='lat' dir='ltr'><strong>proprie</strong></span> <span class='ocrx_word' id='word_1_775' title='bbox 3149 4156 3235 4212; x_wconf 87' lang='lat' dir='ltr'><strong>ius</strong></span> <span class='ocrx_word' id='word_1_776' title='bbox 3282 4155 3481 4213; x_wconf 87' lang='lat' dir='ltr'><strong>vocari·</strong></span> <span class='ocrx_word' id='word_1_777' title='bbox 3506 4155 3739 4211; x_wconf 78' lang='lat' dir='ltr'><strong>facultas</strong></span> <span class='ocrx_word' id='word_1_778' title='bbox 3778 4154 4051 4227; x_wconf 87' lang='lat' dir='ltr'><strong>quaedam</strong></span> 
     </span>
     <span class='ocr_line' id='line_1_97' title="bbox 2464 4244 4051 4318; baseline -0.002 -15"><span class='ocrx_word' id='word_1_779' title='bbox 2464 4247 2704 4316; x_wconf 89' lang='lat' dir='ltr'><strong>moralis,</strong></span> <span class='ocrx_word' id='word_1_780' title='bbox 2752 4261 2918 4318; x_wconf 91' lang='lat' dir='ltr'><strong>quam</strong></span> <span class='ocrx_word' id='word_1_781' title='bbox 2968 4246 3351 4318; x_wconf 86' lang='lat' dir='ltr'><strong>unusquisque</strong></span> <span class='ocrx_word' id='word_1_782' title='bbox 3397 4244 3561 4301; x_wconf 91' lang='lat' dir='ltr'><strong>babet</strong></span> <span class='ocrx_word' id='word_1_783' title='bbox 3606 4244 3692 4301; x_wconf 78' lang='lat' dir='ltr'><strong>vei</strong></span> <span class='ocrx_word' id='word_1_784' title='bbox 3737 4244 3889 4301; x_wconf 90' lang='lat' dir='ltr'><strong>circa</strong></span> <span class='ocrx_word' id='word_1_785' title='bbox 3932 4258 4051 4300; x_wconf 86' lang='lat' dir='ltr'><strong>rem</strong></span> 
     </span>
     <span class='ocr_line' id='line_1_98' title="bbox 2464 4332 4052 4406; baseline -0.003 -14"><span class='ocrx_word' id='word_1_786' title='bbox 2464 4353 2644 4406; x_wconf 85' lang='lat' dir='ltr'><strong>suam,</strong></span> <span class='ocrx_word' id='word_1_787' title='bbox 2678 4334 2759 4392; x_wconf 88' lang='lat' dir='ltr'><strong>vel</strong></span> <span class='ocrx_word' id='word_1_788' title='bbox 2790 4335 2857 4393; x_wconf 91' lang='lat' dir='ltr'><strong>ad</strong></span> <span class='ocrx_word' id='word_1_789' title='bbox 2888 4351 3003 4392; x_wconf 90' lang='lat' dir='ltr'><strong>rem</strong></span> <span class='ocrx_word' id='word_1_790' title='bbox 3036 4335 3136 4391; x_wconf 89' lang='lat' dir='ltr'><strong>sibi</strong></span> <span class='ocrx_word' id='word_1_791' title='bbox 3178 4333 3443 4405; x_wconf 70' lang='lat' dir='ltr'><strong>debitam,</strong></span> <span class='ocrx_word' id='word_1_792' title='bbox 3496 4333 3574 4389; x_wconf 88' lang='lat' dir='ltr'><strong>sic</strong></span> <span class='ocrx_word' id='word_1_793' title='bbox 3615 4333 3759 4389; x_wconf 87' lang='lat' dir='ltr'><strong>enim</strong></span> <span class='ocrx_word' id='word_1_794' title='bbox 3794 4332 4052 4391; x_wconf 87' lang='lat' dir='ltr'><strong>dominus</strong></span> 
     </span>
     <span class='ocr_line' id='line_1_99' title="bbox 2462 4420 4051 4496; baseline -0.004 -13"><span class='ocrx_word' id='word_1_795' title='bbox 2462 4430 2545 4483; x_wconf 87' lang='lat' dir='ltr'><strong>rei</strong></span> <span class='ocrx_word' id='word_1_796' title='bbox 2575 4426 2775 4484; x_wconf 87' lang='lat' dir='ltr'><strong>dicitur</strong></span> <span class='ocrx_word' id='word_1_797' title='bbox 2805 4424 3003 4482; x_wconf 91' lang='lat' dir='ltr'><strong>habere</strong></span> <span class='ocrx_word' id='word_1_798' title='bbox 3030 4427 3116 4481; x_wconf 89' lang='lat' dir='ltr'><strong>ius</strong></span> <span class='ocrx_word' id='word_1_799' title='bbox 3144 4426 3198 4481; x_wconf 89' lang='lat' dir='ltr'><strong>in</strong></span> <span class='ocrx_word' id='word_1_800' title='bbox 3227 4439 3310 4495; x_wconf 91' lang='lat' dir='ltr'><strong>re,</strong></span> <span class='ocrx_word' id='word_1_801' title='bbox 3339 4432 3394 4480; x_wconf 93' lang='lat' dir='ltr'><strong>et</strong></span> <span class='ocrx_word' id='word_1_802' title='bbox 3421 4423 3709 4496; x_wconf 86' lang='lat' dir='ltr'><strong>operarius</strong></span> <span class='ocrx_word' id='word_1_803' title='bbox 3730 4421 3934 4479; x_wconf 88' lang='lat' dir='ltr'><strong>dicitur</strong></span> <span class='ocrx_word' id='word_1_804' title='bbox 3954 4420 4051 4478; x_wconf 85' lang='lat' dir='ltr'><strong>ha-</strong></span> 
     </span>
     <span class='ocr_line' id='line_1_100' title="bbox 2462 4510 4049 4586; baseline -0.004 -13"><span class='ocrx_word' id='word_1_805' title='bbox 2462 4516 2591 4573; x_wconf 89' lang='lat' dir='ltr'><strong>bere</strong></span> <span class='ocrx_word' id='word_1_806' title='bbox 2620 4516 2703 4572; x_wconf 90' lang='lat' dir='ltr'><strong>ius</strong></span> <span class='ocrx_word' id='word_1_807' title='bbox 2731 4514 2798 4573; x_wconf 91' lang='lat' dir='ltr'><strong>ad</strong></span> <span class='ocrx_word' id='word_1_808' title='bbox 2828 4513 3181 4586; x_wconf 89' lang='lat' dir='ltr'><strong>stipendium,</strong></span> <span class='ocrx_word' id='word_1_809' title='bbox 3212 4517 3417 4571; x_wconf 86' lang='lat' dir='ltr'><strong>ratione</strong></span> <span class='ocrx_word' id='word_1_810' title='bbox 3444 4512 3609 4569; x_wconf 87' lang='lat' dir='ltr'><strong>cuius</strong></span> <span class='ocrx_word' id='word_1_811' title='bbox 3628 4510 3831 4568; x_wconf 87' lang='lat' dir='ltr'><strong>dicitur</strong></span> <span class='ocrx_word' id='word_1_812' title='bbox 3850 4510 4049 4585; x_wconf 85' lang='lat' dir='ltr'><strong>dignus</strong></span> 
     </span>
     <span class='ocr_line' id='line_1_101' title="bbox 2464 4600 4050 4676; baseline -0.003 -15"><span class='ocrx_word' id='word_1_813' title='bbox 2464 4604 2722 4663; x_wconf 88' lang='lat' dir='ltr'><strong>mercede</strong></span> <span class='ocrx_word' id='word_1_814' title='bbox 2751 4620 2870 4661; x_wconf 86' lang='lat' dir='ltr'><strong>sua.</strong></span> <span class='ocrx_word' id='word_1_815' title='bbox 2916 4605 2985 4661; x_wconf 89' lang='lat' dir='ltr'><strong>Et</strong></span> <span class='ocrx_word' id='word_1_816' title='bbox 3022 4602 3157 4659; x_wconf 87' lang='lat' dir='ltr'><strong>haec</strong></span> <span class='ocrx_word' id='word_1_817' title='bbox 3194 4603 3513 4676; x_wconf 81' lang='lat' dir='ltr'><strong>significatio</strong></span> <span class='ocrx_word' id='word_1_818' title='bbox 3544 4604 3697 4658; x_wconf 82' lang='lat' dir='ltr'><strong>vocis</strong></span> <span class='ocrx_word' id='word_1_819' title='bbox 3736 4600 3901 4659; x_wconf 89' lang='lat' dir='ltr'><strong>huius</strong></span> <span class='ocrx_word' id='word_1_820' title='bbox 3939 4600 4050 4658; x_wconf 86' lang='lat' dir='ltr'><strong>l&#39;re-</strong></span> 
     </span>
     <span class='ocr_line' id='line_1_102' title="bbox 2463 4690 4044 4768; baseline -0.003 -16"><span class='ocrx_word' id='word_1_821' title='bbox 2463 4711 2637 4768; x_wconf 89' lang='lat' dir='ltr'><strong>quens</strong></span> <span class='ocrx_word' id='word_1_822' title='bbox 2665 4702 2751 4751; x_wconf 91' lang='lat' dir='ltr'><strong>est</strong></span> <span class='ocrx_word' id='word_1_823' title='bbox 2778 4708 2887 4750; x_wconf 91' lang='lat' dir='ltr'><strong>non</strong></span> <span class='ocrx_word' id='word_1_824' title='bbox 2918 4692 3098 4749; x_wconf 89' lang='lat' dir='ltr'><strong>solum</strong></span> <span class='ocrx_word' id='word_1_825' title='bbox 3123 4694 3175 4749; x_wconf 94' lang='lat' dir='ltr'><strong>in</strong></span> <span class='ocrx_word' id='word_1_826' title='bbox 3196 4694 3339 4762; x_wconf 88' lang='lat' dir='ltr'><strong>iure,</strong></span> <span class='ocrx_word' id='word_1_827' title='bbox 3360 4691 3453 4748; x_wconf 91' lang='lat' dir='ltr'><strong>sed</strong></span> <span class='ocrx_word' id='word_1_828' title='bbox 3475 4692 3638 4747; x_wconf 90' lang='lat' dir='ltr'><strong>etiam</strong></span> <span class='ocrx_word' id='word_1_829' title='bbox 3658 4692 3711 4746; x_wconf 88' lang='lat' dir='ltr'><strong>in</strong></span> <span class='ocrx_word' id='word_1_830' title='bbox 3734 4690 4044 4760; x_wconf 90' lang='lat' dir='ltr'><strong>Scriptura.</strong></span> 
     </span>
     <span class='ocr_line' id='line_1_103' title="bbox 2466 4780 4048 4855; baseline -0.003 -14"><span class='ocrx_word' id='word_1_831' title='bbox 2466 4786 2600 4841; x_wconf 89' lang='lat' dir='ltr'><strong>Nam</strong></span> <span class='ocrx_word' id='word_1_832' title='bbox 2628 4786 2683 4839; x_wconf 88' lang='lat' dir='ltr'><strong>in</strong></span> <span class='ocrx_word' id='word_1_833' title='bbox 2714 4786 2831 4840; x_wconf 91' lang='lat' dir='ltr'><strong>iure</strong></span> <span class='ocrx_word' id='word_1_834' title='bbox 2858 4782 2967 4840; x_wconf 90' lang='lat' dir='ltr'><strong>hoc</strong></span> <span class='ocrx_word' id='word_1_835' title='bbox 2999 4782 3164 4839; x_wconf 90' lang='lat' dir='ltr'><strong>modo</strong></span> <span class='ocrx_word' id='word_1_836' title='bbox 3192 4780 3608 4855; x_wconf 86' lang='lat' dir='ltr'><strong>distinguuntur</strong></span> <span class='ocrx_word' id='word_1_837' title='bbox 3642 4780 3730 4836; x_wconf 91' lang='lat' dir='ltr'><strong>ius</strong></span> <span class='ocrx_word' id='word_1_838' title='bbox 3758 4782 3812 4836; x_wconf 88' lang='lat' dir='ltr'><strong>in</strong></span> <span class='ocrx_word' id='word_1_839' title='bbox 3842 4795 3933 4848; x_wconf 87' lang='lat' dir='ltr'><strong>re,</strong></span> <span class='ocrx_word' id='word_1_840' title='bbox 3964 4782 4048 4837; x_wconf 73' lang='lat' dir='ltr'><strong>vel</strong></span> 
     </span>
     <span class='ocr_line' id='line_1_104' title="bbox 2464 4868 4050 4947; baseline -0.003 -15"><span class='ocrx_word' id='word_1_841' title='bbox 2464 4873 2529 4932; x_wconf 89' lang='lat' dir='ltr'><strong>ad</strong></span> <span class='ocrx_word' id='word_1_842' title='bbox 2560 4890 2696 4947; x_wconf 88' lang='lat' dir='ltr'><strong>rem,</strong></span> <span class='ocrx_word' id='word_1_843' title='bbox 2729 4874 2855 4930; x_wconf 89' lang='lat' dir='ltr'><strong>item</strong></span> <span class='ocrx_word' id='word_1_844' title='bbox 2884 4874 3004 4930; x_wconf 86' lang='lat' dir='ltr'><strong>iura</strong></span> <span class='ocrx_word' id='word_1_845' title='bbox 3031 4874 3381 4945; x_wconf 79' lang='lat' dir='ltr'><strong>servitutum,</strong></span> <span class='ocrx_word' id='word_1_846' title='bbox 3412 4887 3511 4928; x_wconf 90' lang='lat' dir='ltr'><strong>seu</strong></span> <span class='ocrx_word' id='word_1_847' title='bbox 3536 4872 3661 4929; x_wconf 88' lang='lat' dir='ltr'><strong>iura</strong></span> <span class='ocrx_word' id='word_1_848' title='bbox 3695 4868 4050 4943; x_wconf 88' lang='lat' dir='ltr'><strong>praediorum</strong></span> 
     </span>
     <span class='ocr_line' id='line_1_105' title="bbox 2464 4958 4045 5034; baseline -0.003 -14"><span class='ocrx_word' id='word_1_849' title='bbox 2464 4964 2801 5021; x_wconf 90' lang='lat' dir='ltr'><strong>rusticorum</strong></span> <span class='ocrx_word' id='word_1_850' title='bbox 2832 4960 2914 5018; x_wconf 81' lang='lat' dir='ltr'><strong>vel</strong></span> <span class='ocrx_word' id='word_1_851' title='bbox 2944 4962 3302 5034; x_wconf 82' lang='lat' dir='ltr'><strong>urbanorum,</strong></span> <span class='ocrx_word' id='word_1_852' title='bbox 3336 4964 3457 5017; x_wconf 90' lang='lat' dir='ltr'><strong>iura</strong></span> <span class='ocrx_word' id='word_1_853' title='bbox 3486 4958 3671 5017; x_wconf 87' lang='lat' dir='ltr'><strong>utendi</strong></span> <span class='ocrx_word' id='word_1_854' title='bbox 3693 4960 3779 5016; x_wconf 84' lang='lat' dir='ltr'><strong>vel</strong></span> <span class='ocrx_word' id='word_1_855' title='bbox 3806 4959 4045 5032; x_wconf 77' lang='lat' dir='ltr'><strong>fruendi,</strong></span> 
     </span>
     <span class='ocr_line' id='line_1_106' title="bbox 2462 5049 4047 5126; baseline -0.001 -16"><span class='ocrx_word' id='word_1_856' title='bbox 2462 5061 2520 5110; x_wconf 90' lang='lat' dir='ltr'><strong>et</strong></span> <span class='ocrx_word' id='word_1_857' title='bbox 2548 5052 2760 5124; x_wconf 84' lang='lat' dir='ltr'><strong>similia,</strong></span> <span class='ocrx_word' id='word_1_858' title='bbox 2791 5068 2931 5126; x_wconf 89' lang='lat' dir='ltr'><strong>quae</strong></span> <span class='ocrx_word' id='word_1_859' title='bbox 2960 5050 3065 5108; x_wconf 88' lang='lat' dir='ltr'><strong>late</strong></span> <span class='ocrx_word' id='word_1_860' title='bbox 3094 5050 3263 5109; x_wconf 82' lang='lat' dir='ltr'><strong>videri</strong></span> <span class='ocrx_word' id='word_1_861' title='bbox 3288 5057 3520 5123; x_wconf 89' lang='lat' dir='ltr'><strong>possunt</strong></span> <span class='ocrx_word' id='word_1_862' title='bbox 3540 5049 3685 5124; x_wconf 89' lang='lat' dir='ltr'><strong>apud</strong></span> <span class='ocrx_word' id='word_1_863' title='bbox 3710 5051 4047 5108; x_wconf 88' lang='lat' dir='ltr'><strong>Brissonium</strong></span> 
     </span>
     <span class='ocr_line' id='line_1_107' title="bbox 2465 5141 4043 5214; baseline -0.003 -12"><span class='ocrx_word' id='word_1_864' title='bbox 2465 5146 2555 5202; x_wconf 89' lang='lat' dir='ltr'><strong>lib.</strong></span> <span class='ocrx_word' id='word_1_865' title='bbox 2592 5147 2645 5202; x_wconf 88' lang='grc'><strong>9.</strong></span> <span class='ocrx_word' id='word_1_866' title='bbox 2678 5142 2744 5199; x_wconf 92' lang='lat' dir='ltr'><strong>de</strong></span> <span class='ocrx_word' id='word_1_867' title='bbox 2774 5142 2925 5200; x_wconf 81' lang='lat' dir='ltr'><strong>verb.</strong></span> <span class='ocrx_word' id='word_1_868' title='bbox 2959 5141 3138 5214; x_wconf 82' lang='lat' dir='ltr'><strong>signis.</strong></span> <span class='ocrx_word' id='word_1_869' title='bbox 3171 5142 3323 5199; x_wconf 85' lang='lat' dir='ltr'><strong>verb.</strong></span> <span class='ocrx_word' id='word_1_870' title='bbox 3356 5146 3477 5199; x_wconf 77' lang='lat' dir='ltr'><strong>Ius.</strong></span> <span class='ocrx_word' id='word_1_871' title='bbox 3509 5142 3568 5198; x_wconf 92' lang='lat' dir='ltr'><strong>ln</strong></span> <span class='ocrx_word' id='word_1_872' title='bbox 3596 5141 3883 5213; x_wconf 89' lang='lat' dir='ltr'><strong>Scriptura</strong></span> <span class='ocrx_word' id='word_1_873' title='bbox 3913 5156 4043 5197; x_wconf 80' lang='lat' dir='ltr'><strong>vero</strong></span> 
     </span>
     <span class='ocr_line' id='line_1_108' title="bbox 2467 5230 4040 5309; baseline -0.002 -18"><span class='ocrx_word' id='word_1_874' title='bbox 2467 5236 2721 5309; x_wconf 86' lang='lat' dir='ltr'><strong>legimus,</strong></span> <span class='ocrx_word' id='word_1_875' title='bbox 2759 5232 2961 5291; x_wconf 84' lang='lat' dir='ltr'><strong>dixisse</strong></span> <span class='ocrx_word' id='word_1_876' title='bbox 2999 5232 3268 5291; x_wconf 77' lang='lat' dir='ltr'><strong>Abrabam</strong></span> <span class='ocrx_word' id='word_1_877' title='bbox 3300 5232 3365 5290; x_wconf 91' lang='lat' dir='ltr'><strong>ad</strong></span> <span class='ocrx_word' id='word_1_878' title='bbox 3394 5231 3528 5288; x_wconf 87' lang='lat' dir='ltr'><strong>lilios</strong></span> <span class='ocrx_word' id='word_1_879' title='bbox 3564 5230 3733 5305; x_wconf 78' lang='lat' dir='ltr'><strong>neth,</strong></span> <span class='ocrx_word' id='word_1_880' title='bbox 3770 5232 3903 5291; x_wconf 81' lang='lat' dir='ltr'><strong>Gen.</strong></span> <span class='ocrx_word' id='word_1_881' title='bbox 3944 5236 4040 5291; x_wconf 76' lang='lat'><strong>23:</strong></span> 
     </span>
    </p>
   </div>
  </div>
 </body>
</html>
