4325 6267
814 324 936 395 116

730 470 904 527 sitatis
940 476 1221 545 tempore:
1262 486 1359 545 per
1398 469 1548 528 illam
1588 476 1771 529 autem
1809 468 2208 545 eleemosynam
2237 466 2313 523 l'a-

732 570 884 620 ctum
915 562 1047 633 suit,
1078 568 1143 621 ut
1169 564 1397 636 proximi
1424 564 1723 620 necessitas
1753 561 2076 633 cessaverit3
2112 565 2166 617 et
2192 558 2313 617 ideo

730 654 968 712 cessavit
996 653 1249 729 obligatio
1278 655 1589 727 praecepti,
1632 670 1740 710 non
1781 655 1909 728 quia
1949 650 2169 723 impleta
2195 650 2313 707 sue-

726 746 828 818 rit,
866 744 963 803 sed
988 746 1115 818 quia
1142 746 1367 803 materia
1403 750 1459 801 et
1486 747 1703 803 occasio
1745 744 1944 818 defuit,
1976 742 2121 800 unde
2150 744 2196 797 si
2222 757 2312 798 ea-

727 835 851 893 dem
881 835 1099 892 occasio
1122 876 1137 903 ,
1168 851 1265 892 seu
1295 836 1589 893 necessitas
1616 834 1811 905 durat,
1842 836 2003 891 etiam
2034 832 2311 906 praecepti

729 924 979 999 obligatio
1009 924 1249 983 durabit.
1296 926 1373 983 Ex
1418 942 1530 999 quo
1575 924 1792 983 tandem
1834 923 2007 981 obiter
2048 921 2314 993 intelliga-

724 1023 817 1073 tur
847 1059 862 1088 ,
911 1032 975 1073 ex
1026 1031 1359 1090 unoquoque
1399 1024 1693 1089 praecepto
1748 1015 1877 1073 oriri
1929 1012 2308 1087 obligationem

725 1105 930 1163 sciendi
958 1106 1114 1177 illud,
1139 1106 1266 1180 quia
1294 1122 1403 1163 non
1431 1113 1613 1179 potest
1638 1106 1793 1164 aliter
1820 1103 2095 1161 moraliter
2123 1103 2312 1159 obser-

598 1252 613 1269 ,
724 1198 856 1255 vari.
891 1200 961 1255 Ut
988 1204 1137 1256 recte
1168 1198 1337 1255 sensit
1363 1198 1418 1255 d.
1448 1197 1681 1254 Thomas
1710 1196 1856 1253 dicto
1885 1200 1987 1251 art.
2017 1198 2072 1253 9.
2097 1192 2308 1263 dicens,

723 1304 851 1346 eum
880 1328 896 1359 ,
936 1290 1031 1361 qui
1074 1288 1329 1361 ignorans
1359 1287 1490 1344 facit
1527 1293 1753 1361 actum,
1793 1286 1886 1360 qui
1914 1286 2032 1359 lege
2059 1285 2307 1352 iubetur,

724 1396 863 1437 casu
888 1387 945 1437 et
984 1395 1081 1453 per
1121 1378 1380 1437 accidens
1419 1379 1597 1436 facere
1640 1394 1777 1451 opus
1816 1380 2211 1450 praeceptum,
2257 1379 2312 1431 at

725 1477 1084 1544 praeceptum
1115 1470 1349 1544 obligat,
1391 1477 1455 1527 ut
1481 1485 1579 1543 per
1608 1484 1665 1526 se
1691 1474 1747 1525 et
1779 1483 1846 1525 ex
1874 1466 2170 1524 intentione
2197 1479 2312 1521 ser·

727 1568 923 1633 vetur,
954 1568 1019 1618 ut
1046 1567 1326 1618 ostensum
1353 1566 1469 1631 est3
1503 1576 1635 1633 ergo
1674 1558 1879 1631 obligat
1910 1557 1978 1614 ad
2006 1552 2312 1612 habendam

725 1651 1121 1727 cognitionem,
1153 1651 1257 1708 imo
1284 1658 1342 1709 et
1366 1650 1855 1708 considerationem
1888 1647 2051 1704 illius.

808 1746 895 1803 11.
926 1745 1060 1801 Dico
1090 1742 1278 1815 tertio,
1309 1741 1611 1799 naturalem
1650 1740 1825 1813 legem
1864 1738 2025 1802 etiam
2069 1735 2310 1809 obligare

724 1832 789 1892 ad
818 1832 1043 1892 modum
1070 1832 1290 1891 virtutis
1316 1854 1330 1888 :
1378 1839 1441 1889 ut
1481 1832 1808 1904 intelligatur
1835 1828 2061 1886 assertio
2087 1868 2103 1899 ,
2146 1824 2314 1899 expli·

723 1925 963 1982 candum
992 1930 1109 1995 est,
1140 1922 1273 1997 quid
1300 1922 1668 1995 intelligamus
1696 1936 1795 1994 per
1815 1918 2039 1977 modum
2068 1918 2308 1973 virtutis.

724 2016 840 2076 Sub
878 2014 967 2071 illo
1009 2015 1153 2071 enim
1196 2011 1710 2085 comprehendimus
1750 2008 2016 2086 quidquid
2057 2022 2312 2064 necessa-

720 2108 866 2164 rium
894 2111 1001 2175 est,
1024 2109 1089 2162 ut
1114 2109 1273 2161 actus
1304 2104 1376 2159 sit
1400 2102 1684 2174 honestus,
1714 2108 1769 2159 et
1791 2098 2105 2174 simpliciter
2132 2097 2312 2155 bonus

721 2196 1029 2269 moraliter,
1059 2194 1129 2252 ad
1155 2193 1306 2267 quod
1334 2209 1559 2251 neeesse
1589 2200 1693 2263 est,
1725 2199 1789 2251 ut
1814 2192 1883 2248 sit
1909 2207 2016 2248 non
2046 2190 2226 2247 solum
2246 2189 2312 2246 de

720 2288 864 2345 bono
892 2285 1110 2343 obiecto
1138 2286 1296 2359 quasi
1324 2284 1625 2357 materiali,
1665 2282 1761 2341 sed
1791 2282 1952 2339 etiam
1980 2279 2226 2351 formali,
2259 2278 2313 2336 id

718 2386 804 2436 est
846 2383 1070 2451 propter
1118 2375 1407 2434 honestum
1450 2376 1737 2432 motivum.
1779 2373 1934 2441 Quod
1989 2372 2314 2447 significavit

720 2473 888 2529 Arist.
918 2472 975 2527 2.
1010 2468 1204 2527 Echio.
1238 2481 1290 2522 c.
1323 2471 1356 2524 ⁴
1386 2507 1400 2537 ,
1441 2482 1570 2523 cum
1612 2464 1783 2537 dixit,
1826 2471 1886 2521 ut
1926 2479 2066 2536 opus
2096 2461 2314 2519 virtutis

722 2558 967 2618 studiose
995 2559 1119 2629 flat,
1150 2574 1261 2615 non
1288 2558 1421 2613 satis
1450 2572 1602 2629 esse,
1634 2562 1699 2613 ut
1721 2557 1869 2613 iusta
1892 2555 1978 2611 vel
2010 2558 2314 2625 temperata

721 2652 848 2723 sint,
880 2664 1019 2723 quae
1049 2648 1205 2719 fiunt,
1236 2645 1331 2703 sed
1358 2652 1638 2719 praeterea
1664 2644 1892 2719 requiri,
1920 2650 1990 2701 ut
2018 2660 2202 2717 agens
2226 2646 2314 2699 sic

719 2758 782 2799 se
806 2740 1029 2799 liabens
1058 2744 1224 2811 agat.
1255 2740 1460 2795 Primo
1487 2736 1719 2811 quidem
1754 2740 1807 2793 si
1842 2738 2032 2792 sciens
2054 2753 2075 2803 ‚·
2111 2748 2316 2791 secun·

722 2830 826 2900 do,
863 2833 916 2888 si
944 2828 1165 2904 eligens
1182 2834 1431 2903 propter
1454 2830 1593 2903 ipsa
1612 2846 1634 2895 ‚·
1668 2829 1867 2893 tertio,
1903 2828 1955 2883 si
1968 2823 2157 2898 firmo
2185 2826 2319 2881 am·-

725 2938 821 2980 mo
849 2936 926 2978 ac
952 2917 1323 2977 immutabili
1350 2923 1515 2992 agat.
1550 2919 1629 2975 Ex
1672 2916 1873 2991 quibus
1913 2915 2316 2974 conditionibus

726 3010 973 3069 secunda
999 3018 1117 3081 est,
1146 3022 1285 3085 quae
1313 3009 1585 3082 praesenti
1617 3008 1861 3065 instituto
1890 3006 2151 3064 deservit.
2181 3007 2316 3064 Nam

728 3106 784 3160 in
825 3102 915 3159 illa
954 3100 1172 3158 videtur
1211 3098 1529 3157 Aristoteles
1568 3097 2047 3173 comprehendisse
2090 3098 2319 3170 primam

732 3193 1127 3264 assertionem,
1173 3196 1229 3247 et
1267 3188 1407 3247 hanc
1450 3192 1665 3247 tertiam
1689 3230 1704 3259 ,
1748 3194 1804 3245 et
1831 3188 1953 3247 ideo
1981 3187 2142 3261 aliqui
2171 3187 2318 3244 illam

731 3283 1097 3341 conditionem
1126 3282 1180 3337 in
1210 3280 1346 3338 duas
1379 3279 1925 3352 subdistinguunt,ut
1950 3294 2059 3334 una
2088 3280 2161 3335 sit
2188 3292 2316 3350 ope-

726 3378 841 3434 rari
872 3373 1210 3445 voluntarie,
1240 3370 1347 3428 hoc
1375 3371 1517 3427 enim
1546 3376 1630 3427 est
1668 3370 1881 3442 operari
1920 3385 1987 3425 ex
2029 3368 2312 3439 electione,

730 3466 837 3523 alia
874 3464 944 3521 sit
983 3462 1195 3536 operari
1235 3468 1457 3534 propter
1498 3461 1859 3517 honestatem.
1904 3461 1975 3516 Et
2013 3458 2144 3515 licet
2185 3460 2318 3515 Soto

728 3555 822 3614 lib.
852 3560 909 3612 2.
941 3552 1013 3609 de
1040 3555 1296 3617 iustitia,
1341 3567 1396 3624 q.
1432 3556 1495 3619 3,
1527 3558 1629 3607 art.
1666 3554 1719 3609 9.
1746 3550 1852 3606 hoc
1873 3548 2166 3622 improbet,
2187 3550 2322 3623 quia

728 3643 1039 3705 Aristoteles
1077 3632 1617 3699 conditionem'illam
1656 3648 1721 3698 ut
1746 3656 1909 3697 unam
1937 3639 2197 3714 tradidit3
2241 3640 2322 3696 ni-

728 3734 1018 3793 hilominus
1045 3732 1294 3790 doctrina
1320 3732 1436 3804 ipsa
1458 3710 1593 3788 'vera
1618 3738 1726 3801 est,
1741 3738 1798 3787 et
1822 3733 1875 3785 in
1898 3730 2170 3803 praesenti
2191 3745 2321 3787 con-

729 3826 839 3883 fert
864 3824 981 3881 illas
1020 3823 1353 3896 distinguere
1377 3862 1393 3895 ,
1437 3821 1506 3879 ad
1545 3820 1915 3894 explicandam
1944 3820 2324 3893 obligationem

730 3913 997 3972 naturalis
1025 3913 1181 3987 legis.
1214 3912 1384 3985 Igitur
1412 3912 1659 3984 operari,
1688 3909 1906 3985 eliqens
1926 3955 1942 3978 ‚
1990 3912 2225 3983 pertinet
2253 3911 2320 3968 ad

728 4006 959 4079 primam
988 4004 1375 4075 assertionem,
1404 4003 1617 4075 operari
1645 4017 1776 4058 vero
1795 4043 1809 4070 ,
1833 4004 2075 4076 propter
2098 4004 2314 4076 ipsam,

732 4096 792 4153 id
818 4102 904 4154 est
929 4094 1301 4165 honestatem,
1332 4096 1568 4166 pertinet
1596 4092 1663 4151 ad
1691 4092 1832 4149 hanc
1861 4092 2072 4150 tertiam
2091 4134 2106 4165 ,
2136 4099 2196 4149 et
2217 4093 2322 4150 sub

730 4188 823 4245 illa
850 4185 1089 4258 intelligo
1116 4183 1504 4257 comprehendi
1539 4190 1719 4241 totum
1746 4183 1798 4241 id
1824 4225 1841 4255 ‚
1879 4180 2029 4256 quod
2068 4198 2321 4240 necessa·

731 4279 875 4336 rium
902 4282 1021 4347 est,
1051 4282 1116 4332 ut
1143 4282 1305 4333 actus
1332 4273 1531 4332 habeat
1552 4288 1737 4331 omnes
1759 4271 2101 4331 conditiones
2129 4290 2324 4331 neces·

734 4371 908 4427 sarias
936 4366 1001 4424 ad
1030 4366 1373 4423 honestatem
1402 4364 1748 4437 simpliciter,
1778 4364 1905 4437 quia
1940 4378 2101 4421 nemo
2130 4378 2321 4436 opera·

734 4469 830 4518 tur
855 4457 1138 4516 intendens
1176 4456 1244 4513 ad
1284 4455 1665 4529 honestatem,
1705 4455 1805 4511 nisi
1846 4454 2041 4512 debitis
2080 4456 2323 4513 circum-

737 4549 946 4607 stantiis
973 4555 1262 4621 operetur3
1302 4547 1471 4621 igitur
1511 4545 1707 4606 modus
1746 4546 1965 4603 virtutis
2005 4549 2181 4602 totum
2219 4546 2322 4602 boc

736 4638 1169 4713 comprehendit,
1198 4647 1255 4695 et
1278 4639 1355 4695 ita
1370 4636 1610 4694 dicimus
1646 4634 1843 4693 cadere
1883 4634 1986 4692 sub
2023 4634 2200 4710 legem
2229 4651 2324 4693 na-

733 4731 986 4791 turalem.

815 4826 897 4881 Ita
926 4837 1059 4895 ergo
1094 4820 1360 4893 explicata
1386 4818 1669 4876 conclusio
1699 4818 1934 4877 sumitur
1952 4831 2017 4873 ex
2040 4816 2096 4874 d.
2120 4816 2327 4874 Thema

738 4916 863 4973 loco
901 4914 1069 4970 citato
1088 4954 1106 4985 ,
1143 4912 1237 4986 qui
1266 4912 1323 4967 in
1351 4909 1455 4968 boc
1483 4908 1773 4968 constituit
1799 4908 2154 4965 differentiam
2184 4906 2324 4965 inter

737 5004 1041 5063 naturalem
1070 5002 1244 5091 legqpi
1276 5008 1333 5059 et
1373 5001 1686 5073 positivam3
1718 5014 1857 5073 quae
1899 4997 2194 5055 differentia
2222 4998 2324 5055 alio

738 5096 901 5155 modo
940 5095 1165 5168 intelligi
1192 5109 1303 5150 non
1330 5098 1540 5164 potest:
1574 5092 1742 5149 sentit
1770 5105 1923 5171 ergo,
1954 5088 2041 5146 ius
2077 5089 2324 5148 naturale

738 5203 848 5245 non
888 5186 1070 5243 solum
1108 5184 1373 5256 obligare,
1418 5188 1481 5239 ut
1515 5181 1639 5255 quis
1680 5187 1940 5253 operetur
1968 5178 2188 5252 volens,
2229 5179 2324 5238 sed

738 5280 900 5339 etiam
936 5277 1123 5336 volens
1158 5282 1381 5350 propter
1416 5272 1555 5349 boc,
1596 5272 1650 5331 id
1687 5278 1773 5331 est
1806 5278 2028 5346 propter
2065 5272 2322 5331 honesta-

2156 338 2362 391 mm
2386 340 2466 391 11.

2381 474 2512 542 tem,
2546 468 2597 527 in
2626 484 2738 547 quo
2765 469 3070 533 includitur
3091 470 3286 531 modus
3307 473 3550 531 virtutis.
3573 473 3642 531 Et
3661 472 3800 531 idem
3823 470 3970 530 clare

2379 557 2542 617 docet
2567 560 2636 617 ibi
2656 563 2784 620 Soto
2811 563 2880 620 ad
2904 567 2956 621 3.
2985 564 3059 621 ita
3084 580 3360 638 exponens
3382 564 3437 621 d.
3465 565 3745 622 Thomam.
3769 563 3974 622 Nihilo-

2379 650 2556 707 minus
2585 667 2689 707 non
2719 651 2924 711 desunt
2949 661 3211 713 auctores
3229 696 3245 726 ,
3273 654 3476 729 quibus
3505 654 3637 711 haec
3677 653 3974 712 differentia

2379 753 2486 795 non
2528 740 2776 814 placeat,
2822 743 2919 800 sed
2961 744 3204 801 absolute
3234 744 3469 801 sentiant
3495 744 3719 802 modum
3757 745 3972 801 virtutis

2380 846 2489 886 non
2527 831 2724 889 cadere
2761 833 2864 890 sub
2907 834 3284 907 obligationem
3322 834 3453 907 legis
3491 835 3777 892 naturalis.
3816 833 3972 901 Quod

2379 921 2576 1008 sentire
2604 921 2819 981 videtur
2847 923 3040 981 Media.
3071 923 3259 981 Codic.
3293 924 3360 981 de
3388 925 3538 981 Orat.
3567 941 3624 997 q.
3663 928 3750 983 16.
3779 922 3846 981 de
3875 923 3975 979 ho-

2377 1012 2453 1068 ris
2481 1013 2762 1069 canonicis
2791 1014 3074 1089 iterandis,
3103 1022 3161 1071 et
3185 1018 3380 1073 Navar.
3415 1021 3580 1073 tract.
3611 1014 3684 1072 de
3715 1017 3885 1074 Orat.
3914 1019 3971 1071 et

2377 1101 2540 1159 horis
2579 1106 2917 1167 canonicis,
2951 1119 3072 1177 cap.
3106 1109 3211 1178 20,
3253 1121 3310 1161 n.
3344 1108 3447 1178 29,
3485 1106 3622 1163 etin
3651 1120 3774 1177 cap.
3807 1107 3971 1161 Inter

2377 1191 2572 1258 verba,
2613 1196 2701 1264 11,
2732 1211 2790 1268 q.
2827 1200 2880 1265 3,
2909 1196 3045 1252 etin
3075 1197 3301 1253 Summa
3328 1198 3491 1268 capit.
3524 1202 3621 1266 21,
3651 1213 3707 1251 n.
3745 1199 3800 1255 7.
3831 1197 3970 1253 Nam

2379 1282 2474 1355 qui
2517 1283 2761 1341 restituit
2799 1283 3082 1356 debitum,
3121 1285 3371 1343 naturale
3411 1293 3768 1359 praeceptum
3807 1288 3967 1343 resti-

2383 1371 2568 1429 tuendi
2609 1379 2820 1445 servat,
2863 1375 3070 1432 etiamsi
3111 1375 3167 1432 id
3208 1375 3370 1433 saciat
3405 1376 3570 1434 modo
3611 1376 3879 1445 indebito,
3912 1382 3968 1433 et

2381 1463 2474 1536 qui
2512 1461 2604 1519 dat
2627 1461 3030 1540 eleemosynam
3049 1508 3063 1537 ,
3096 1466 3344 1523 naturale
3373 1472 3727 1539 praeceptum
3755 1466 3966 1523 miseri-

2381 1552 2604 1609 cordiae
2625 1561 2831 1624 servat,
2847 1555 3056 1611 etiamsi
3077 1564 3303 1629 propter
3318 1571 3512 1613 vanam
3533 1556 3760 1629 gloriam
3782 1556 3968 1614 saciat.

2467 1647 2551 1701 12.
2580 1643 2683 1701 Sed
2710 1643 2845 1702 haec
2873 1647 2949 1702 ita
2979 1653 3214 1718 possunt
3240 1647 3476 1705 breviter
3499 1645 3797 1719 conciliari,
3823 1654 3886 1703 ut
3907 1646 3971 1702 li-

2381 1737 2470 1789 cet
2495 1748 2594 1805 per
2624 1742 2810 1791 actum
2837 1736 3044 1794 bonum
3063 1752 3130 1795 ex
3149 1752 3349 1811 genere
3373 1737 3510 1795 male
3532 1737 3741 1794 sactum
3765 1753 3824 1795 re
3845 1752 3975 1794 vera

2381 1826 2589 1882 servari
2614 1826 2795 1898 possit
2823 1827 3026 1901 aliquid
3054 1829 3172 1885 iure
3201 1836 3432 1886 naturae
3460 1836 3839 1902 praeceptum,
3862 1846 3972 1888 non

2381 1924 2563 1974 tamen
2607 1924 2789 1976 totum
2826 1919 2912 1976 ius
2941 1926 3201 1993 naturae,
3233 1922 3283 1976 in
3311 1938 3422 1995 quo
3447 1905 3630 1978 differt
3658 1921 3760 1978 hoc
3789 1922 3876 1978 ius
3905 1922 3975 1978 ab

2380 2007 2647 2065 humano:
2695 2025 2819 2064 nam
2861 2011 2947 2066 ius
2988 2010 3288 2069 humanum
3324 2012 3400 2069 ita
3429 2018 3614 2085 potest
3641 2014 3848 2069 servari
3875 2028 3974 2085 per

2381 2105 2566 2156 actum
2605 2099 2809 2156 malum
2832 2139 2847 2170 ,
2879 2105 2943 2156 ut
2977 2100 3125 2157 nulla
3161 2118 3227 2159 ex
3255 2109 3412 2174 parte
3441 2102 3701 2173 violetur,
3733 2103 3860 2175 quia
3883 2102 3974 2159 illa

2383 2188 2617 2263 malitia,
2661 2204 2804 2261 quae
2842 2188 3161 2263 adiungitur
3199 2192 3292 2249 tali
3334 2192 3511 2258 actui,
3552 2208 3712 2263 saepe
3749 2209 3858 2250 non
3885 2200 3972 2249 est

2381 2284 2573 2335 contra
2614 2278 2834 2352 aliquod
2870 2288 3226 2354 praeceptum
3269 2282 3601 2353 humanum,
3643 2282 3740 2339 sed
3778 2290 3975 2341 contra

2381 2370 2664 2442 naturale,
2710 2376 2773 2427 ut
2807 2378 2958 2443 patet
2995 2372 3062 2429 de
3099 2375 3480 2431 communione
3508 2374 3723 2448 indigne
3751 2382 3974 2447 sumpta

2379 2468 2625 2533 tempore
2665 2462 2938 2535 Paschae3
2983 2478 3122 2538 quae
3162 2464 3314 2522 nullo
3355 2465 3516 2522 modo
3556 2473 3640 2524 est
3665 2474 3862 2523 eontra
3889 2467 3974 2523 ius

2382 2553 2850 2611 ecclesiasticum:
2882 2570 3005 2611 nam
3035 2563 3392 2629 praeceptum
3421 2557 3492 2614 ibi
3517 2557 3780 2615 violatum
3804 2559 3976 2631 (scili-

2383 2651 2474 2701 cet
2501 2644 2656 2717 digne
2685 2645 3148 2718 communicandi,
3180 2647 3397 2721 quando
3428 2647 3478 2704 id
3507 2648 3598 2717 fit)
3621 2665 3728 2704 non
3759 2656 3848 2706 est
3875 2649 3977 2705 bu-

2385 2752 2610 2792 manum
2629 2778 2643 2806 ,
2685 2734 2778 2793 sed
2819 2738 3100 2809 naturale,
3131 2744 3188 2793 et
3215 2737 3392 2796 solum
3419 2738 3524 2795 hoc
3551 2746 3687 2795 tunc
3717 2739 3974 2797 violatur.

2383 2828 2454 2883 At
2490 2842 2618 2883 vero
2657 2826 2740 2882 ius
2783 2827 2960 2898 ipsum
2992 2827 3272 2901 naturale,
3311 2829 3460 2903 quod
3489 2830 3766 2902 praecepit
3789 2830 3973 2887 facere

2385 2921 2570 2974 actum
2590 2915 2908 2988 honestum,
2927 2919 3362 2991 praecipitetiam
3381 2926 3440 2975 ut
3459 2920 3701 2977 studiose
3725 2920 3835 2993 liat,
3849 2923 3978 2994 quia

2385 3006 2491 3065 hoc
2529 3010 2706 3081 ipsum
2735 3015 2823 3066 est
2847 3024 2916 3067 ex
2943 3008 3235 3066 dictamine
3265 3010 3487 3067 rationis
3514 3010 3808 3081 naturalis,
3839 3027 3974 3084 ergo

2386 3105 2475 3156 est
2501 3097 2568 3155 de
2595 3099 2716 3155 iure
2743 3098 3013 3177 naturali3
3043 3105 3098 3156 et
3127 3098 3247 3156 ideo
3275 3101 3491 3173 quoties
3524 3116 3620 3173 per
3647 3107 3832 3158 actum
3865 3118 3978 3158 ma-

2389 3190 2503 3247 lum
2533 3206 2704 3247 unum
2733 3190 2984 3247 naturale
3005 3197 3358 3262 praeceptum
3383 3192 3664 3264 impletur,
3687 3195 3774 3248 ius
3793 3194 3976 3265 ipsum

2386 3287 2612 3338 naturae
2641 3279 2895 3337 violatur.
2989 3312 3004 3331 ·
3103 3324 3121 3357 ⁵.

2473 3375 2557 3429 13.
2589 3371 2784 3439 Quaeri
2812 3376 2996 3428 autem
3027 3378 3234 3443 posset,
3258 3388 3326 3429 an
3356 3372 3442 3430 illa
3464 3373 3687 3445 duplex,
3713 3372 3796 3430 vel
3821 3376 3978 3447 quasi

2387 3460 2585 3534 duplex
2614 3462 2868 3535 obligatio
2898 3464 3110 3520 oriatur
3135 3478 3203 3521 ex
3230 3464 3421 3521 eodem
3451 3463 3534 3521 vel
3566 3464 3794 3521 diversis
3823 3482 3979 3537 prae-

2389 3554 2565 3625 ceptis
2593 3553 2954 3610 naturalibus.
2987 3554 3045 3609 ln
3073 3568 3208 3626 quo,
3238 3554 3501 3633 probabili
3529 3555 3876 3613 distinctione
3899 3558 3980 3613 uti

2388 3658 2702 3715 possumus.
2746 3642 3025 3701 Interdum
3061 3645 3208 3701 enim
3265 3646 3675 3702 circumstantia
3715 3647 3973 3720 malitiae,

2388 3748 2530 3805 quae
2567 3732 2908 3805 adiungitur,
2947 3740 3034 3789 est
3069 3739 3262 3791 contra
3299 3734 3570 3792 diversam
3597 3738 3879 3809 virtutem,
3915 3745 3979 3796 ut

2391 3824 2443 3879 in
2474 3822 2723 3894 exemplo
2752 3823 2929 3895 posito
2959 3823 3027 3881 de
3055 3824 3348 3881 intentione
3373 3825 3544 3882 inanis
3562 3825 3764 3899 gloriae
3787 3826 3977 3884 adiun-

2389 3920 2480 3971 cta
2517 3916 2667 3986 operi
2707 3915 3148 3989 misericordiae,
3191 3915 3243 3972 id
3285 3922 3370 3973 est
3408 3915 3806 3993 eleemosynae,
3838 3926 3972 3976 tunc

2389 4004 2530 4061 enim
2573 4003 2774 4061 malitia
2815 4003 2956 4061 illius
2996 4006 3442 4065 circumstantiae
3481 4015 3675 4064 contra
3703 4008 3978 4067 humilita-

2389 4102 2498 4152 tem
2525 4100 2641 4167 est,
2671 4110 2778 4152 non
2807 4102 3001 4152 contra
3027 4096 3478 4153 misericordiam.
3509 4098 3580 4154 Et
3605 4105 3739 4155 tunc
3765 4106 3852 4155 est
3877 4100 3980 4157 du-

2389 4185 2512 4258 plex
2554 4185 2808 4258 obligatio
2849 4192 2971 4241 orta
3010 4200 3077 4242 ex
3115 4185 3346 4244 diversis
3378 4190 3708 4259 praeceptis,
3739 4188 3976 4263 ideoque

2389 4277 2442 4333 in
2482 4293 2546 4333 eo
2587 4291 2723 4333 casu
2759 4275 3054 4333 dicendum
3079 4282 3196 4345 est,
3230 4292 3402 4333 unum
3430 4274 3791 4351 praeceptum
3817 4286 3974 4337 natu-

2389 4366 2502 4423 rale
2541 4368 2744 4423 servari
2783 4368 2993 4440 integre
3041 4382 3138 4438 per
3187 4374 3370 4424 actum
3411 4366 3618 4425 honuni
3663 4384 3730 4425 ex
3777 4386 3979 4443 genere

2389 4457 2527 4515 male
2565 4458 2799 4526 factum3
2842 4456 3182 4515 nihilominus
3222 4465 3399 4515 tamen
3436 4475 3546 4516 non
3575 4462 3783 4517 servari
3812 4461 3978 4519 abso-

2389 4548 2504 4605 lute
2545 4549 2756 4621 integre
2797 4547 2880 4604 ius
2919 4548 3196 4619 naturale,
3238 4549 3366 4622 quia
3394 4550 3754 4608 committitur
3781 4560 3976 4609 contra

2390 4636 2536 4694 aliud
2581 4644 2933 4710 praeceptum
2971 4638 3238 4696 naturale.
3268 4638 3574 4713 Aliquando
3603 4656 3732 4698 vero
3764 4644 3978 4699 contin-

2390 4743 2516 4802 gere
2551 4733 2762 4800 potest,
2799 4728 3086 4799 malitiam,
3125 4744 3266 4803 quae
3295 4728 3610 4803 adiungitur
3636 4732 3822 4804 actui,
3853 4748 3979 4789 esse

2391 4826 2587 4875 contra
2609 4818 2857 4875 eamdem
2872 4818 3152 4889 virtutem,
3174 4819 3332 4875 cuius
3355 4827 3708 4893 praeceptum
3729 4838 3825 4894 per
3847 4822 3978 4879 sub-

2392 4912 2643 4967 stantiam
2679 4916 2842 4967 actus
2883 4912 3088 4966 servari
3121 4910 3362 4968 videtur:
3406 4917 3469 4967 ut
3506 4913 3550 4968 si
3591 4914 3716 4985 quis
3751 4920 3872 4971 oret
3897 4921 3979 4970 at-

2391 5008 2559 5073 tente,
2589 5007 2770 5056 tamen
2797 5000 2850 5055 in
2879 5000 3002 5056 loco
3033 4998 3320 5073 indecenti,
3345 5002 3429 5059 vel
3455 5018 3584 5061 cum
3610 5004 3708 5060 alia
3729 5006 3974 5061 circum·

2394 5090 2591 5147 stantia
2631 5089 2905 5146 contraria
2930 5087 3141 5148 divinae
3169 5093 3502 5149 reverentiae
3529 5094 3584 5147 iu
3615 5094 3858 5151 oratioue
3883 5094 3977 5151 de·

2393 5180 2556 5239 bitae.
2596 5181 2666 5237 Et
2705 5185 2836 5236 tunc
2877 5187 3029 5238 reete
3066 5180 3172 5237 diei
3201 5188 3416 5254 potest,
3446 5182 3590 5239 idem
3619 5192 3977 5257 praeceptum

2395 5272 2600 5329 servari
2627 5270 2807 5343 quoad
2835 5271 3215 5345 substantiam,
3237 5278 3295 5329 et
3321 5272 3503 5332 violari
3525 5274 3707 5348 quoad
3728 5276 3971 5337 circum-
