4325 6267
1249 441 1528 514 CAPUT
1567 441 1746 514 XVI.

709 657 925 717 Utrum
951 669 1149 710 omnes
1179 649 1329 728 leqes
1347 650 1689 726 praedictos
1717 649 1962 726 effectus
1989 649 2262 725 efficiant
2279 695 2295 720 ,

941 744 1304 818 praesertim
1326 744 1564 816 peccati
1587 745 2053 816 permissionem.

1265 932 1750 1023 summarium

707 1124 756 1174 1.
786 1123 982 1188 Duplex
1015 1122 1284 1186 usurpatio
1305 1123 1524 1173 nominis
1549 1123 1657 1174 lew.
1683 1147 1756 1158 —
1779 1121 1830 1174 2.
1859 1121 1968 1172 Non
1991 1133 2165 1172 omnes
2187 1117 2309 1169 effe-

677 1195 690 1208 “
773 1201 890 1244 ctus
915 1193 1046 1254 legis
1065 1193 1378 1244 conveniunt
1397 1192 1632 1256 singulis.
1654 1218 1724 1228 —-
1741 1192 1794 1242 3.
1817 1190 2042 1243 Effectus
2063 1189 2306 1254 puniendi

772 1262 1025 1326 quomodo
1061 1275 1259 1325 semper
1295 1263 1629 1324 coniungitur
1663 1275 1780 1311 cum
1817 1263 1950 1311 omni
1988 1260 2119 1320 lege.
2147 1286 2218 1295 —-
2249 1260 2303 1309 4.

774 1331 902 1394 Legi
927 1332 1198 1381 collective
1223 1339 1453 1395 sumptae
1477 1332 1986 1398 conveniuntomnes
2003 1329 2216 1379 effectus
2234 1328 2308 1376 ie-

773 1403 874 1465 gis,
901 1428 970 1436 —
997 1400 1049 1450 5.
1077 1402 1180 1451 Lex
1215 1400 1512 1463 permissiva
1547 1413 1638 1464 per
1661 1400 1863 1450 modum
1888 1399 2229 1449 concessionis
2254 1405 2307 1447 et

779 1471 1174 1534 dispensationis
1199 1483 1297 1519 uon
1322 1483 1610 1535 supponens
1635 1471 1835 1533 culpam
1859 1470 1912 1518 in
1933 1470 2046 1519 iure
2065 1467 2315 1532 canonico

776 1553 927 1604 saepe
954 1541 1233 1602 reperitur.
1261 1567 1330 1575 —
1355 1540 1408 1589 6.
1437 1541 1537 1590 Lex
1560 1540 1731 1589 divina
1758 1539 2052 1601 evangelica
2073 1550 2172 1586 non
2190 1549 2311 1586 con-

779 1611 913 1658 tinet
943 1609 1083 1670 leges
1107 1609 1305 1672 aliquas
1329 1610 1672 1672 permissivaS,
1701 1611 1972 1672 praecipue
1997 1608 2215 1671 peccati.
2242 1634 2313 1642 —

777 1679 855 1728 An
882 1679 963 1727 lex
989 1685 1137 1728 vetus
1155 1679 1362 1742 aliquod
1382 1687 1644 1743 peccatum
1663 1679 2004 1742 permitteret.
2027 1704 2096 1712 -—
2117 1677 2168 1726 7.
2191 1677 2312 1726 Per-

777 1748 1042 1798 missiones
1059 1783 1074 1810 ,
1112 1760 1243 1810 quae
1269 1749 1320 1797 in
1348 1749 1460 1810 lege
1485 1749 1708 1798 naturali
1733 1754 1788 1797 et
1813 1755 2021 1797 aeterna
2045 1747 2313 1809 reperiun-

777 1825 885 1869 tur.
911 1843 982 1852 —-
1009 1816 1061 1866 8.
1092 1817 1168 1865 An
1193 1829 1348 1880 opera
1374 1816 1714 1867 indifferentia
1733 1829 1824 1882 per
1847 1819 2010 1882 legem
2029 1817 2314 1866 naturalem

781 1889 1155 1951 permittuntur
1179 1897 1238 1935 ac
1263 1899 1354 1951 per
1379 1895 1630 1937 caeteras,

797 2061 846 2114 1.
878 2055 959 2113 Ad
988 2054 1091 2113 hoc
1115 2057 1502 2129 explicandum
1525 2060 1700 2116 notari
1725 2064 1927 2131 potest,
1952 2057 2086 2131 legis
2115 2073 2317 2115 nomen

711 2145 983 2210 interdum
1025 2149 1170 2202 sumi
1213 2155 1276 2204 ut
1303 2148 1653 2205 collectivum
1682 2149 1748 2204 ad
1779 2147 2193 2222 significandum
2236 2155 2320 2206 to-

713 2245 833 2294 tum
870 2237 1106 2309 aliquem
1137 2237 1417 2309 ordinem,
1450 2253 1548 2294 seu
1581 2245 1785 2295 statum
1815 2237 2034 2310 legum,
2067 2241 2145 2294 sic
2176 2240 2318 2295 enim
2348 2265 2355 2272 ·

711 2326 798 2382 lex
827 2325 1090 2383 naturalis
1121 2326 1320 2384 dicitur
1349 2333 1465 2384 tota
1487 2327 1738 2383 collectio
1763 2334 2190 2398 praeceptorum
2221 2343 2317 2383 na·

709 2417 1004 2491 turalium3
1047 2420 1128 2478 lex
1161 2420 1368 2489 scripta
1395 2416 1480 2473 vel
1511 2416 1596 2472 lex
1616 2419 1820 2490 gratiae
1845 2417 2112 2490 significat
2141 2424 2319 2473 totum

717 2511 802 2566 ius
835 2509 1075 2566 divinum
1106 2509 1400 2581 positivum
1429 2507 1739 2579 antiquum,
1773 2506 1857 2563 vel
1885 2523 2122 2578 novum3
2153 2515 2209 2563 et
2238 2509 2317 2564 sic

713 2599 874 2656 etiam
911 2605 1095 2670 potest
1124 2597 1297 2669 accipi
1327 2597 1409 2654 lex
1440 2595 1637 2669 civilis,
1667 2603 1724 2653 et
1753 2597 2015 2652 canonica
2038 2611 2169 2651 cum
2194 2612 2319 2668 pro-

719 2689 999 2762 portione3
1047 2688 1300 2761 quamvis
1343 2687 1394 2742 in
1439 2687 1720 2742 communi
1774 2701 1878 2742 usu
1920 2685 2180 2757 loquendi
2228 2685 2320 2741 illa

717 2777 972 2835 collectio
1011 2779 1186 2849 magis
1225 2776 1514 2848 significari
1553 2774 1726 2831 soleat
1765 2776 1984 2832 nomine
2023 2775 2158 2831 iuris
2189 2775 2320 2831 civi·

719 2868 814 2940 lis,
848 2867 932 2922 vel
964 2866 1242 2936 canonici,
1272 2881 1439 2940 quam
1466 2865 1681 2921 nomine
1712 2864 1974 2937 singulari
2015 2864 2172 2937 legis.
2204 2865 2319 2922 Alio

719 2971 856 3028 ergo
898 2955 1063 3013 modo
1106 2955 1190 3012 lex
1229 2961 1312 3012 est
1338 2954 1760 3012 determinatum
1787 2969 1982 3011 nomen
2012 2953 2321 3026 significans

719 3044 988 3103 indefinite
1019 3045 1263 3120 singulas
1292 3044 1659 3117 particulares
1689 3043 1857 3118 leges.

799 3141 855 3196 2.
887 3135 1186 3208 Loquendo
1225 3136 1408 3209 itaque
1449 3134 1518 3192 de
1559 3133 1677 3208 lege
1705 3133 1810 3192 hoc
1840 3134 2130 3208 posteriori
2157 3135 2321 3193 modo

721 3232 780 3284 et
807 3226 982 3299 magis
1020 3225 1240 3298 proprio
1261 3267 1276 3298 ,
1310 3230 1527 3281 certum
1555 3230 1660 3292 est,
1691 3239 1798 3280 non
1827 3239 2017 3281 omnes
2047 3224 2168 3281 illos
2195 3225 2322 3282 effe·

721 3321 849 3373 ctus
887 3314 1176 3372 convenire
1214 3314 1442 3388 singulis
1471 3313 1704 3386 legibus,
1735 3329 1864 3369 cum
1893 3314 2062 3386 aliqui
2098 3314 2322 3370 illorum

716 3406 858 3463 inter
887 3421 944 3460 se
981 3404 1216 3460 habeant
1250 3403 1667 3475 oppositionem.
1713 3404 1904 3475 ltaque
1935 3404 1984 3458 in
2017 3403 2208 3476 primis
2237 3405 2321 3460 lex

719 3493 1015 3566 prohibens
1043 3509 1150 3549 non
1175 3499 1261 3550 est
1282 3493 1645 3565 praecipiens,
1669 3506 1770 3548 nec
1790 3506 1821 3547 c
1848 3507 2141 3561 convers03
2170 3509 2317 3559 nam,

722 3590 790 3639 ut
817 3581 945 3654 dixi,
977 3581 1050 3637 illi
1079 3581 1192 3638 duo
1221 3581 1452 3639 effectus
1481 3569 1832 3654 distin‘guunt
1859 3581 2018 3653 quasi
2039 3581 2177 3638 duas
2202 3597 2324 3654 spe-

718 3673 831 3728 cies
869 3676 1295 3748 praepeptorum
1324 3669 1636 3726 habentium
1666 3669 1806 3725 inter
1835 3684 1892 3726 se
1923 3671 2315 3742 oppositionem

719 3761 877 3835 quasi
907 3758 1388 3816 contradictoriam
1409 3773 1475 3815 ex
1499 3765 1653 3830 parte
1677 3758 1958 3815 materiae.
1989 3760 2099 3815 Nec
2128 3759 2317 3832 refert,

719 3850 870 3923 qu'od
900 3847 1176 3906 interdum
1205 3846 1410 3904 dicitur
1437 3845 1522 3904 lex
1555 3847 1892 3918 praecipiens
1921 3852 2109 3904 actum
2139 3849 2323 3919 prohi-

718 3941 850 3997 bere
885 3938 1262 4010 omissionem3
1307 3953 1433 3994 nam
1475 3934 1564 3992 illa
1603 3935 1894 4007 prohibitio
1923 3937 1974 3992 in
2005 3937 2322 3995 affirmatio-

719 4045 844 4086 nem
882 4027 1202 4098 reducitur,
1242 4028 1376 4100 quia
1415 4031 1497 4082 est
1535 4025 1773 4099 negatio,
1815 4042 1958 4099 quae
1999 4027 2050 4082 in
2079 4030 2322 4100 negatio-

719 4135 843 4176 nem
882 4115 1059 4188 cadit,
1092 4116 1339 4186 scilicet,
1370 4115 1421 4171 in
1452 4114 1835 4188 omissionem,
1869 4122 1927 4171 et
1953 4117 2028 4172 ita
2055 4116 2198 4174 duae
2228 4134 2321 4174 ne-

717 4211 965 4284 gationes
1007 4207 1304 4266 affirmant.
1348 4206 1538 4277 Neque
1577 4206 1738 4261 etiam
1783 4205 1998 4278 obstat,
2041 4206 2192 4280 quod
2233 4207 2318 4265 lex

718 4299 1056 4371 praecipiens
1099 4303 1288 4353 actum
1330 4293 1426 4351 tali
1467 4301 1711 4366 tempore
1739 4295 2082 4368 faciendum,
2116 4299 2319 4356 virtute

715 4388 964 4461 prohibet
992 4387 1188 4443 habere
1227 4384 1571 4459 propositum
1600 4390 1698 4441 aut
1724 4383 2060 4442 voluntatem
2091 4401 2200 4443 non
2242 4389 2321 4444 sa·

720 4474 896 4534 ciendi
937 4475 1194 4532 eumdem
1236 4480 1423 4530 actum
1465 4480 1564 4546 pro
1607 4472 1700 4529 illo
1743 4479 2022 4547 tempore,
2069 4477 2183 4531 sive
2212 4478 2320 4535 tale

713 4564 1065 4640 propositum
1093 4565 1142 4620 in
1173 4563 1368 4620 eodem
1397 4567 1666 4633 tempore,
1699 4563 1812 4618 sive
1851 4565 2004 4634 prius
2034 4563 2317 4640 habeatur,

717 4673 934 4730 semper
962 4659 1104 4713 enim
1121 4655 1226 4712 erit
1253 4653 1381 4725 legis
1405 4651 1645 4709 violatio:
1673 4653 1822 4710 sicut
1839 4655 2001 4710 etiam
2029 4654 2116 4711 lex
2143 4656 2323 4727 prohi-

715 4749 850 4806 bens
893 4735 1130 4819 aliquem
1159 4750 1378 4810 actum,
1412 4741 1675 4814 praecipit
1703 4741 1979 4799 interdum
2008 4751 2197 4801 actum
2225 4761 2321 4817 po·

717 4837 939 4895 sitivum
978 4833 1278 4892 voluntatis
1307 4874 1322 4904 ,
1364 4831 1450 4888 vel
1503 4837 1790 4889 externum
1819 4874 1834 4905 ,
1885 4832 1927 4888 si
1975 4835 2319 4892 necessarius

717 4927 884 4986 fuerit
923 4925 992 4982 ad
1032 4922 1314 4981 vitandum
1355 4927 1543 4978 actum
1582 4921 1948 4994 prohibitum,
1995 4931 2056 4980 ut
2095 4925 2181 4983 lex
2210 4943 2318 4983 non

715 5013 1022 5074 fornicandi
1070 5011 1362 5087 aliquando
1403 5011 1604 5084 obligat
1651 5011 1720 5068 ad
1770 5011 2083 5069 habendum
2130 5015 2321 5085 positi-

719 5122 850 5164 vum
891 5105 1230 5177 propositum
1267 5118 1374 5158 non
1405 5101 1740 5174 fornicandi,
1773 5101 1819 5157 si
1849 5105 2223 5160 necessarium
2252 5104 2319 5163 sit

719 5196 786 5254 ad
817 5194 1136 5253 vincendam
1164 5195 1428 5250 rationem
1459 5191 1532 5249 illi
1558 5191 1666 5265 legi
1694 5191 2044 5264 contrariam,
2073 5193 2154 5250 vel
2184 5193 2317 5253 obli·

2195 319 2399 370 unm
2428 319 2480 369 1.

2329 417 2337 424 ⁷
2367 451 2463 518 gat
2490 442 2558 502 ad
2579 441 2862 520 fugiendas
2886 443 3233 517 occasiones,
3256 452 3367 503 etc.
3393 445 3563 518 Haec,
3589 445 3837 520 inquam,
3862 461 3977 504 non

2371 537 2611 608 obstant,
2644 537 2775 610 quia
2806 542 2937 596 sunt
2962 535 3143 592 solum
3172 551 3269 606 per
3299 535 3592 611 quamdam
3620 537 3977 595 consecutio-

2370 640 2494 682 nem
2518 667 2533 696 ,
2564 625 2615 681 iu
2644 630 2915 696 quantum
2946 623 3033 681 lex
3062 623 3267 697 aliquid
3292 626 3600 696 imperans,
3632 641 3981 698 consequen-

2372 720 2455 772 ter
2482 713 2687 788 0bligat
2723 712 2792 770 ad
2817 729 2883 771 ea
2902 753 2918 786 ,
2949 729 3093 788 quae
3121 715 3435 772 necessaria
3463 721 3596 773 sunt
3622 715 3691 772 ad
3722 716 3795 787 id,
3824 715 3979 789 quod

2370 805 2627 878 primario
2655 811 2741 860 est
2768 805 3121 875 imperatum.
3154 803 3250 860 illa
3277 812 3463 862 autem
3491 803 3603 860 duo
3632 805 3877 861 membra
3896 804 3981 861 di-

2374 894 2731 968 stinguuntur
2756 909 2825 950 ex
2852 892 3020 950 rebus
3038 935 3053 963 ,
3092 909 3234 966 quas
3264 908 3358 965 per
3390 908 3450 950 se
3478 895 3651 965 primo
3680 896 3978 965 imperant,

2374 999 2515 1057 quae
2547 989 2676 1040 sunt
2702 999 2885 1055 agere,
2910 982 2996 1039 vel
3024 997 3136 1038 non
3157 997 3341 1055 agere,
3366 984 3523 1040 etita
3542 999 3825 1057 nunquam
3846 999 3975 1057 pos·

2374 1079 2504 1129 sunt
2528 1071 2843 1130 coincidere
2872 1074 2924 1130 in
2952 1071 3199 1130 eamdem
3235 1072 3433 1146 legem.
3601 1067 3610 1074 ’

2453 1167 2508 1219 3.
2541 1163 2628 1219 Sic
2656 1176 2789 1233 ergo
2812 1163 2970 1232 primi
2993 1151 3105 1220 duo
3126 1163 3357 1219 etl'ectus
3379 1177 3487 1219 non
3510 1164 3848 1220 conveniunt
3870 1163 3982 1220 sin-

2372 1251 2519 1323 gulis
2559 1251 2791 1324 legibus.
2831 1251 3043 1308 Tertius
3070 1258 3289 1323 autem,
3321 1253 3415 1325 qui
3444 1259 3531 1308 est
3557 1253 3801 1324 punitio,
3836 1267 3981 1308 sem·

2376 1356 2473 1412 per
2501 1341 2852 1414 coniungitur
2881 1339 3067 1413 aliquo
3093 1341 3258 1399 modo
3288 1357 3421 1398 cum
3441 1343 3671 1415 singulis
3694 1342 3905 1414 legibus
3928 1349 3987 1399 et

2376 1445 2507 1486 cum
2536 1430 2723 1501 primis
2760 1427 2978 1485 duobus
3018 1431 3335 1503 etl‘ectibus,
3381 1431 3575 1487 saltem
3614 1439 3890 1504 quatenus
3920 1447 3984 1487 o-

2378 1520 2519 1576 mnis
2556 1519 2691 1592 legis
2722 1521 3089 1592 transgressio
3116 1521 3185 1577 de
3216 1536 3276 1578 se
3301 1528 3358 1577 et
3385 1536 3482 1592 per
3510 1521 3817 1578 naturalem
3848 1536 3983 1577 cou-

2380 1609 2716 1666 secutionem
2747 1608 2879 1664 iacit
2906 1607 3132 1681 dignum
3162 1625 3357 1682 poena,
3385 1617 3453 1666 ut
3480 1609 3695 1667 dictum
3721 1617 3840 1684 est·,
3865 1625 3981 1666 non

2378 1703 2556 1756 tamen
2596 1699 2771 1754 omnis
2802 1698 2888 1753 lex
2916 1699 3147 1771 imponit
3174 1700 3467 1773 specialem
3496 1717 3757 1774 poenam,
3788 1709 3855 1758 ut
3882 1717 3980 1773 per

2382 1803 2440 1844 se
2468 1794 2719 1862 constat,
2751 1787 2848 1845 sed
2875 1788 2981 1845 hoc
3010 1797 3094 1846 est
3119 1791 3406 1863 proprium
3432 1790 3743 1863 aliquarum
3774 1789 3980 1863 legum.

2382 1880 2453 1936 Et
2486 1879 2613 1952 quia
2649 1894 2852 1950 poenae
2889 1885 3102 1936 taxatae
3130 1896 3231 1952 pro
3262 1881 3371 1937 vita
3398 1881 3585 1938 sutura
3615 1882 3887 1953 pertinent
3914 1881 3986 1938 ad

2384 1967 2569 2025 sorum
2598 1969 2721 2040 Dei,
2762 1967 2829 2025 de
2858 1967 2963 2024 illis
2992 1984 3103 2024 non
3133 1971 3365 2042 agimus,
3392 1973 3524 2044 quia
3550 1971 3706 2028 nobis
3734 1972 3789 2028 in
3815 1971 3988 2044 parti-

2386 2057 2562 2114 culari
2602 2059 2818 2130 ignotae
2861 2062 3009 2113 sunt.
3042 2059 3264 2130 Proprie
3294 2075 3433 2132 ergo
3456 2060 3716 2118 tribuitur
3748 2060 3833 2117 bic
3862 2061 3993 2118 eire-

2388 2154 2515 2205 ctus
2542 2146 2817 2220 aliquibus
2847 2147 3064 2220 legibus
3091 2147 3368 2221 humanis,
3396 2165 3537 2223 quae
3568 2149 3832 2220 speciales
3859 2166 3992 2223 poe-

2388 2253 2487 2294 nas
2516 2239 2825 2309 imponunt,
2857 2245 2914 2295 et
2940 2236 3063 2294 ideo
3091 2239 3346 2309 poenales
3374 2239 3662 2310 dicuntur,
3689 2239 3757 2297 de
3784 2241 3987 2313 quibus

2388 2327 2525 2383 inira
2554 2327 2849 2399 specialem
2878 2342 3190 2383 sermonem
3220 2331 3593 2385 instituemus,
3626 2329 3868 2397 Quartus
3889 2329 3987 2385 de-

2388 2417 2551 2488 nique
2600 2415 2969 2488 permissionis
3014 2415 3244 2473 effectus
3296 2416 3470 2474 multo
3518 2419 3699 2474 minus
3730 2417 3991 2474 convenit

2388 2507 2615 2578 singulis
2652 2506 2899 2578 legibus3
2940 2506 3048 2562 imo
3087 2519 3249 2562 rarus
3277 2512 3391 2575 est,
3430 2513 3485 2563 et
3512 2522 3722 2579 paucae
3752 2513 3884 2564 sunt
3912 2508 3993 2564 le·

2388 2611 2505 2669 ges,
2538 2611 2679 2668 quae
2709 2593 2777 2651 ad
2808 2594 3219 2668 permissionem
3241 2601 3454 2654 tantum
3482 2595 3891 2655 concedendam
3912 2597 3989 2654 ie·

2388 2692 2609 2757 rantur,
2643 2692 2717 2742 ut.
2730 2700 2825 2757 per
2856 2700 2915 2741 se
2944 2689 3177 2740 constat.

2466 2780 2521 2833 4.
2556 2775 2857 2848 Loqueudo
2898 2780 3084 2831 autem
3124 2771 3191 2830 de
3234 2777 3349 2848 lege
3390 2775 3444 2831 in
3484 2775 3651 2846 priori
3682 2776 3991 2849 significatu

2391 2864 2709 2936 collective,
2743 2865 2822 2919 sic
2854 2879 3042 2920 omnes
3072 2862 3125 2919 hi
3152 2863 3381 2921 effectus
3413 2866 3917 2936 possuntomnibus
3936 2873 3995 2924 et

2390 2953 2622 3025 singulis
2646 2952 2865 3032 legibus
2896 2952 3141 3024 attribui,
3168 2953 3481 3023 praesertim
3502 2956 3549 3009 si
3574 2956 3992 3024 permissionem

2391 3041 2727 3113 accipiamus
2760 3041 2813 3096 in
2838 3040 2929 3096 illa
2957 3038 3313 3112 amplitudine
3334 3081 3348 3109 ,
3379 3043 3433 3097 in
3470 3057 3582 3115 qua
3608 3043 3675 3100 ab
3701 3041 3907 3100 isidoro
3936 3050 3995 3099 et

2392 3148 2423 3190 a
2447 3132 2501 3188 d.
2532 3133 2735 3188 Thoma
2760 3139 2981 3204 sumpta
3006 3137 3112 3187 est:
3140 3131 3294 3198 Quod
3318 3130 3442 3188 ideo
3466 3131 3614 3205 dico,
3638 3134 3768 3206 quia
3792 3134 3843 3188 in
3868 3147 3993 3205 per-

2390 3223 2642 3278 missione
2684 3227 2768 3277 est
2808 3219 2991 3293 aliqua
3017 3218 3346 3289 difficultas3
3382 3236 3508 3277 nam
3536 3221 3602 3278 de
3628 3224 3863 3280 caeteris
3891 3224 3989 3278 tri-

2390 3311 2495 3368 bus
2523 3311 2807 3369 effectibus
2839 3308 2970 3365 satis
3000 3325 3067 3364 ex
3097 3307 3252 3364 dictis
3280 3317 3521 3382 constat,
3548 3311 3601 3366 in
3625 3313 3772 3368 omni
3802 3312 3992 3368 ordine

2390 3399 2573 3472 legum
2602 3398 2801 3456 habere
2828 3400 3033 3454 locum.
3064 3399 3202 3456 Nam
3231 3400 3283 3455 in
3312 3401 3459 3457 omni
3482 3401 3673 3458 ordine
3697 3402 3883 3475 legum
3906 3409 3992 3458 est

2392 3489 2762 3563 necessarium
2804 3487 3011 3561 aliquid
3052 3489 3367 3561 praecipere
3404 3498 3462 3547 et
3503 3497 3724 3560 vetare,
3767 3499 3825 3548 et
3860 3507 3991 3549 cum

2392 3579 2537 3636 omni
2566 3578 2685 3652 lege
2712 3587 2799 3634 est
2822 3579 3120 3635 coniuncta
3142 3581 3223 3634 vis
3245 3593 3468 3654 cogens,
3496 3597 3606 3654 qua
3629 3582 3792 3640 saciat
3809 3590 3990 3639 trans-

2388 3684 2671 3742 gressores
2711 3683 2834 3723 reos
2874 3683 3103 3740 poenae.
3135 3666 3244 3724 lllis
3272 3683 3403 3741 ergo
3429 3670 3715 3727 effectibus
3746 3671 3987 3744 omissis,

2390 3757 2538 3831 quod
2566 3757 2633 3813 ad
2660 3757 3069 3829 permissionem
3098 3758 3291 3814 attinet
3316 3758 3329 3831 (
3354 3765 3416 3816 ut
3442 3775 3473 3816 a
3504 3760 3827 3818 clarioribus
3856 3763 3992 3818 inci-

2392 3849 2604 3919 piamus
2626 3845 2677 3920 l,
2710 3847 2777 3904 de
2808 3846 3018 3920 legibus
3047 3846 3293 3903 civilibus
3322 3854 3540 3906 constat
3568 3849 3738 3907 multa
3766 3853 3993 3923 permit·

2390 3943 2525 4010 tere,
2558 3938 2671 3994 sive
2700 3935 3055 3994 concedendo
3084 3937 3249 4008 bona,
3273 3953 3373 3994 seu
3401 3939 3699 4014 privilegia,
3730 3943 3847 3998 sive
3869 3957 3994 4013 per-

2391 4025 2661 4084 mittendo
2688 4031 2951 4108 peccata3
2984 4025 3089 4082 hoc
3120 4028 3262 4083 enim
3285 4042 3393 4083 non
3415 4036 3499 4085 est
3518 4036 3713 4086 contra
3732 4030 3992 4088 iustitiam

2392 4115 2509 4172 talis
2542 4116 2681 4188 legis
2710 4116 2979 4172 humanae
2998 4155 3013 4186 ,
3046 4115 3176 4186 quia
3202 4131 3308 4172 non
3338 4123 3551 4190 spectat
3584 4118 3649 4174 ad
3678 4119 3853 4190 illam,
3888 4135 3991 4176 nec

2391 4207 2457 4264 ad
2503 4207 2661 4264 finem
2701 4207 2853 4279 eius,
2886 4204 3173 4278 cohibere,
3205 4205 3287 4261 vel
3316 4207 3510 4278 punire
3538 4209 3721 4265 omnia
3750 4210 3895 4282 vitia,
3927 4217 3995 4267 ut

2391 4296 2617 4355 tradidit
2654 4294 2997 4368 Augustinus
3037 4291 3079 4350 l.
3128 4297 3177 4352 1.
3219 4292 3485 4352 deliber.
3516 4298 3651 4354 arb.
3684 4313 3809 4371 cap.
3845 4305 3907 4372 5,
3938 4307 3995 4356 ct

2392 4392 2453 4457 6,
2485 4394 2543 4443 et
2566 4388 2705 4442 infra
2732 4385 3064 4454 videbimus3
3094 4389 3151 4438 et
3176 4385 3424 4457 exempla
3454 4393 3585 4443 sunt
3610 4388 3666 4444 in
3690 4388 3992 4460 superiori·

2386 4477 2491 4534 bus
2520 4475 2855 4534 sufficienter
2883 4475 3079 4546 posita.

2468 4572 2521 4623 5.
2556 4569 2629 4622 De
2671 4565 2883 4639 iegibus
2924 4572 3107 4625 autem
3149 4565 3426 4624 canonicis
3455 4566 3667 4625 clarum
3696 4574 3811 4642 est,
3841 4574 3993 4626 inve-

2392 4657 2494 4713 niri
2535 4657 2591 4712 in
2631 4655 2749 4712 iure
2790 4656 3061 4712 canonico
3103 4654 3252 4729 leges
3291 4656 3642 4728 permissivas
3682 4657 3992 4731 aliquarum

2392 4762 2604 4818 rerum,
2638 4760 2777 4818 quae
2806 4760 2914 4801 non
2944 4744 3238 4802 includunt
3264 4744 3509 4817 culpam,
3542 4746 3639 4803 sed
3667 4751 3987 4806 concessio·

2387 4851 2513 4892 nem
2542 4851 2639 4908 per
2664 4833 2889 4891 modum
2919 4833 3361 4906 dispensationis,
3388 4851 3496 4890 non
3520 4835 3771 4894 obstante
3793 4837 3981 4911 aliquo

2386 4926 2606 4983 defectu
2641 4923 2875 4981 naturali
2898 4924 2979 4980 vel
3000 4923 3193 4980 morali
3214 4925 3319 4980 iam
3343 4925 3661 4997 praeterito,
3690 4932 3753 4982 ut
3772 4925 3991 4984 dictum
4090 4915 4100 4923 ’

2387 5021 2474 5072 est
2516 5012 2584 5070 de
2622 5029 2761 5071 casu
2802 5029 2925 5086 cap.
2966 5015 3087 5088 Qui
3104 5017 3380 5087 partem,
3417 5012 3471 5069 d.
3506 5017 3549 5086 ξ.
3583 5013 3731 5072 idem
3758 5015 3865 5072 dici
3894 5033 3993 5089 po-

2390 5111 2500 5164 test
2540 5105 2607 5163 de
2646 5102 2946 5162 canonibus
2986 5101 3430 5173 permittentibus
3472 5102 3713 5175 aliquem
3748 5105 3993 5181 neophy-

2388 5203 2505 5254 tum
2549 5193 2817 5263 ordinari,
2865 5188 2947 5250 vel
2990 5206 3327 5248 conversum
3364 5191 3431 5248 ab
3461 5190 3672 5253 haeresi
3701 5193 3990 5268 aliquando
