4325 6267
1768 411 1979 462 CAPUT
2010 415 2124 463 XV.

306 532 455 607 quod
490 534 774 607 proprium
806 539 1158 606 praeceptum
1185 534 1321 606 legis
1350 538 1607 606 naturae,
1634 534 1733 590 nisi
1760 534 1905 609 quod

304 621 377 679 ad
408 625 581 679 Deum
609 625 895 695 pertineat.
926 624 1236 695 Utrumque
1266 630 1444 694 patet,
1476 624 1605 694 quia
1632 616 1729 681 lex'
1748 630 1910 679 natu-

306 710 433 768 ralis
465 718 550 768 est
576 711 699 781 illa,
726 726 867 785 quae
890 728 957 768 ex
988 714 1036 767 vi
1069 712 1291 770 rationis
1320 713 1490 769 solius
1518 712 1677 769 ducit
1704 712 1910 785 obliga-

308 800 509 857 tionem
532 842 547 865 ,
586 801 681 857 sed
717 801 808 857 illa
836 810 1123 873 praecepta
1156 818 1259 858 non
1292 812 1421 857 sunt
1449 804 1573 859 talia
1602 803 1908 859 secundum

304 893 535 947 Scotum
557 934 571 957 ,
616 895 747 964 quia
782 890 949 961 dicit,
981 908 1088 948 non
1118 894 1423 948 necessario
1455 893 1637 969 inferri
1666 908 1729 949 ex
1762 894 1909 964 prin-

306 980 463 1051 cipiis
511 986 771 1049 naturae,
816 988 872 1036 et
898 980 970 1037 ita
996 997 1105 1037 non
1133 996 1255 1037 esse
1286 981 1571 1037 intrinsece
1605 981 1774 1051 mala,
1808 980 1907 1036 nisi

308 1068 727 1139 prohibeantur,
756 1084 912 1139 ergo.

394 1161 447 1214 7.
486 1160 545 1215 ln
575 1166 813 1230 utroque
837 1158 998 1230 igitur
1020 1157 1147 1213 mibi
1178 1158 1331 1215 valde
1356 1158 1604 1231 displicet
1624 1158 1760 1215 haec
1785 1174 1908 1215 sen-

308 1246 495 1303 tentia.
555 1248 737 1303 Primo
776 1249 919 1303 enim
964 1248 1009 1302 si
1050 1254 1338 1319 praecepta
1364 1248 1655 1305 -secundae
1692 1250 1911 1306 tabulae

310 1352 419 1391 non
466 1342 653 1393 essent
692 1335 827 1409 legis
868 1342 1133 1401 naturae,
1178 1346 1299 1393 ante
1341 1338 1511 1409 legem
1554 1354 1651 1410 per
1689 1339 1910 1415 Moysen

310 1426 495 1483 datam
534 1442 643 1483 non
680 1426 1013 1499 obligassent
1037 1425 1285 1483 homines
1311 1444 1377 1484 ex
1410 1429 1459 1483 vi
1490 1428 1656 1484 solius
1688 1429 1911 1485 rationis

310 1517 607 1582 naturalis,
654 1518 781 1588 quia
826 1531 921 1587 per
962 1516 1105 1573 illam
1149 1533 1255 1573 non
1298 1524 1511 1588 poterat
1550 1525 1805 1575 constare
1844 1518 1910 1575 de

312 1606 537 1675 speciali
578 1604 932 1675 prohibitione
970 1604 1178 1677 divina,
1212 1608 1256 1661 si
1288 1607 1423 1663 ratio
1454 1623 1561 1664 non
1590 1606 1911 1663 ostendebat

312 1696 365 1751 in
402 1694 615 1750 actibus
644 1694 991 1751 intrinsecam
1016 1695 1293 1752 malitiam.
1317 1696 1471 1753 Unde
1493 1698 1650 1752 etiam
1677 1702 1798 1767 post
1817 1695 1911 1753 da·

314 1790 425 1839 tam
447 1783 619 1857 legem
644 1782 731 1839 illa
750 1791 1040 1855 praecepta
1057 1784 1283 1841 moralia
1306 1801 1411 1840 non
1430 1785 1759 1857 obligassent
1779 1801 1912 1857 gen-

318 1880 433 1945 teS,
466 1889 566 1945 pro
603 1872 809 1945 quibus
847 1874 929 1929 lex
969 1875 1137 1949 Moysi
1176 1875 1303 1931 data
1344 1891 1449 1930 non
1490 1886 1639 1947 erat,
1674 1876 1781 1931 imo
1811 1891 1909 1932 nec

315 1979 463 2019 nunc
506 1962 687 2036 quoad
730 1979 829 2019 nos
872 1978 1027 2019 snam
1068 1965 1175 2018 vim
1217 1964 1543 2034 retinerent,
1574 1965 1700 2036 quia
1730 1968 1911 2020 omnia

314 2058 634 2125 praecepta,
664 2058 940 2125 quatenus
962 2052 1183 2108 suerunt
1202 2052 1427 2124 positiva
1447 2052 1590 2109 illius
1612 2052 1766 2124 legis,
1793 2068 1912 2109 ces-

314 2149 529 2197 sarunt.
571 2142 684 2197 Nisi
727 2140 981 2213 dicatur,
1026 2141 1192 2197 fuisse
1236 2147 1493 2197 renovata
1532 2158 1564 2197 a
1602 2141 1819 2197 Christo
1860 2143 1909 2197 in

314 2229 631 2303 evangelio,
668 2228 813 2301 quod
846 2245 1038 2286 verum
1066 2228 1281 2302 quidem
1313 2238 1429 2301 est3
1462 2236 1641 2286 tamen
1673 2228 1794 2287 inde
1824 2246 1912 2287 re·

317 2320 606 2391 torquetur
656 2324 1072 2391 argumentum,
1116 2319 1243 2391 quia
1276 2319 1526 2375 Christus
1558 2335 1663 2375 non
1696 2319 1914 2376 tradidit

318 2414 614 2480 praecepta
645 2406 871 2464 moralia
898 2408 1146 2479 positiva,
1178 2406 1273 2464 sed
1296 2407 1588 2479 naturalia,
1614 2413 1670 2464 et
1692 2408 1776 2464 illa
1799 2424 1913 2464 ma-

316 2499 399 2570 gis
440 2498 761 2569 explicavit:
805 2512 939 2569 ergo
979 2498 1025 2553 si
1064 2512 1211 2553 nunc
1243 2503 1619 2568 perseverant,
1651 2496 1771 2553 ideo
1800 2503 1909 2565 est,

315 2587 447 2658 quia
484 2586 751 2643 naturalia
786 2592 937 2641 sunt.
972 2584 1165 2641 Deinde
1196 2591 1370 2641 totum
1401 2586 1531 2642 illud
1562 2602 1909 2659 consequens

316 2676 535 2733 videtur
565 2692 687 2733 esse
716 2683 909 2733 contra
934 2674 1165 2732 Paulum
1188 2674 1253 2731 ad
1276 2676 1505 2731 Roman.
1535 2680 1589 2731 2.
1615 2674 1907 2731 dicentem:

319 2770 525 2825 Gentes
542 2808 558 2828 ,
592 2782 747 2839 quae
773 2765 957 2839 leyem
982 2782 1100 2822 uon
1126 2752 1347 2821 lza'bent
1367 2809 1381 2831 ,
1419 2763 1781 2821 naturaliter
1810 2780 1901 2829 ea,

314 2872 468 2928 quae
493 2855 641 2929 leyis
662 2860 814 2922 sunt,
830 2852 1111 2927 faciunt;
1134 2859 1190 2911 et
1214 2857 1312 2927 qui
1338 2857 1461 2909 sine
1487 2851 1611 2926 leqe
1628 2868 1907 2926 peccave-

314 2950 492 3013 runt,
533 2948 661 3001 stne
686 2944 809 3019 leye
827 2944 1140 3019 peribunt,
1168 2944 1377 2999 scilicet
1398 2944 1511 3000 sine
1534 2945 1649 3015 lege
1678 2945 1909 3015 positiva

318 3041 541 3107 propter
575 3034 745 3091 solam
774 3035 1105 3091 naturalem:
1133 3034 1377 3106 loquitur
1407 3042 1591 3093 autem
1616 3034 1684 3089 ibi
1704 3034 1909 3089 Paulus

318 3123 387 3180 de
428 3124 667 3195 peccatis
688 3130 876 3179 contra
902 3130 1193 3195 praecepta
1216 3122 1489 3179 secundae
1516 3121 1755 3191 tabulae,
1782 3137 1909 3177 cum

318 3214 412 3269 ait:
460 3211 741 3269 Tradidit
766 3228 861 3269 eos
882 3215 943 3267 in
963 3210 1279 3286 reprobum
1306 3227 1560 3279 sensum,
1588 3207 1914 3282 utfaeiant

318 3316 427 3369 ea,
465 3317 619 3375 quae
643 3317 765 3358 non
789 3304 1167 3368 conveniunt,
1204 3306 1313 3357 etc.

400 3391 738 3463 Responderi
776 3398 992 3463 potest,
1037 3391 1249 3447 etiamsi
1293 3390 1425 3446 haec
1470 3397 1761 3463 praecepta
1802 3406 1911 3446 non

318 3482 427 3537 sint
456 3481 675 3539 omnino
702 3482 1015 3537 necessaria
1042 3480 1109 3538 de
1138 3480 1255 3553 lege
1288 3488 1541 3547 naturae,
1576 3495 1699 3536 esse
1731 3486 1909 3535 tamen

322 3569 459 3626 adeo
490 3570 868 3627 convenientia
897 3576 1125 3627 naturae
1146 3610 1160 3639 ,
1190 3574 1254 3625 ut
1281 3570 1349 3625 ab
1379 3568 1635 3625 omnibus
1662 3568 1913 3642 gentibus

319 3660 525 3717 suerint
567 3657 882 3717 introducta
916 3664 972 3715 et
1007 3665 1263 3731 accepta,
1294 3666 1347 3715 et
1374 3658 1481 3716 hoc
1510 3658 1640 3714 satis
1667 3673 1819 3730 esse,
1852 3665 1917 3715 ut

320 3750 541 3805 seclusa
567 3749 795 3821 positiva
818 3748 910 3805 Dei
938 3747 1299 3821 prohibitione
1322 3747 1567 3804 homines
1588 3754 1909 3819 peccarent,

319 3856 383 3895 ea
415 3837 885 3911 transgrediendo.
926 3836 1029 3895 Sed
1072 3845 1297 3908 contra,
1338 3852 1459 3893 nam
1490 3836 1611 3893 inde
1639 3837 1909 3909 sequitur,

322 3928 457 3985 haec
477 3934 765 4001 praecepta
787 3925 853 3983 ad
878 3942 1153 3984 summum
1176 3942 1295 3982 esse
1319 3926 1455 3981 iuris
1478 3927 1743 3998 gentium,
1762 3925 1913 3997 quod

320 4018 481 4089 plane
512 4020 711 4074 sentire
754 4016 969 4072 videtur
1004 4018 1235 4077 Scotus,
1267 4014 1487 4087 quando
1516 4015 1603 4070 illa
1630 4019 1916 4085 comparat

323 4124 457 4163 cum
486 4106 851 4163 dominiorum
879 4105 1157 4162 divisione.
1188 4108 1258 4161 At
1284 4120 1411 4159 vero
1432 4105 1516 4160 ius
1538 4104 1779 4175 gentium
1805 4120 1913 4160 non

321 4195 504 4252 solum
534 4210 563 4251 a
595 4197 740 4267 Deo,
772 4194 865 4251 sed
892 4196 1051 4251 etiam
1078 4194 1146 4250 ab
1172 4193 1481 4250 hominibus
1517 4191 1775 4249 mutabile
1804 4197 1911 4264 est,

320 4292 384 4342 ut
426 4284 569 4341 infra
611 4284 819 4355 dieam3
863 4290 923 4339 et
956 4288 1135 4355 patet,
1178 4284 1306 4356 quia
1348 4283 1391 4337 si
1421 4284 1601 4355 aliqua
1630 4282 1915 4353 provincia

320 4390 435 4431 non
477 4380 727 4430 uteretur
767 4372 1065 4441 divisione,
1119 4371 1213 4428 sed
1260 4372 1653 4428 communitate
1704 4386 1911 4442 rerum,

320 4478 430 4519 non
462 4476 749 4535 possemus
776 4462 828 4518 id
852 4468 1109 4533 tanquam
1131 4460 1335 4517 malum
1358 4459 1645 4531 damnare3
1672 4462 1918 4533 sequitur

320 4568 478 4623 ergo,
502 4550 647 4607 idem
668 4567 787 4609 esse
817 4548 1109 4607 dicendum
1130 4550 1196 4606 de
1219 4550 1519 4621 praeceptis
1543 4548 1815 4605 secundae
1837 4558 1916 4606 ta·

318 4640 482 4697 bulae
503 4683 519 4711 ,
550 4639 698 4713 qnod
729 4638 1183 4697 absurdissimum
1212 4646 1315 4695 est.
1347 4638 1491 4696 Alias
1514 4640 1558 4695 si
1586 4638 1763 4711 aliqua
1785 4654 1916 4713 gens

321 4730 561 4788 barbara
602 4746 709 4787 non
760 4735 1013 4787 uteretur
1053 4728 1349 4799 divisione,
1392 4728 1486 4785 sed
1527 4729 1919 4786 communitate

318 4836 557 4878 uxorum
574 4862 589 4891 ,
624 4836 733 4877 non
761 4824 909 4876 esset
928 4819 1049 4875 talis
1074 4817 1421 4875 consuetudo
1444 4822 1707 4897 tanquam
1732 4818 1919 4874 intrin-

326 4925 455 4968 sece
484 4909 627 4968 mala
653 4908 1038 4982 improbanda,
1070 4908 1220 4981 quod
1248 4908 1407 4964 nemo
1444 4906 1608 4963 dicet.
1640 4906 1825 4977 Unde,
1858 4914 1921 4964 ut

324 5016 495 5072 supra
544 5000 889 5072 notavimus,
934 4997 1204 5071 quaedam
1252 5000 1497 5055 nationes
1544 4998 1921 5069 approbarunt

322 5088 589 5147 adulteria
608 5130 623 5161 ,
652 5090 787 5147 aliae
814 5104 923 5146 non
950 5086 1280 5145 damnarunt
1306 5088 1473 5157 furta3
1506 5088 1599 5160 qui
1626 5102 1843 5144 errores
1867 5089 1922 5144 in

322 5180 405 5237 eis
442 5179 672 5237 maxime
718 5178 1121 5251 improbantur:
1156 5192 1287 5234 cnm
1316 5182 1493 5233 tamen
1523 5178 1568 5237 si
1598 5183 1807 5233 tantum
1836 5192 1924 5233 es-

322 5274 447 5326 sent
474 5275 671 5326 contra
702 5270 792 5325 ius
822 5260 1097 5341 gentium,
1128 5282 1235 5323 non
1256 5266 1472 5323 omniuo
1494 5271 1681 5323 essent
1698 5264 1923 5324 damna-

3235 480 3254 497 ·
3354 397 3495 462 -135

1980 533 2146 608 biles,
2179 537 2305 609 quia
2336 552 2442 592 non
2466 541 2719 593 tenentur
2744 536 2922 593 omnia
2944 551 3111 609 regna
3137 538 3223 594 vel
3263 540 3576 609 provinciae

1982 623 2160 697 quoad
2205 642 2369 681 sunm
2401 618 2563 682 usum
2594 626 2773 682 omnia
2804 628 2924 683 iura
2951 628 3224 699 gentium,
3256 643 3396 701 qnae
3424 628 3474 684 in
3505 629 3576 686 ri-

1979 728 2112 787 gore
2141 715 2380 771 hnmana
2408 723 2565 785 sunt,
2591 723 2897 787 acceptare.
2927 716 3163 788 Denique
3184 719 3349 772 etiam
3374 718 3576 774 Paulus

1986 803 2109 861 loco
2160 805 2327 861 citato
2370 804 2516 860 illam
2567 806 2966 875 responsionem
3011 804 3223 862 videtur
3259 806 3574 877 excludere,

1982 892 2199 950 dicens:
2241 894 2572 951 Ostendant
2609 911 2755 969 opus
2797 894 2941 967 ἱερᾶς
2982 898 3268 969 scriptum
3295 899 3357 951 in
3385 896 3578 953 eordi-

1985 980 2090 1037 bus
2120 985 2269 1049 suis,
2313 984 2505 1055 utique
2532 982 2598 1037 ab
2628 990 2858 1039 auctore
2889 990 3146 1055 naturae,
3181 990 3240 1040 ut
3267 1000 3454 1041 omnes
3481 1001 3580 1043 ex-

1982 1078 2226 1143 ponunt3
2260 1072 2353 1143 qui
2383 1078 2670 1141 propterea
2697 1072 2916 1140 dicunt,
2945 1080 3226 1129 auctorem
3257 1073 3420 1129 huius
3442 1074 3576 1147 legis

1984 1176 2105 1217 esse
2148 1163 2442 1233 ipsummet
2483 1163 2654 1217 Deum
2683 1176 2780 1232 per
2809 1160 2988 1217 lumen
3023 1167 3272 1217 naturae.
3304 1164 3576 1221 Confirmo

1984 1248 2085 1306 hoc
2118 1265 2182 1305 ex
2213 1241 2379 1306 Paulo
2409 1250 2475 1305 ad
2504 1252 2730 1306 Roman.
2775 1254 2858 1307 13.
2893 1249 3136 1329 dicente:
3165 1255 3296 1307 Non
3319 1252 3569 1320 occides,

1980 1355 2095 1394 non
2138 1339 2570 1406 moechaberis,
2598 1379 2646 1395 ..
2667 1380 2680 1395 .
2711 1343 2778 1395 in
2820 1340 2928 1395 hoc
2962 1339 3134 1395 verbo
3160 1344 3566 1411 instauratur,

1981 1425 2187 1501 diltqes
2212 1431 2562 1502 proximum
2593 1435 2762 1485 tuum
2790 1432 2942 1486 sicut
2971 1431 3256 1503 teipsum,
3293 1430 3342 1485 in
3371 1433 3577 1504 quibus

1982 1519 2160 1575 verbis
2190 1519 2372 1588 docet,
2403 1520 2493 1575 illa
2522 1526 2810 1591 praecepta
2838 1535 2959 1575 esse
2987 1520 3280 1576 intrinsece
3307 1526 3363 1577 et
3389 1537 3453 1579 ex
3484 1538 3578 1577 na·

1984 1614 2113 1665 tura
2142 1608 2215 1663 rei
2243 1624 2486 1665 connexa
2515 1625 2644 1665 cum
2684 1624 2868 1665 amore
2906 1610 3166 1681 proximi,
3197 1617 3250 1666 et
3289 1626 3393 1667 non
3423 1611 3580 1669 aliter

1982 1700 2254 1769 pertinere
2275 1698 2340 1753 ad
2365 1698 2896 1771 Decologum,quam
2922 1707 2984 1756 ut
3006 1702 3316 1757 necessaria
3339 1701 3406 1757 ad
3430 1717 3580 1759 amo-

1983 1802 2097 1842 rem
2130 1788 2390 1857 proximi:
2424 1803 2519 1858 per
2548 1804 2604 1844 se
2637 1795 2818 1845 autem
2849 1794 3041 1845 notum
3072 1788 3307 1864 videtur,
3333 1789 3579 1849 dilectio·

1980 1892 2104 1931 nem
2142 1877 2374 1947 proximi
2417 1878 2644 1933 maxime
2693 1876 2961 1948 pertinere
3009 1876 3075 1933 ad
3115 1877 3288 1950 legem
3315 1885 3565 1947 naturae,

1982 1979 2111 2019 eum
2142 1966 2260 2021 sine
2291 1964 2376 2021 illa
2407 1966 2721 2021 conservari
2749 1980 2858 2021 non
2891 1966 3065 2037 possit
3094 1974 3290 2023 natura
3319 1970 3435 2040 ipsa
3465 1985 3571 2025 non

1982 2055 2158 2110 solum
2205 2055 2253 2109 in
2295 2054 2478 2111 debito
2506 2054 2692 2111 ordine
2724 2062 2781 2112 et
2807 2055 3163 2127 educatione,
3193 2072 3382 2113 verum
3411 2060 3576 2117 etiam

1952 2132 2156 2217 'neque
2201 2145 2252 2199 in
2294 2160 2396 2201 sno
2437 2160 2588 2217 esse3
2619 2160 2751 2217 ergo
2782 2144 2923 2202 idem
2952 2145 3243 2205 dicendum
3273 2154 3358 2204 est
3376 2145 3444 2204 de
3473 2148 3577 2204 illis

1982 2233 2305 2303 praeceptis,

2062 2327 2113 2379 8.
2156 2323 2292 2378 Hinc
2336 2328 2521 2378 antem
2561 2322 2868 2379 necessario
2910 2324 3194 2395 sequitur,
3238 2340 3347 2381 non
3389 2326 3568 2383 solum

1984 2417 2279 2483 praecepta
2309 2426 2442 2479 erga
2470 2413 2798 2468 Deum·esse
2831 2412 3146 2483 simpliciter
3175 2414 3482 2471 necessaria
3507 2430 3574 2472 ex

1984 2501 2035 2556 vi
2067 2500 2202 2573 legis
2230 2498 2527 2568 naturalis,
2558 2500 2654 2557 sed
2683 2503 2844 2557 etiam
2883 2501 3052 2558 multa
3079 2516 3210 2574 erga
3239 2503 3567 2573 proximum.

1981 2588 2139 2656 Quod
2169 2590 2332 2645 etiam
2363 2587 2666 2660 philosophi
2695 2590 2980 2661 agnovisse
3009 2589 3298 2662 videntur,
3331 2597 3395 2647 ut
3421 2598 3575 2663 patet

1981 2692 2045 2733 ex
2068 2678 2365 2735 Aristotele
2389 2682 2442 2736 2.
2474 2680 2738 2736 Emit-or.
2765 2696 2888 2749 cap.
2916 2684 2972 2747 6,
2998 2686 3054 2736 et
3077 2679 3164 2735 lib.
3195 2686 3248 2743 5,
3273 2695 3396 2751 cap.
3427 2683 3480 2752 7,
3507 2696 3574 2737 ex

1982 2767 2268 2831 Cicerone,
2292 2774 2351 2823 et
2375 2767 2604 2824 Platone
2624 2768 2674 2823 in
2694 2768 2814 2824 libr.
2840 2766 2911 2824 de
2929 2767 3148 2842 Repub.
3177 2784 3241 2825 ex
3263 2768 3320 2825 d.
3346 2768 3574 2839 Thoma,

1981 2864 2038 2913 et
2074 2856 2298 2929 reliquis
2335 2857 2626 2930 theologis.
2667 2858 2737 2915 Et
2774 2858 2940 2923 ratio,
2971 2874 3112 2930 quae
3137 2873 3203 2915 ex
3233 2858 3394 2914 dictis
3425 2858 3580 2916 colli-

1981 2948 2168 3019 gitur,
2203 2945 2255 3002 id
2299 2946 2598 3003 convincit.
2645 2948 2714 3003 Et
2753 2952 3029 3018 praeterea
3057 2953 3208 3018 patet
3234 2946 3571 3018 inductione3

1982 3050 2104 3090 nam
2136 3034 2329 3091 saltem
2359 3042 2620 3091 octavum
2650 3042 3035 3106 praeceptum:
3069 3040 3202 3091 Non
3221 3033 3460 3105 salsum
3487 3042 3568 3092 te·

1982 3126 2328 3179 stimonium
2367 3122 2558 3181 dices.
2608 3123 2825 3179 omnino
2865 3124 3240 3179 necessarium
3280 3130 3393 3192 est,
3438 3130 3502 3179 ut
3541 3139 3572 3179 a

1983 3212 2196 3268 fortiori
2227 3220 2373 3284 patet
2397 3228 2461 3268 ex
2491 3211 2650 3267 dictis
2677 3227 2847 3283 supra
2874 3210 2942 3267 de
2971 3212 3240 3283 pravitate
3277 3211 3565 3268 mendacii.

1984 3304 2116 3358 Item
2157 3302 2364 3359 furtum
2408 3296 2745 3373 formaliter,
2789 3298 3030 3357 sistendo
3073 3301 3122 3355 in
3166 3301 3374 3358 ratione
3417 3301 3574 3373 furti,

1984 3408 2270 3464 nunquam
2313 3398 2494 3463 potest
2532 3390 2728 3462 licere3
2774 3406 2900 3446 nam
2939 3391 2981 3446 si
3011 3388 3257 3461 acceptio
3287 3396 3374 3447 est
3403 3390 3572 3461 licita,

1984 3478 2123 3536 alter
2165 3496 2196 3535 a
2235 3495 2348 3553 quo
2393 3479 2632 3551 accipio,
2665 3494 2770 3535 non
2815 3484 2901 3534 est
2926 3476 3317 3535 rationabiliter
3345 3479 3570 3541 invitus:

1983 3568 2131 3642 qnod
2165 3569 2208 3623 si
2239 3584 2345 3624 non
2375 3575 2460 3624 est
2487 3569 2556 3623 ita
2584 3569 2822 3639 invitus,
2856 3584 2963 3623 non
2995 3573 3080 3623 est
3109 3567 3350 3641 furtum:
3379 3582 3512 3639 ergo
3541 3582 3572 3624 e

1983 3656 2262 3713 contrario
2289 3697 2305 3730 ,
2347 3655 2566 3729 quando
2607 3656 2745 3713 alius
2785 3662 2869 3713 est
2911 3655 3306 3714 rationabiliter
3347 3657 3573 3728 invitus,

1988 3748 2236 3819 acceptio
2277 3763 2384 3803 non
2425 3752 2511 3803 est
2551 3746 2726 3817 licita;
2759 3762 2893 3819 ergo
2929 3746 3286 3819 repugnantia
3313 3752 3426 3818 est,
3457 3761 3578 3803 esse

1984 3838 2194 3894 furtum
2231 3843 2287 3893 et
2326 3836 2520 3909 licere,
2564 3850 2696 3908 ergo
2737 3835 2842 3893 boc
2871 3836 3032 3893 etiam
3063 3844 3418 3909 praeceptum
3447 3836 3576 3892 sim-

1984 3925 2200 4000 pliciter
2243 3926 2614 3983 necessarium
2649 3931 2750 3981 est.
2786 3926 2856 3983 Et
2882 3925 3022 3982 idem
3053 3916 3438 3999 argumentum
3465 3926 3578 3982 lieri

1986 4020 2168 4088 potest
2196 4015 2263 4072 de
2293 4013 2612 4083 homicidio,
2642 4019 2706 4069 ut
2734 4014 2782 4069 in
2816 4016 2974 4070 tertia
3003 4015 3248 4085 opinione
3274 4013 3474 4071 dicam.
3548 4057 3557 4066 .

2063 4108 2117 4161 9.
2148 4104 2487 4175 Argumenta
2527 4117 2655 4159 vero
2698 4104 2848 4158 Scoti
2891 4119 2996 4159 non
3035 4110 3274 4177 cogunt3
3315 4118 3440 4160 nam
3470 4104 3576 4175 pri-

1986 4209 2167 4262 mum,
2201 4198 2264 4247 ut
2290 4190 2523 4248 Bassolis
2543 4230 2559 4262 ,
2585 4192 2874 4248 caietanus
2896 4197 2950 4248 et
2971 4192 3056 4247 alii
3079 4198 3374 4263 notarunt,
3406 4205 3579 4265 aeque

1986 4279 2237 4354 procedit
2257 4286 2451 4336 contra
2476 4280 2714 4350 priorem
2745 4288 2952 4352 partem
2975 4281 3270 4337 sententiae
3293 4280 3582 4352 ipsiusmet

1986 4370 2153 4437 Scoti,
2183 4368 2311 4442 quia
2339 4370 2384 4425 si
2406 4366 2624 4440 aliquod
2649 4375 3004 4439 praeceptum
3026 4369 3230 4439 primae
3257 4367 3472 4425 tabulae
3493 4375 3581 4427 est

1984 4446 2349 4532 dispensabile
2368 4497 2384 4530 ,
2409 4458 2572 4515 etiam
2601 4456 2816 4515 divinus
2848 4454 3192 4529 intellectus,
3222 4464 3282 4514 ut
3303 4456 3584 4515 antecedit

1986 4545 2358 4620 voluntatem,
2404 4550 2712 4604 necessario
2755 4546 2985 4620 iudicat,
3029 4545 3163 4603 illud
3202 4561 3322 4603 esse
3352 4562 3578 4603 servan-

1988 4639 2121 4697 dum
2141 4678 2155 4706 ,
2189 4644 2246 4697 et
2273 4640 2673 4709 consequenter
2703 4636 2958 4693 voluntas
2996 4637 3160 4692 etiam
3188 4634 3362 4692 divina
3389 4650 3582 4692 neees-

1990 4729 2135 4785 sario
2177 4726 2612 4785 conformabitur
2654 4726 2782 4782 huic
2825 4724 3057 4796 iudicio,
3089 4740 3222 4782 cum
3251 4732 3432 4782 tamen
3461 4738 3610 4793 ver<

1990 4824 2145 4875 setur
2173 4816 2324 4874 circa
2348 4814 2544 4888 aliquid
2569 4820 2819 4871 creatum
2838 4853 2853 4882 ,
2879 4812 3092 4870 scilieet
3113 4816 3265 4870 circa
3287 4828 3472 4869 mores
3495 4812 3579 4868 vel

1990 4915 2149 4966 actus
2179 4907 2467 4964 humanos.
2502 4903 2643 4961 Illud
2669 4918 2803 4977 ergo
2832 4918 3201 4976 consequens,
3225 4906 3492 4975 quantum
3516 4900 3584 4957 ad

1990 4996 2326 5055 intellectum
2358 4997 2449 5052 Dei
2477 5000 2711 5066 spectat,
2745 4992 2958 5051 nullum
2986 4992 3146 5049 insert
3172 4992 3581 5061 inconveniens,

1970 5102 2116 5144 ‚nam
2143 5086 2211 5144 de
2240 5069 2385 5143 omni
2415 5086 2643 5142 veritate
2671 5083 2978 5139 necessaria
3015 5082 3390 5139 necessarium
3419 5079 3585 5136 babet

1990 5177 2258 5234 indicium
2277 5216 2293 5249 ,
2319 5177 2429 5231 sive
2455 5176 2524 5231 sit
2543 5173 2611 5231 de
2634 5189 2694 5230 re
2715 5175 2989 5245 increata,
3014 5174 3124 5228 sive
3148 5171 3216 5228 de
3236 5176 3447 5241 ereata,
3475 5172 3588 5225 sive

1993 5266 2359 5340 speculativa,
2392 5266 2504 5322 sive
2542 5262 2790 5336 practica
2827 5276 2926 5320 seu
2955 5259 3219 5334 operabili
3247 5259 3314 5317 ab
3343 5258 3580 5316 homine.
