4325 6267
808 333 932 396 304

728 474 781 531 in
810 478 1015 547 causis,
1062 475 1144 533 vel
1187 476 1339 534 circa
1367 478 1869 550 interpretationem
1898 476 2054 550 legis:
2088 481 2335 548 potestas

730 572 911 621 autem
954 565 1258 637 legislativa
1299 572 1385 622 est
1425 565 1578 623 valde
1606 566 1845 624 diversa.
1878 564 2029 625 Unde
2058 561 2336 637 probabile

728 662 843 723 est,
870 660 994 710 ante
1027 662 1268 725 tempora
1300 671 1519 728 regum,
1546 656 1628 713 vel
1660 656 1759 713 illis
1780 654 2176 723 deficientibus,
2203 654 2336 709 suis·

729 757 787 797 se
812 742 958 799 illam
990 751 1315 814 potestatem
1346 745 1395 801 iu
1438 746 1679 817 populo,
1706 754 1763 802 et
1799 747 1875 802 ita
1902 745 2059 801 Esth.
2094 748 2149 803 9.
2183 749 2334 799 totus

727 834 967 905 populus
996 836 1273 891 communi
1306 851 1581 893 consensu
1620 837 1809 892 statuit
1838 836 2009 907 legem
2038 832 2106 890 de
2134 832 2334 889 solem-

733 924 905 980 nitate
932 924 1221 981 cuiusdam
1251 923 1382 981 dici.
1414 924 1560 982 Idem
1589 925 1767 983 Iudith
1794 926 1895 982 ult.
1921 928 2055 983 Nam
2076 932 2211 979 tunc
2234 937 2334 994 po-

728 1011 895 1085 pulus
938 1012 1239 1070 destitutus
1280 1022 1399 1071 erat
1437 1030 1595 1087 rege,
1640 1017 1683 1071 si
1725 1031 1853 1073 vera
1893 1021 2055 1085 sunt,
2094 1028 2235 1085 quae
2264 1011 2331 1068 de

726 1112 977 1175 tempore
998 1103 1143 1161 illius
1166 1104 1288 1161 belli
1310 1106 1867 1183 coniectatBenedict.
1887 1093 2138 1163 Pererius
2159 1101 2254 1158 lib.
2279 1106 2326 1161 1.

726 1195 779 1251 in
803 1196 939 1251 Dan.
975 1202 1260 1266 praeterea
1285 1194 1379 1253 lib.
1412 1201 1459 1253 1.
1484 1196 1729 1253 Machab.
1762 1206 1885 1269 cap.
1914 1200 1970 1253 ⁴.
1996 1194 2226 1251 dicitur:
2255 1195 2333 1249 Et

728 1287 945 1341 statuit
970 1284 1161 1342 Iudas
1177 1329 1193 1351 ,
1230 1288 1285 1341 et
1294 1282 1534 1355 fratres
1561 1289 1710 1353 eius,
1742 1290 1799 1342 et
1824 1287 2107 1341 universa
2126 1278 2333 1339 Eccle-

727 1378 824 1433 sia
853 1374 1049 1432 Israel
1059 1416 1073 1435 .
1110 1384 1220 1431 etc.
1252 1377 1517 1447 Tempore
1545 1384 1729 1433 autem
1760 1390 1951 1447 regum
1982 1375 2033 1429 iu
2072 1372 2151 1429 eis
2181 1368 2329 1427 vide-

727 1472 821 1521 tur
850 1465 1019 1521 fuisse
1041 1471 1281 1536 potestas
1302 1463 1633 1536 legislativa,
1660 1472 1725 1521 ut
1749 1466 1990 1520 sumitur
2011 1479 2079 1519 ex
2109 1464 2161 1519 1.
2187 1462 2324 1532 Reg.

730 1558 802 1611 30
818 1594 833 1623 ,
870 1554 962 1611 ubi
985 1552 1149 1611 David
1169 1553 1464 1626 quamdam
1485 1553 1660 1627 legem
1686 1554 1846 1628 tulit,
1868 1561 1923 1611 et
1950 1552 2176 1609 inferius
2198 1566 2322 1621 cap.

728 1644 799 1701 X.
830 1646 1005 1724 magis
1035 1644 1325 1700 constabit.
1357 1645 1487 1701 Erat
1514 1660 1647 1717 ergo
1680 1651 1921 1716 potestas
1944 1638 2324 1711 sacerdotalis,

726 1750 825 1791 seu
854 1734 1176 1807 pontificalis
1206 1733 1363 1807 longe
1393 1734 1663 1792 inferioris
1692 1734 1921 1791 rationis
1949 1732 2017 1789 ab
2057 1747 2152 1803 ea,
2183 1745 2330 1805 quae

724 1838 872 1881 nunc
912 1824 1075 1882 estin
1115 1823 1396 1894 Ecclesia,
1428 1840 1539 1881 non
1578 1824 1757 1881 solum
1799 1825 1927 1897 quia
1955 1822 2182 1879 limitata
2208 1826 2328 1877 erat

723 1912 907 1986 quoad
948 1913 1214 1986 populum
1258 1914 1442 1971 locum
1468 1920 1525 1971 et
1562 1920 1810 1985 tempus,
1856 1912 1949 1969 sed
1990 1913 2153 1969 etiam
2195 1912 2326 1985 quia

722 2018 829 2060 nec
855 2006 911 2059 in
938 2020 997 2060 se
1024 2004 1456 2076 supernaturalis
1482 2010 1632 2072 erat,
1664 2002 1759 2059 sed
1788 2003 1966 2060 solum
1993 2000 2178 2075 quoad
2208 2014 2325 2057 mo·

720 2094 881 2165 dum,
914 2095 1045 2167 quia
1072 2094 1140 2151 ab
1166 2096 1285 2167 ipso
1315 2098 1420 2151 Deo
1444 2093 1623 2150 suerat
1643 2092 1949 2150 immediate
1974 2092 2244 2159 instituta,
2271 2074 2334 2145 id*

721 2191 806 2243 est
824 2184 951 2257 quia
976 2200 1085 2241 non
1112 2191 1230 2241 erat
1254 2200 1321 2241 ex
1346 2200 1405 2240 se
1428 2190 1669 2256 potestas
1691 2183 1783 2240 illa
1805 2179 2241 2254 supernaturalis
2267 2181 2322 2235 in

722 2275 1047 2342 substantia,
1082 2281 1146 2332 ut
1174 2277 1253 2330 sic
1285 2272 1488 2343 dicam,
1514 2272 1608 2329 sed
1632 2273 1813 2329 solum
1838 2274 1889 2327 in
1913 2273 2027 2328 fieri
2054 2277 2110 2328 et
2132 2269 2320 2340 modo,

722 2367 849 2442 quia
875 2367 1020 2422 Deus
1048 2364 1197 2422 illam
1224 2363 1393 2431 dedit:
1422 2365 1695 2435 potuisset
1716 2372 1895 2419 tamen
1920 2360 2158 2433 populus
2183 2356 2322 2415 illud

728 2455 1102 2513 sacerdotium
1131 2455 1437 2525 instituere,
1462 2454 1509 2509 si
1538 2455 1682 2510 Deus
1703 2469 1811 2509 non
1840 2451 2234 2524 praevenisset,
2259 2456 2324 2506 ut

728 2545 980 2605 Corduba
1010 2543 1176 2602 docet
1198 2559 1327 2601 cum
1358 2544 1567 2599 Victor.
1598 2542 1789 2599 relect.
1831 2544 1879 2599 1.
1924 2538 1995 2597 de
2032 2541 2322 2613 potestate

726 2634 1057 2697 Ecclesiae,
1090 2650 1147 2707 q.
1181 2639 1237 2705 3,
1272 2632 1536 2705 proposit.
1569 2635 1624 2690 6.
1667 2633 1780 2689 Nec
1808 2632 1972 2687 etiam
1998 2634 2117 2685 erat
2140 2625 2210 2683 de
2237 2642 2324 2682 ra-

720 2731 869 2785 tione
894 2724 1045 2782 illius
1073 2722 1387 2795 potestatis,
1419 2728 1483 2779 ut
1510 2726 1657 2778 esset
1683 2719 2001 2792 legislativa,
2033 2718 2161 2791 quia
2201 2716 2321 2771 linis

720 2818 839 2874 eius
881 2830 988 2871 non
1027 2819 1149 2869 erat
1188 2812 1497 2886 gubernare
1537 2810 1825 2883 populum,
1870 2807 1967 2864 sed
2008 2808 2321 2864 ministrare

719 2909 831 2964 Deo
859 2919 961 2976 pro
990 2901 1215 2974 populo.
1248 2900 1399 2958 Unde
1426 2915 1492 2957 ex
1523 2907 1720 2957 natura
1746 2900 1824 2955 rei
1846 2898 1914 2955 ad
1936 2912 2218 2955 summum
2241 2896 2321 2951 in·

720 2993 979 3054 eludebat
1005 2998 1326 3064 potestatem
1376 2988 1779 3062 praecipiendi,
1821 3003 1961 3061 quae
2006 2986 2320 3044 necessaria

719 3090 907 3143 essent
938 3082 1003 3139 ad
1038 3097 1199 3137 usum
1229 3080 1369 3136 illius
1398 3078 1709 3150 ministerii,
1742 3083 1805 3134 ut
1832 3077 1999 3149 magis
2040 3077 2210 3133 sentit
2228 3075 2320 3132 Vi-

718 3182 867 3232 ctor.
898 3187 955 3246 q.
989 3175 1046 3242 4,
1084 3186 1138 3226 n.
1173 3173 1227 3228 6.
1258 3168 1413 3237 Quod
1443 3174 1626 3227 autem
1654 3170 1801 3225 Deus
1832 3165 2140 3238 specialiter
2185 3180 2318 3220 con-

718 3261 907 3322 tulerit
934 3260 1173 3317 Pontitici
1203 3259 1359 3332 legali
1404 3264 1723 3331 potestatem
1768 3257 1913 3330 leges
1954 3253 2159 3312 serendi
2201 3254 2320 3311 sola

719 3370 824 3412 sua
854 3352 1202 3421 auctoritate,
1235 3364 1342 3405 non
1372 3355 1611 3419 constat,
1644 3362 1745 3403 nec
1774 3361 1841 3403 ex
1868 3346 2057 3403 Matth.
2098 3352 2187 3415 15,
2221 3349 2319 3400 aut

721 3450 819 3515 23,
852 3449 949 3499 aut
976 3444 1197 3498 neuter.
1234 3440 1323 3512 17,
1349 3438 1431 3495 vel
1459 3436 1575 3494 aliis
1603 3434 1869 3493 similibus
1898 3434 1950 3491 id
1979 3434 2318 3491 sufficienter

720 3532 903 3604 colligi
934 3538 1132 3604 potest.

796 3630 849 3681 5.
874 3621 1078 3679 Ultimo
1098 3635 1166 3677 ex
1187 3618 1348 3676 dictis
1368 3615 1725 3674 concluditur
1744 3610 2060 3687 principalis
2083 3629 2212 3685 pars
2229 3629 2316 3671 as-

717 3713 1000 3780 sertionis,
1030 3716 1087 3766 et
1127 3710 1420 3780 praecipue
1462 3707 1697 3777 intenta,
1740 3704 1951 3762 scilicet
1990 3710 2314 3777 potestatem

716 3800 859 3859 hanc
890 3798 1251 3871 spiritualem,
1296 3805 1461 3870 prout
1502 3811 1649 3853 nunc
1692 3802 1778 3851 est
1807 3797 1859 3849 in
1892 3794 2163 3865 Ecclesia,
2195 3812 2315 3853 esse

715 3891 994 3964 propriam
1022 3890 1142 3946 eius
1172 3888 1433 3959 singulari
1459 3885 1605 3943 dono
1634 3902 1663 3942 a
1690 3884 1905 3942 Christo
1947 3884 2155 3941 datam.
2199 3886 2314 3941 Hoc

718 3991 931 4038 certum
959 3986 1047 4037 est
1079 3995 1146 4035 ex
1186 3977 1502 4053 evangelio,
1546 3978 1595 4033 in
1638 3992 1748 4048 quo
1790 3976 2025 4049 primum
2068 3978 2317 4048 promisit

714 4072 965 4128 Christus
995 4069 1133 4124 hanc
1163 4074 1490 4138 potestatem
1516 4065 1705 4121 Matth.
1746 4069 1832 4123 16:
1864 4065 1993 4122 Ttbt
2013 4064 2170 4123 dabo
2192 4064 2319 4123 cla·

712 4178 811 4219 ves
836 4164 1003 4234 requi
1028 4155 1352 4222 caelorum,
1380 4159 1436 4211 et
1455 4153 1859 4229 quodcumque
1882 4155 2186 4229 liyaveris,
2201 4163 2311 4213 etc.

712 4249 913 4309 Deinde
941 4246 1181 4319 implevit
1208 4246 1539 4318 promissum
1565 4246 1713 4301 loan.
1745 4250 1849 4318 21,
1889 4254 1954 4302 ut
1981 4245 2143 4303 latius
2173 4247 2320 4305 vide·

712 4341 897 4399 bimus
926 4340 1103 4409 capite
1131 4335 1398 4409 sequenti.
1432 4332 1635 4391 Paulus
1662 4334 1822 4391 etiam
1851 4335 2105 4406 affirmat,
2132 4352 2192 4392 se
2223 4350 2314 4393 ac-

716 4430 927 4501 cepisse
958 4444 989 4485 a
1017 4428 1241 4484 Domino
1272 4425 1411 4481 hanc
1443 4430 1801 4497 potestatem:
1843 4432 1901 4482 et
1938 4424 2084 4482 idem
2124 4433 2211 4483 est
2249 4425 2318 4485 de

716 4520 831 4578 aliis
872 4516 1131 4590 apostolis
1150 4556 1165 4587 ,
1199 4521 1263 4572 ut
1289 4514 1470 4571 statim
1499 4514 1662 4569 latius
1692 4514 1959 4571 dicemus.
1990 4515 2318 4573 Declaratur

717 4617 901 4667 autem
930 4624 996 4665 ex
1022 4604 1452 4680 perfectionibus
1482 4603 1643 4660 huius
1672 4605 1959 4675 potestatis
1982 4614 2126 4662 etex
2150 4606 2314 4663 modo

712 4702 854 4757 eius.
868 4700 1049 4757 Primo
1064 4699 1205 4775 enim
1233 4698 1320 4751 est
1344 4693 1797 4749 universalissima
1820 4709 1919 4765 pro
1944 4699 2059 4752 toto
2084 4694 2310 4770 mund03

714 4807 839 4849 nam
870 4790 1018 4846 sicut
1042 4786 1286 4843 Ecclesia
1312 4782 1585 4839 catholica
1628 4790 1807 4839 totum
1852 4783 2117 4841 mundum
2159 4802 2316 4843 com·

713 4880 998 4956 plectitur:
1030 4879 1103 4933 ita
1132 4878 1287 4932 etiam
1317 4873 1449 4929 haec
1478 4879 1741 4944 potestas,
1776 4878 1837 4929 ut
1860 4888 1925 4929 ex
1969 4875 2073 4929 illis
2114 4874 2314 4933 Christi

713 4971 917 5030 verbis:
947 4970 1137 5025 Pasce
1162 4979 1294 5021 oves
1322 4977 1507 5027 meas,
1556 4968 1707 5017 recte
1749 4961 1955 5035 colligit
1993 4966 2184 5021 innoc.
2217 4967 2308 5023 nl.

712 5064 765 5120 in
790 5076 912 5132 cap.
946 5055 1194 5121 Solitas,
1231 5051 1299 5109 de
1328 5052 1561 5109 maiorit.
1591 5058 1648 5107 et
1674 5050 1925 5107 obedien.
1950 5054 2077 5127 qula
2100 5070 2208 5111 non
2229 5055 2312 5113 di-

714 5153 795 5209 xit
820 5150 943 5219 has,
975 5143 1058 5201 vel
1089 5143 1205 5200 illas
1234 5157 1387 5212 oves,
1420 5140 1513 5197 sed
1537 5140 1847 5211 impliciter,
1873 5156 2002 5199 oves
2025 5159 2216 5205 meas:
2237 5146 2311 5203 ita

717 5248 780 5306 ut
804 5254 915 5298 non
940 5237 1012 5295 sit
1036 5234 1155 5294 ovis
1181 5229 1403 5309 Christi,
1434 5244 1535 5287 nec
1564 5229 1616 5287 in
1638 5230 1753 5286 eius
1775 5246 1940 5305 grege
1962 5242 2308 5315 numeretur,

2189 350 2391 399 tumn
2419 340 2515 399 lv.

2405 477 2500 548 qui
2528 476 2655 536 huic
2687 484 2940 551 potestati
2969 498 3075 539 non
3107 483 3370 541 subiacet.
3405 480 3694 549 Secundo,
3727 482 3857 557 quia
3885 480 4024 538 data

2404 574 2509 637 est,
2541 575 2604 624 ut
2631 580 2894 643 perpetuo
2919 572 3106 641 duret,
3137 571 3402 647 quamdiu
3434 571 3673 629 mundus
3701 570 4014 641 duraverit,

2403 657 2530 728 quia
2561 659 2706 717 sicut
2739 661 2820 717 lex
2847 664 3058 735 gratiae
3089 662 3276 719 ultima
3303 671 3412 733 est,
3444 678 3610 736 quam
3637 665 3778 718 Deus
3797 670 3884 717 est
3905 661 4006 717 da-

2406 751 2588 817 turus,
2619 754 2674 803 et
2701 750 2846 806 sicut
2875 751 3120 807 Ecclesia
3149 759 3412 823 perpetua
3438 760 3546 827 est3
3577 752 3651 808 ita
3678 752 3839 807 etiam
3868 750 4016 807 baec

2405 843 2672 905 potestas,
2707 839 2820 896 sine
2849 855 2958 912 qua
2988 856 3092 897 non
3123 848 3301 911 potest
3340 840 3590 897 Ecclesia
3631 853 3788 896 suam
3833 841 4020 895 unita-

2405 932 2515 983 tem
2547 929 2798 983 retinere.
2832 929 3032 985 Erhoc
3063 930 3388 1003 significavit
3414 931 3668 987 Christus
3695 944 3824 985 cum
3848 927 4006 985 dixit:

2400 1017 2594 1089 Super
2618 1017 2782 1075 hanc
2803 1024 3040 1090 petram
3061 1018 3392 1091 aedificabo
3422 1017 3760 1077 Ecclesiam
3779 1032 4002 1084 meam,

2401 1111 2456 1163 et
2476 1112 2692 1178 portae
2718 1104 2907 1179 inseri
2933 1124 3050 1164 non
3069 1107 3502 1183 praevalebunt
3526 1106 3814 1166 adversus
3839 1119 4002 1172 eam,

2400 1196 2552 1252 Matt.
2593 1201 2681 1268 163
2712 1203 2770 1253 et
2793 1212 2917 1269 cap.
2957 1202 3046 1259 18.
3092 1197 3315 1256 adiecit:
3363 1202 3516 1257 Ecce
3556 1214 3660 1270 eqo
3697 1196 4009 1253 vobiscum

2400 1302 2534 1342 sum
2560 1302 2744 1359 usque
2770 1286 2855 1344 ad
2893 1290 3470 1345 consummationem
3507 1284 3754 1344 saeculi.
3799 1285 4002 1356 Tertio,

2399 1376 2529 1448 quia
2558 1375 2612 1431 in
2642 1390 2700 1430 se
2730 1376 2962 1432 maxime
2985 1377 3416 1448 supernaturalis
3436 1383 3543 1449 est,
3567 1392 3674 1433 non
3697 1375 3879 1432 solum
3903 1388 4008 1447 per

2399 1465 2915 1522 connaturalitatem
2946 1464 3013 1522 ad
3041 1466 3292 1539 gratiam,
3325 1465 3421 1523 sed
3449 1465 3610 1522 etiam
3651 1480 3750 1537 per
3793 1464 4010 1536 specia-

2397 1553 2504 1610 lem
2535 1555 2922 1626 persectionem
2952 1562 3010 1611 et
3028 1554 3402 1611 excellentiam
3423 1570 3456 1611 a
3474 1556 3689 1612 Christo
3713 1552 4012 1611 liberaliter

2396 1641 2636 1701 additam
2665 1652 2890 1716 propter
2917 1644 3305 1716 perfectionem
3337 1644 3635 1717 praesentis
3663 1650 3866 1702 status.

2481 1738 2536 1793 6.
2569 1735 2689 1791 Hoc
2719 1736 2885 1792 etiam
2914 1734 3108 1807 probat
3133 1734 3378 1791 Victoria
3405 1750 3574 1806 supra
3599 1749 3667 1791 ex
3686 1731 4001 1805 effectibus,

2395 1826 2529 1897 quia
2555 1839 2653 1897 per
2675 1824 2815 1881 hanc
2837 1829 3161 1896 potestatem
3182 1830 3543 1881 consecratur
3565 1838 3772 1895 corpus
3792 1822 4008 1879 Christi

2394 1930 2612 1983 verum,
2643 1919 2701 1970 et
2726 1914 3100 1971 sanctificatur
3125 1930 3332 1987 corpus
3361 1915 3684 1989 mysticum,
3715 1914 3808 1970 cui
3833 1912 4004 1969 etiam

2397 2020 2497 2077 per
2525 2003 2672 2061 illam
2701 2004 3055 2061 remittuntur
3095 2010 3350 2077 peccata,
3390 2010 3450 2059 et
3481 2003 3656 2077 gratia
3689 2002 4003 2059 confertur.

2395 2093 2501 2151 Sed
2531 2094 2578 2149 si
2605 2095 2730 2167 quis
2759 2099 2908 2150 recte
2937 2092 3265 2161 consideret,
3291 2092 3342 2149 hi
3372 2108 3480 2150 non
3501 2093 3879 2149 suntefl'ectus
3903 2108 4008 2164 po·-

2393 2185 2608 2241 testatis
2623 2184 2918 2241 exterioris
2938 2183 3361 2253 iurisdictionis,
3375 2181 3442 2239 de
3457 2199 3567 2256 qua
3589 2197 3737 2239 nunc
3757 2184 4006 2256 agimus,

2395 2273 2490 2331 sed
2523 2276 2808 2345 potestatis
2839 2272 3064 2345 ordinis,
3095 2279 3153 2331 et
3177 2272 3359 2347 quoad
3387 2273 3770 2331 remissionem
3803 2288 4008 2344 pecca-

2393 2372 2581 2422 torum
2612 2363 2896 2436 potestatis
2937 2363 3325 2421 iurisdictionis
3365 2363 3416 2419 in
3459 2364 3578 2420 soro
3608 2364 3992 2436 poeniteutiae.

2391 2456 2491 2511 Hic
2522 2459 2704 2511 autem
2734 2454 2948 2524 agimus
2990 2451 3057 2510 dc
3099 2452 3470 2510 iurisdictione
3511 2454 3562 2508 iu
3603 2453 3724 2511 foro
3765 2461 4002 2511 externo

2389 2543 2790 2613 ecclesiastico,
2821 2545 2877 2600 in
2903 2559 3015 2617 quo
3045 2560 3154 2599 non
3181 2543 3431 2600 videntur
3458 2543 3577 2600 dari
3618 2544 3880 2615 effectus,
3912 2544 4004 2601 vel

2391 2641 2552 2691 actus
2591 2632 3035 2705 supernaturales
3075 2634 3130 2689 in
3171 2649 3254 2690 se.
3295 2632 3656 2690 Nihilominus
3695 2633 3994 2691 dicendum

2391 2732 2496 2785 est,
2530 2723 2669 2779 hanc
2699 2728 3028 2794 potestatem
3055 2736 3175 2778 esse
3204 2722 3704 2794 supernaturalem,
3729 2725 3906 2796 primo
3927 2740 4001 2782 ex

2391 2814 2776 2871 coniunctione
2806 2810 2874 2867 ad
2904 2811 3180 2887 alteram,
3208 2812 3338 2884 quia
3377 2811 3540 2868 datur
3583 2819 3647 2870 ut
3682 2829 3896 2871 annexa
3935 2822 3999 2872 et

2393 2903 2692 2959 coniuncta
2717 2899 2816 2971 illi,
2844 2909 2903 2958 et
2941 2908 3340 2974 consequenter
3380 2901 3448 2983 ad
3491 2900 3637 2958 illam
3677 2902 4000 2979 iuvandam,

2388 2999 2444 3048 et
2471 2989 2879 3064 quodammodo
2905 2989 3302 3063 exequendam.
3334 2989 3486 3049 Unde
3519 3006 3613 3062 per
3653 2992 3794 3048 hanc
3838 3002 3994 3065 pote-

2388 3088 2584 3139 statem
2612 3088 2894 3152 ponuntur
2914 3086 3224 3150 praecepta,
3248 3095 3392 3153 quae
3414 3085 3706 3138 versantur
3731 3084 3887 3139 circa
3908 3099 4001 3139 sa·

2388 3177 2670 3227 eramenta
2701 3176 2756 3226 et
2784 3169 3136 3238 sacrificium,
3180 3184 3322 3242 quae
3363 3170 3802 3241 supernaturalia
3841 3181 3998 3233 sunt.

2389 3258 2644 3316 Secundo
2673 3267 2759 3315 est
2788 3258 3223 3330 supernaturalis
3251 3257 3391 3331 aliis,
3409 3261 3542 3333 quia
3559 3260 3745 3332 plures
3766 3261 4000 3321 effectus

2387 3348 2624 3407 morales
2654 3354 2839 3419 potest
2869 3347 3091 3405 efficere
3117 3363 3183 3404 ex
3212 3349 3571 3407 concessione
3583 3351 3804 3423 Christi,
3829 3366 4001 3424 quam

2387 3440 2502 3496 sine
2530 3437 2622 3494 illa
2653 3437 2942 3509 potuisset,
2974 3442 3037 3493 ut
3059 3445 3145 3493 est
3172 3455 3226 3494 v.
3269 3454 3323 3511 g.
3368 3437 3684 3511 dispensare
3725 3441 3779 3497 in
3823 3444 3988 3515 votis,

2387 3529 2568 3589 autin
2595 3526 2941 3583 matrimonio
2969 3534 3114 3591 rato,
3145 3533 3202 3582 et
3229 3526 3443 3583 similia:
3477 3528 3609 3585 haec
3637 3538 3821 3586 autem
3864 3518 4012 3603 pers

2383 3618 2548 3675 l'ectio
2587 3616 2866 3689 colligitur
2892 3631 2960 3672 ex
2989 3615 3088 3672 illis
3118 3614 3296 3672 verbis
3325 3616 3729 3675 universalibus
3760 3620 3986 3678 Christi:

2393 3704 2817 3783 Quodcumque
2845 3703 3148 3777 liqaverts.
3179 3710 3234 3761 et
3272 3704 3679 3780 quodcumque
3717 3706 3990 3769 solveris.

2384 3795 2622 3854 Tandem
2661 3795 2897 3867 pertinet
2935 3792 3001 3850 ad
3045 3793 3432 3866 perfectionem
3476 3795 3639 3852 huius
3679 3801 3990 3871 potestatis,

2385 3884 2533 3957 quod
2561 3900 2628 3941 ex
2659 3884 2997 3941 institutione
3025 3900 3126 3940 sua
3149 3885 3466 3941 monarchia
3487 3892 3598 3952 est,
3621 3898 3678 3944 et
3699 3888 3848 3945 hunc
3875 3906 3996 3948 mo·

2384 3973 2516 4032 dum
2546 3973 2708 4031 habet
2729 3990 2795 4033 ex
2815 3973 2998 4031 divino
3019 3975 3171 4044 iure,
3193 3983 3250 4031 et
3268 3973 3386 4031 ideo
3413 3982 3497 4032 est
3523 3976 3894 4051 immutabilis,
3929 3986 3995 4037 ut

2385 4062 2658 4120 constabit
2683 4079 2749 4121 ex
2775 4064 3017 4122 dicendis
3045 4064 3218 4137 capite
3247 4065 3518 4138 sequenti.

2980 4246 3260 4319 CAPUT
3289 4248 3402 4317 111.

2397 4440 2622 4518 Quibus
2637 4444 2910 4518 personis
2931 4440 3304 4521 datafuerit,
3325 4442 3419 4503 vel
3435 4462 3594 4504 'tanc
3613 4450 3798 4507 etiam
3817 4449 3998 4511 detur

2460 4532 2611 4591 haec
2630 4538 2896 4608 potestas
2921 4534 3262 4594 intmediate
3289 4552 3333 4593 a
3365 4538 3604 4596 Christo
3631 4540 3906 4601 Domino.

2943 4717 3430 4783 summarium

2386 4898 2437 4950 1.
2465 4898 2632 4949 Prima
2657 4898 2944 4951 conclusio:
2971 4900 3102 4952 Haec
3129 4910 3357 4966 potestas
3391 4906 3683 4960 immediate
3719 4922 3780 4961 ac
3815 4913 3996 4977 singu-

2453 4968 2553 5019 lari
2588 4974 2642 5019 et
2678 4970 2888 5033 speciali
2925 4972 3072 5021 modo
3105 4973 3224 5023 data
3261 4982 3342 5025 est
3369 4976 3523 5028 Petro
3550 4990 3579 5027 a
3599 4978 3806 5031 Christo
3825 4982 3992 5035 Domi·

2451 5051 2535 5088 no.
2558 5064 2628 5074 —
2646 5036 2699 5088 2.
2741 5038 2908 5089 Prima
2945 5041 3190 5092 obiectio.
3212 5070 3284 5081 —
3301 5044 3354 5096 3.
3381 5046 3612 5098 Secunda
3653 5050 3899 5103 obiectio.
3931 5080 3992 5093 -

2449 5109 2504 5157 4.
2531 5106 2760 5159 Secunda
2797 5110 3085 5163 conclusio:
3127 5112 3260 5163 llaec
3297 5122 3524 5178 potestas
3560 5118 3678 5168 data
3717 5128 3800 5171 est
3835 5123 3996 5173 etiam

2451 5177 2740 5228 immediate
2765 5191 2794 5228 a
2817 5179 3022 5233 Christo
3039 5182 3154 5232 aliis
3174 5186 3418 5247 apostolis
3431 5222 3446 5247 ,
3469 5188 3590 5238 ticet
3609 5187 3820 5241 diverso
3837 5193 3988 5243 modo

2450 5258 2510 5298 ac
2535 5248 2704 5299 minus
2727 5250 2976 5315 perfecto.
2991 5276 3061 5289 --
3081 5252 3135 5303 5.
3162 5252 3314 5307 Ratio
3335 5257 3776 5311 conclusionis.—-
3789 5262 3844 5315 6.
3867 5261 3992 5315 Pro-
