4325 6267
1787 361 1999 409 CAPUT
2028 364 2176 409 xlx.

351 489 489 557 bus,
531 492 588 545 et
628 486 679 542 in
722 488 889 559 priori
927 487 1267 559 declaratur,
1308 504 1418 545 non
1460 491 1667 560 scripto
1708 486 1801 542 sed
1845 502 1951 542 usu

351 578 517 634 tuisse
545 575 949 634 introductum.
982 577 1131 635 ldem
1160 578 1370 636 videtur
1390 580 1621 635 sensisse
1664 577 1854 635 lsidor.
1892 577 1953 633 li-

352 667 453 723 bro
480 672 526 723 5.
552 665 890 740 Etymoloy.
917 682 1041 723 nam
1064 667 1213 739 prius
1234 669 1400 741 capit.
1430 671 1481 727 4.
1508 668 1786 741 distinguit
1806 667 1953 723 dicta

352 756 453 811 tria
496 756 617 810 iura
638 798 653 825 ,
682 761 735 811 et
763 754 975 817 definit.
1004 759 1097 812 ius
1126 757 1407 815 naturale
1434 773 1557 815 esse
1580 756 1759 825 illud,
1798 754 1955 829 quod

350 850 437 901 est
459 860 771 900 commune
799 848 1069 901 onmium
1090 850 1423 913 nationum,
1454 864 1519 904 eo
1545 847 1701 920 quod
1730 847 1953 903 utrobi.-

348 950 461 1007 que
490 938 779 991 instinctu
816 939 1102 1000 naturae,
1137 952 1249 991 non
1288 941 1702 994 constitutione
1740 936 1957 1008 aliqua

348 1023 667 1079 habeatur.
710 1025 763 1077 ln
796 1038 907 1095 quo
936 1022 1290 1080 assertionem
1321 1034 1563 1082 nostram
1604 1024 1951 1097 comprobat,

349 1119 407 1167 et
435 1113 639 1168 virtute
667 1110 834 1167 docet
863 1112 947 1168 ius
976 1114 1218 1185 gentium
1250 1130 1355 1171 non
1386 1115 1599 1171 fundari
1636 1115 1689 1170 in
1727 1114 1844 1170 solo
1874 1114 1954 1169 in·

350 1200 558 1257 stinctu
601 1209 857 1257 naturae.
892 1202 1047 1259 Unde
1086 1202 1308 1259 inferius
1348 1219 1399 1260 c.
1446 1212 1509 1275 5,
1550 1208 1675 1275 post
1711 1201 1956 1275 exempla

351 1292 486 1347 iuris
522 1291 770 1363 gentium
802 1290 1107 1361 concludit,
1136 1292 1279 1361 inde
1304 1295 1402 1350 ius
1429 1295 1695 1365 gentium
1722 1294 1947 1356 vocari,

350 1376 507 1452 qnod
530 1394 598 1434 eo
626 1382 761 1435 inre
788 1394 992 1435 omnes
1016 1378 1154 1451 sere
1193 1388 1390 1455 yentes
1430 1386 1706 1439 utuntur.
1740 1384 1797 1437 ln
1837 1395 1951 1452 quo

350 1471 593 1525 insinuat
619 1467 984 1525 definitionem
1013 1470 1147 1526 iuris
1180 1470 1454 1543 gentium,
1481 1472 1691 1527 scilicet
1720 1488 1841 1528 esse
1872 1472 1955 1527 ius

350 1572 649 1614 commune
679 1558 919 1614 omnium
942 1561 1211 1633 gentium,
1238 1576 1345 1616 non
1376 1562 1641 1617 instinctu
1664 1561 1833 1617 solius
1863 1576 1957 1615 na-

348 1656 533 1715 turae,
568 1647 661 1703 sed
695 1662 798 1703 usu
828 1662 1019 1703 earnm
1050 1649 1437 1706 constitutum.
1472 1651 1581 1705 Nec
1608 1657 1956 1721 praetereun-

347 1736 417 1793 da
450 1736 642 1792 leviter
669 1742 757 1793 est
790 1736 877 1792 illa
908 1737 1178 1808 particula
1190 1736 1330 1809 sere
1348 1758 1369 1807 ,·
1402 1755 1524 1795 nam
1556 1755 1652 1810 per
1678 1755 1795 1795 eam
1823 1737 1957 1795 indi-

348 1833 539 1896 catur,
571 1842 681 1881 non
708 1841 831 1881 esse
860 1826 910 1881 in
940 1826 1046 1883 hoc
1075 1828 1193 1883 iure
1222 1829 1603 1884 necessitatem
1632 1828 1851 1883 omnino
1880 1829 1957 1883 in-

351 1916 647 1969 trinsecam
684 1922 737 1971 et
769 1915 1093 1983 naturalem,
1114 1923 1172 1972 et
1198 1933 1302 1971 non
1334 1932 1455 1973 esse
1486 1917 1877 1985 necessarium,
1902 1921 1961 1973 ut

350 2004 426 2059 sit
453 2018 747 2059 commune
772 2003 1023 2059 omnibus
1047 2005 1267 2061 omnino
1288 2006 1566 2079 gentibus,
1590 2008 1755 2061 etiam
1780 2006 1961 2061 seclu-

352 2108 411 2147 sa
444 2092 751 2165 ignorantia
778 2101 829 2149 et
860 2109 1071 2161 errore,
1102 2094 1196 2150 sed
1226 2098 1356 2151 satis
1384 2112 1528 2164 esse,
1555 2102 1617 2152 ut
1637 2095 1749 2150 sere
1770 2110 1957 2151 omnes

346 2187 545 2253 gentes
574 2181 710 2238 bene
748 2182 1020 2238 institutae
1059 2182 1146 2238 illo
1188 2182 1434 2240 utantur.
1470 2184 1742 2241 Eumdem
1776 2184 1959 2239 existi-

350 2286 442 2325 mo
474 2270 648 2325 fuisse
676 2285 899 2327 sensum
929 2269 987 2327 d.
1018 2271 1275 2342 Thomae,
1310 2281 1372 2330 ut
1400 2289 1524 2330 mox
1555 2274 1837 2346 explicabo
1858 2314 1872 2342 ,
1902 2279 1959 2329 et

351 2364 615 2414 auctores
646 2358 730 2414 alii
760 2375 927 2430 supra
958 2362 1110 2416 citati
1138 2362 1245 2417 hoc
1276 2364 1390 2419 sine
1420 2362 1585 2420 dubio
1616 2363 1927 2420 voluerunt.

440 2447 711 2503 Probatur
738 2456 925 2505 antem
964 2452 1135 2521 primo
1178 2467 1209 2507 a
1238 2452 1530 2509 sufficienti
1558 2455 1793 2525 partium
1824 2470 1961 2510 enu-

352 2538 677 2606 meratione,
722 2537 849 2609 quia
876 2538 927 2593 in
958 2538 1062 2594 boc
1093 2539 1257 2595 modo
1286 2540 1418 2597 iuris
1441 2542 1685 2614 gentium
1710 2542 1859 2599 nulla
1879 2544 1961 2599 in-

354 2624 606 2682 cluditur
638 2630 1021 2699 repugnantia,
1046 2627 1141 2684 sed
1163 2634 1249 2685 est
1269 2628 1426 2701 plane
1452 2631 1707 2702 possibile
1724 2674 1738 2701 ,
1766 2639 1825 2688 ut
1849 2638 1957 2688 sta-

355 2716 453 2771 tim
487 2715 723 2788 amplius
752 2715 1069 2787 declarabo,
1094 2724 1151 2775 et
1178 2734 1283 2774 non
1309 2727 1491 2791 potest
1514 2721 1862 2778 commodius
1881 2721 1963 2777 di·

355 2807 556 2878 stingui
591 2806 659 2862 ab
688 2805 809 2862 aliis
836 2805 1057 2863 duobus
1084 2809 1368 2879 extremis,
1400 2810 1553 2881 quod
1574 2812 1703 2865 satis
1727 2812 1963 2881 probant

356 2896 555 2965 omnia,
592 2912 733 2968 quae
764 2895 1030 2967 diximus,
1057 2911 1213 2969 ergo.
1247 2897 1502 2953 Secundo
1524 2897 1839 2954 declaratur
1862 2897 1959 2953 ali·

354 2983 557 3057 quibus
609 2984 875 3056 exemplis
928 2985 1202 3043 adductis.
1248 2990 1381 3043 Nam
1426 2987 1769 3044 consuetudo
1820 2989 1959 3045 reci·

353 3073 533 3146 piendi
566 3074 775 3146 legatos
798 3077 901 3132 snb
926 3076 1041 3149 lege
1066 3076 1427 3133 immunitatis
1448 3083 1505 3133 et
1525 3079 1843 3134 securitatis
1867 3077 1958 3133 ab·

356 3163 533 3221 solute
576 3171 827 3235 spectata
864 3182 969 3221 non
1009 3172 1093 3221 est
1119 3166 1186 3222 de
1216 3168 1537 3223 necessitate
1564 3168 1699 3223 iuris
1732 3174 1962 3223 natura-

358 3252 456 3320 lis,
498 3254 629 3324 quia
672 3256 947 3325 potuisset
990 3270 1354 3327 unaquaeque
1395 3256 1760 3312 communitas
1788 3256 1961 3312 bomi-

358 3359 490 3399 num
526 3358 633 3397 non
666 3342 867 3399 habere
896 3343 1041 3415 apud
1072 3360 1130 3399 se
1158 3345 1371 3417 legatos
1401 3343 1627 3401 alterius
1648 3384 1664 3415 ,
1696 3361 1797 3401 nec
1828 3346 1961 3401 velle

356 3429 479 3486 illos
519 3431 845 3503 admittere,
891 3448 1038 3488 nunc
1081 3439 1260 3489 tamen
1304 3434 1589 3490 admittere
1630 3440 1715 3491 est
1748 3433 1815 3491 de
1844 3436 1961 3491 iure

354 3521 627 3592 gentium,
658 3530 716 3578 et
743 3522 863 3577 illos
894 3521 1181 3593 repudiare
1208 3532 1353 3580 esset
1381 3526 1597 3596 signum
1627 3525 1958 3595 inimicitiae,

356 3616 412 3665 et
439 3617 584 3667 esset
615 3611 825 3667 violatio
852 3612 984 3667 iuris
1006 3614 1274 3684 gentium,
1308 3619 1365 3669 et
1393 3630 1497 3670 non
1526 3620 1674 3669 esset
1703 3614 1961 3670 iniustitia

356 3706 549 3756 contra
592 3701 857 3757 rationem
902 3700 1231 3758 naturalem.
1271 3704 1576 3773 Quocirca,
1608 3704 1735 3759 licet
1760 3720 1963 3775 suppo-

331 3790 459 3848 ¹sita
492 3789 821 3846 admissione
860 3790 1170 3861 legatorum
1213 3790 1317 3846 sub
1354 3798 1518 3862 pacto
1546 3791 1958 3865 subintellecta,

356 3886 555 3935 contra
596 3880 685 3934 ius
722 3879 971 3935 naturale
1017 3881 1087 3937 sit
1131 3895 1235 3936 non
1266 3896 1485 3937 servare
1516 3880 1620 3936 illis
1649 3870 1959 3937 immunita-

360 3974 507 4039 tem,
548 3970 676 4039 quia
717 3973 805 4024 est
842 3975 1040 4025 contra
1078 3970 1343 4025 iustitiam
1387 3976 1445 4026 et
1470 3967 1709 4027 debitam
1736 3970 1961 4027 fidelita-

360 4064 503 4127 tem,
553 4063 729 4113 tamen
773 4057 865 4114 illa
908 4058 1210 4130 suppositio
1239 4066 1293 4115 et
1322 4066 1544 4130 pactum
1574 4058 1709 4114 illud
1739 4058 1843 4114 sub
1870 4059 1961 4114 tali

356 4144 671 4202 conditione
702 4148 825 4202 iure
854 4149 1101 4219 gentium
1124 4156 1210 4204 est
1230 4147 1631 4205 introductum.
1658 4146 1803 4205 Idem
1826 4163 1962 4202 con-

359 4234 589 4291 siderari
624 4238 825 4307 poterit
847 4237 897 4292 in
922 4252 1278 4310 quocumque
1301 4246 1590 4293 contractu
1613 4244 1668 4293 et
1692 4252 1960 4293 commer-

359 4326 479 4389 cio,
526 4325 575 4379 in
618 4341 729 4396 quo
773 4327 875 4381 tria
905 4332 1135 4395 possunt
1162 4327 1446 4399 distingui:
1482 4342 1652 4382 unum
1680 4332 1769 4383 est
1796 4327 1961 4397 parti·

357 4411 565 4469 cularis
596 4413 791 4470 modus
820 4410 1202 4483 contrahendi,
1234 4423 1289 4472 et
1318 4416 1403 4471 bic
1434 4416 1701 4472 ordinarie
1727 4417 1962 4487 pertinet

360 4498 429 4558 ad
466 4502 553 4557 ius
597 4503 756 4560 civile
778 4541 795 4573 ,
840 4510 912 4558 et
938 4518 1099 4575 saepe
1138 4504 1250 4560 fieri
1280 4511 1461 4575 potest
1488 4504 1711 4563 arbitrio
1740 4512 1958 4561 contra-

360 4592 639 4655 hentium.
672 4610 781 4649 non
807 4602 1145 4665 repugnante
1173 4595 1353 4667 aliquo
1384 4594 1523 4665 inre,
1542 4596 1848 4652 secundum
1874 4602 1963 4653 est

358 4681 667 4739 observatio
696 4690 1053 4753 contractus,
1084 4690 1375 4756 postquam
1400 4692 1821 4741 consummatus
1850 4692 1956 4757 est,

358 4778 417 4829 et
440 4772 545 4829 hoc
576 4774 816 4844 pertinet
842 4771 910 4828 ad
940 4773 1027 4829 ius
1058 4773 1325 4844 naturale,
1360 4779 1421 4831 ut
1447 4780 1695 4845 constat,
1732 4776 1957 4831 tertium

358 4869 444 4920 est
481 4862 702 4919 libertas
738 4861 1096 4918 contrahendi
1124 4866 1452 4920 commercia
1484 4879 1612 4920 cum
1644 4864 1959 4921 hominibus

360 4967 467 5007 non
498 4952 763 5021 inimicis,
796 4952 877 5007 vel
909 4952 1153 5007 hostibus
1174 4995 1189 5021 ,
1221 4960 1275 5009 et
1306 4953 1439 5009 baec
1466 4958 1551 5009 est
1576 4952 1643 5009 de
1671 4954 1788 5009 iure
1827 4970 1959 5027 gen-

363 5041 532 5111 tium,
574 5041 703 5113 quia
740 5041 826 5096 ins
864 5047 1090 5097 naturae
1130 5058 1239 5112 per·
1263 5058 1319 5097 se
1362 5041 1427 5097 ad
1460 5042 1562 5097 boc
1592 5058 1698 5098 non
1727 5042 1954 5116 obligat;

360 5132 630 5203 potuisset
658 5133 803 5187 enim
833 5146 941 5187 una
970 5130 1279 5202 respublica
1308 5147 1404 5203 per
1432 5146 1489 5188 se
1514 5132 1715 5202 vivere,
1740 5137 1796 5188 et
1819 5132 1957 5188 nolle

360 5222 760 5278 commercium
790 5235 922 5277 cum
951 5220 1075 5293 alia,
1106 5220 1315 5277 etiamsi
1345 5237 1449 5277 non
1478 5228 1626 5279 esset
1652 5222 1948 5279 inimicitia:

3421 343 3538 403 155

2024 486 2141 541 iure
2171 492 2352 542 autem
2383 488 2630 558 gentium
2663 484 3040 541 introductum
3069 490 3174 555 est,
3202 491 3263 540 ut
3286 484 3619 540 commercia

2024 575 2133 629 sint
2175 574 2346 630 libera
2371 615 2384 641 ,
2428 574 2838 645 violareturque
2880 574 2964 628 ius
3004 573 3278 645 gentium,
3325 574 3368 627 si
3413 572 3621 645 absque

2024 677 2197 719 causa
2238 662 2538 717 rationabili
2569 662 3006 734 prohiberentur.
3042 663 3111 717 Et
3141 662 3210 717 ita
3242 668 3394 732 puto,
3426 662 3622 717 intelli-

2022 752 2292 823 gendum,
2335 750 2483 822 quod
2523 751 2571 805 iu
2608 748 2662 805 d.
2705 751 2730 818 ἓ
2763 755 2859 806 ius
2895 756 3097 806 autem
3139 752 3370 821 dicitur,
3402 766 3476 807 ex
3511 753 3622 807 hoc

2021 843 2153 896 inre
2193 843 2450 912 qentinm
2485 855 2632 913 pene
2659 857 2856 896 omnes
2888 845 3229 896 contractus
3254 840 3624 897 introductos

2024 945 2168 995 esse,
2206 932 2546 1003 emptiones,
2584 927 2965 996 venditiones,
3003 938 3114 985 etc.
3151 932 3216 986 Et
3243 931 3310 987 ad
3339 930 3484 987 hunc
3507 948 3622 988 mo-

2024 1018 2155 1074 dum
2187 1020 2428 1075 discurri
2458 1025 2642 1089 potest
2669 1018 2736 1073 de
2765 1018 2901 1073 aliis.

2101 1107 2254 1163 Addo
2297 1124 2428 1164 vero
2481 1106 2546 1163 ad
2602 1108 2862 1163 maiorem
2905 1106 3360 1179 declarationem,
3403 1109 3624 1165 duobus

2027 1200 2202 1254 modis
2234 1200 2541 1271 (qnantum
2572 1212 2638 1252 ex
2668 1195 2874 1254 lsidoro
2905 1204 2960 1253 et
2985 1196 3098 1253 aliis
3122 1198 3337 1254 iuribus
3358 1204 3414 1253 et
3433 1206 3626 1255 aucto-

2024 1289 2178 1343 ribus
2224 1286 2460 1359 colligo)
2509 1286 2618 1343 dici
2661 1286 2862 1359 aliquid
2910 1285 2976 1342 de
3028 1287 3144 1343 iure
3190 1289 3464 1359 gentiumt
3514 1304 3624 1345 uno

2029 1378 2193 1435 modo
2222 1378 2351 1450 quia
2381 1383 2469 1434 est
2499 1378 2607 1449 ius,
2631 1376 2782 1450 quod
2809 1393 3000 1433 omnes
3025 1378 3207 1449 populi
3236 1384 3290 1434 et
3316 1386 3506 1450 gentes
3538 1394 3630 1432 va-

2026 1468 2144 1524 riae
2168 1468 2308 1522 inter
2337 1483 2396 1523 se
2425 1481 2644 1522 servare
2673 1466 2892 1538 debent,
2925 1466 3030 1523 alio
3063 1466 3222 1523 modo
3253 1468 3382 1540 qma
3405 1469 3621 1537 estius,

2025 1556 2174 1629 quod
2202 1554 2448 1628 singulae
2472 1556 2720 1613 civitates
2753 1555 2832 1611 vel
2857 1572 3026 1628 regna
3049 1556 3185 1613 intra
3208 1573 3266 1612 se
3308 1557 3623 1632 observant,

2027 1661 2123 1716 per
2162 1644 2570 1704 similitudinem
2609 1652 2794 1701 autem
2832 1650 2888 1701 et
2924 1647 3350 1701 convenientiam
3381 1649 3467 1702 ius
3493 1664 3627 1719 gen-

2028 1736 2161 1793 tium
2191 1735 2520 1807 appellatur.
2555 1736 2710 1790 Prior
2739 1734 2939 1791 modus
2970 1736 3185 1792 videtur
3214 1736 3340 1791 mihi
3361 1739 3627 1809 propriis-

2027 1825 2159 1879 sime
2188 1826 2470 1880 continere
2498 1825 2586 1879 ius
2614 1824 2858 1896 gentium
2887 1839 2943 1880 re
2973 1826 3084 1895 ipsa
3115 1824 3430 1881 distinctum
3457 1842 3488 1883 a
3511 1828 3628 1884 iure

2028 1913 2194 1982 civili,
2229 1920 2395 1983 prout
2426 1912 2556 1968 illud
2584 1912 2972 1983 explicuimus.
3009 1914 3074 1968 Et
3104 1912 3170 1969 ad
3199 1913 3332 1970 illud
3357 1919 3628 1985 pertinent

2025 2002 2276 2074 exempla
2306 2002 2374 2059 de
2407 2002 2710 2074 legatorum
2741 2009 2798 2058 et
2825 2005 3286 2060 commerciorum
3310 2021 3416 2060 nsu
3446 2047 3461 2078 ,
3485 2022 3628 2079 quae

2026 2092 2410 2163 explicuimus.
2431 2090 2574 2149 [dem
2599 2106 2799 2147 censeo
2821 2090 2886 2146 de
2909 2092 3026 2147 iure
3043 2090 3187 2163 belli,
3205 2100 3478 2168 quatenus
3501 2094 3625 2151 sun-

2028 2181 2191 2237 datur
2220 2181 2274 2237 in
2308 2186 2598 2251 potestate,
2630 2196 2796 2252 qnam
2823 2197 2928 2236 una
2953 2180 3255 2252 respublica
3287 2184 3369 2239 vel
3415 2201 3632 2242 monar-

2028 2270 2153 2327 chia
2184 2285 2443 2342 suprema
2472 2269 2634 2326 habet
2661 2269 2728 2326 ad
2761 2270 3084 2342 puniendam
3112 2271 3191 2328 vel
3217 2272 3624 2349 vindicandam,

2029 2366 2126 2417 aut
2152 2361 2508 2430 reparandam
2539 2360 2787 2416 iniuriam
2818 2359 2914 2415 sibi
2946 2360 3012 2415 ab
3040 2361 3210 2417 altera
3230 2362 3455 2435 illatam,
3481 2364 3628 2420 vide-

2032 2459 2124 2506 tur
2168 2452 2384 2521 proprie
2426 2465 2546 2505 esse
2576 2448 2641 2505 de
2671 2451 2792 2506 inre
2821 2450 3083 2522 gentium.
3119 2453 3256 2507 Nam
3283 2468 3350 2508 ex
3382 2454 3430 2508 vi
3460 2452 3632 2510 solius

2034 2540 2256 2595 rationis
2285 2539 2552 2595 naturalis
2581 2555 2688 2595 non
2719 2545 2840 2595 erat
2865 2540 3258 2609 necessarium,
3286 2548 3350 2597 ut
3377 2540 3510 2597 haec
3536 2557 3635 2613 po-

2031 2633 2199 2684 testas
2219 2636 2368 2685 esset
2390 2628 2440 2683 in
2471 2628 2752 2700 republica
2783 2628 3010 2698 offensa,
3039 2631 3344 2701 potuissent
3364 2632 3508 2687 enim
3531 2631 3626 2687 ho-

2031 2720 2202 2773 mines
2241 2704 2524 2775 instituere
2561 2716 2994 2775 alium·modum
3025 2720 3291 2777 vindictae
3314 2762 3328 2791 ,
3359 2721 3442 2777 vel
3480 2737 3632 2777 com-

2031 2808 2250 2863 mittere
2299 2807 2442 2863 illam
2483 2815 2810 2878 potestatem
2850 2808 3012 2865 alicui
3058 2810 3221 2865 tertio
3269 2811 3526 2881 principi,
3575 2818 3634 2867 et

2028 2897 2185 2969 qnasi
2230 2897 2438 2954 arbitro
2485 2912 2618 2955 cum
2654 2904 2924 2969 potestate
2963 2899 3248 2970 coactiva3
3283 2904 3464 2955 tamen
3503 2901 3634 2971 quia

2030 2986 2119 3043 hic
2163 2985 2360 3042 modus
2381 3028 2394 3053 ,
2425 2989 2518 3059 qui
2549 3002 2697 3042 nunc
2729 2994 3013 3056 servatur,
3047 2988 3251 3043 facilior
3279 2995 3395 3058 est,
3430 2992 3630 3062 magis-

2028 3090 2137 3148 que
2181 3074 2408 3131 naturae
2449 3081 2887 3147 consentaneus,
2922 3092 3026 3132 usu
3057 3076 3407 3133 introductus
3435 3084 3548 3146 est,
3579 3082 3636 3134 et

2032 3166 2104 3220 ita
2138 3165 2341 3231 iustus,
2375 3170 2436 3220 ut
2467 3179 2573 3219 non
2607 3164 2781 3235 possit
2809 3164 2883 3219 illi
2906 3164 3006 3219 iuri
3029 3166 3228 3222 resisti.
3257 3167 3312 3221 ln
3337 3166 3442 3222 hoc
3465 3167 3628 3222 etiam

2033 3252 2222 3310 ordine
2265 3253 2544 3309 constituo
2589 3253 2916 3325 servitutes3
2951 3269 3074 3309 nam
3105 3254 3192 3309 illo
3234 3256 3350 3311 iure
3392 3262 3627 3311 utuntur

2032 3343 2216 3414 populi
2255 3351 2312 3399 et
2347 3347 2537 3415 gentes
2576 3343 2718 3397 inter
2745 3357 2835 3413 se,
2879 3349 2934 3398 et
2975 3360 3079 3398 non
3111 3350 3228 3399 erat
3257 3346 3628 3401 necessarium

2028 3449 2094 3489 ex
2132 3448 2270 3504 pura
2309 3432 2544 3489 naturali
2582 3432 2821 3502 ratione,
2861 3439 3047 3503 posset
3079 3434 3220 3487 enim
3258 3434 3396 3489 alius
3427 3434 3624 3489 modus

2031 3537 2234 3594 poenae
2279 3521 2580 3592 introduci,
2628 3528 2690 3578 ut
2717 3522 2854 3594 dixi3
2887 3538 3034 3578 nunc
3064 3529 3247 3579 autem
3281 3523 3381 3579 tale
3409 3531 3491 3579 est
3519 3524 3625 3582 hoc

2031 3612 2153 3679 ius,
2201 3617 2260 3666 ut
2299 3616 2353 3667 et
2395 3611 2469 3665 rei
2513 3617 2798 3668 teneantur
2826 3609 2966 3667 hanc
3007 3626 3237 3682 poenam
3267 3616 3535 3669 sustinere
3559 3631 3626 3671 eo

2034 3698 2235 3771 modo,
2278 3715 2394 3773 quo
2436 3698 2749 3756 introducta
2777 3706 2894 3771 est,
2925 3707 2982 3756 et
3016 3702 3252 3757 victores
3279 3718 3382 3758 non
3413 3705 3628 3773 possint

2030 3790 2173 3847 iuste
2197 3790 2420 3862 gravius
2445 3791 2636 3861 punire
2661 3790 2846 3845 hostes
2871 3791 2975 3846 iam
3004 3792 3200 3861 victos,
3217 3797 3274 3847 et
3295 3792 3441 3848 tinito
3465 3792 3628 3864 bello,

2030 3879 2132 3935 nisi
2177 3879 2314 3935 alius
2362 3877 2610 3950 specialis
2649 3878 2846 3935 titulus
2873 3879 3212 3935 interveniat.
3249 3880 3378 3935 ltem
3409 3880 3624 3937 foedera

2030 3968 2184 4040 pacis
2221 3974 2275 4022 et
2312 3966 2654 4023 induciarum
2699 3974 2930 4038 possunt
2971 3967 3076 4023 snb
3106 3968 3210 4024 hoc
3241 3968 3419 4038 capite
3449 3969 3618 4025 collo-

2032 4057 2185 4128 cari,
2217 4072 2324 4112 non
2371 4063 2646 4128 quatenus
2690 4057 2955 4112 servanda
2998 4064 3146 4129 sunt,
3180 4064 3470 4129 postquam
3501 4066 3630 4115 sunt

2029 4146 2204 4216 sacta,
2238 4146 2342 4201 hoc
2372 4148 2518 4202 enim
2551 4147 2732 4216 potius
2762 4149 2994 4218 pertinet
3022 4146 3088 4203 ad
3117 4148 3201 4203 ius
3229 4148 3499 4220 naturale,
3533 4148 3628 4204 sed

2028 4242 2304 4308 quatenus
2333 4233 2670 4292 admittenda
2698 4241 2848 4307 sunt,
2879 4244 2936 4293 et
2970 4254 3076 4292 non
3107 4237 3371 4309 neganda,
3403 4237 3622 4309 quando

2030 4326 2216 4383 debito
2249 4324 2406 4381 modo
2435 4333 2490 4381 et
2523 4325 2909 4382 rationabiliter
2937 4333 3224 4397 petuntur,
3262 4327 3365 4384 boc
3395 4329 3534 4383 enim
3572 4327 3634 4383 li-

2028 4421 2120 4472 cet
2154 4416 2229 4471 sit
2271 4414 2428 4470 valde
2456 4422 2885 4471 consentaneum
2927 4416 3120 4472 rationi
3153 4416 3414 4485 naturali,
3450 4422 3631 4473 tamen

2030 4522 2133 4563 usu
2166 4507 2284 4577 ipso
2313 4511 2369 4561 et
2397 4508 2516 4562 iure
2545 4505 2786 4577 gentium
2812 4503 3026 4560 videtur
3050 4507 3218 4577 magis
3247 4507 3546 4574 tirmatum,
3571 4512 3630 4561 et

2030 4596 2137 4651 sub
2171 4596 2363 4651 maiori
2383 4610 2502 4649 esse
2527 4594 2871 4665 obligatione.
2899 4594 2968 4650 Et
2989 4593 3055 4649 ad
3080 4595 3227 4649 hunc
3255 4594 3476 4651 modum
3501 4612 3629 4665 pos-

2030 4692 2160 4741 sunt
2191 4686 2414 4740 inveniri
2441 4683 2546 4740 alia
2575 4682 2848 4753 exempla,
2881 4683 2964 4739 vel
2992 4684 3278 4754 explicari.

2104 4776 2262 4831 Ratio
2291 4779 2473 4829 autem
2504 4772 2668 4829 huius
2698 4774 2865 4843 partis
2887 4780 2942 4829 et
2970 4776 3103 4830 iuris
3125 4781 3210 4829 est
3229 4815 3243 4844 ,
3267 4774 3397 4847 quia
3421 4773 3621 4830 buma-

2027 4881 2160 4922 num
2202 4879 2376 4936 genus
2425 4863 2777 4935 quantumvis
2815 4864 2868 4918 in
2902 4864 3082 4919 varios
3112 4864 3345 4935 populos
3372 4871 3428 4920 et
3455 4879 3623 4937 regna

2026 4954 2293 5024 divisum,
2319 4968 2533 5025 semper
2563 4953 2724 5009 habet
2751 4954 2986 5025 aliquam
3018 4956 3288 5023 unitatem
3312 4971 3417 5012 non
3443 4954 3624 5011 solum

2028 5044 2334 5115 specificam
2355 5084 2369 5112 ,
2414 5040 2506 5099 sed
2547 5042 2710 5097 etiam
2749 5044 2906 5113 quasi
2936 5042 3212 5113 politicam
3242 5050 3300 5099 et
3331 5045 3613 5115 moralem,

2026 5148 2192 5206 quam
2232 5132 2436 5188 indicat
2466 5131 2708 5187 naturale
2741 5139 3095 5203 praeceptum
3127 5134 3304 5188 mutui
3333 5135 3535 5189 amoris
3564 5140 3622 5191 et

2026 5222 2428 5280 misericordiae
2449 5262 2464 5293 ,
2488 5218 2636 5295 qnod
2659 5222 2726 5277 ad
2755 5237 2945 5278 omncs
2975 5221 3320 5296 extenditur,
3343 5223 3506 5278 etiam
3529 5239 3622 5279 ex-
