4325 6267
711 314 834 378 168

628 470 755 511 nam
783 451 1003 507 libertas
1030 462 1062 502 a
1091 444 1355 505 servitute
1384 442 1691 513 proprietas
1716 444 1803 495 est
1828 432 2097 492 naturalis
2126 431 2224 489 ho·

627 542 810 610 minis,
839 546 897 595 et
925 535 1044 593 ideo
1072 533 1181 590 dici
1210 529 1348 589 solet
1372 545 1495 586 esse
1523 528 1591 586 de
1620 530 1739 585 iure
1768 531 2029 593 naturae,
2061 528 2119 577 et
2142 521 2224 577 ni-

630 630 922 687 hilominus
950 639 1047 697 per
1075 620 1349 694 propriam
1376 619 1715 675 voluntatem
1744 619 1929 688 potest
1964 625 2024 667 se
2060 609 2223 665 homo

627 718 711 774 illa
738 716 983 788 privare,
1016 710 1098 767 vel
1127 710 1291 767 etiam
1322 724 1387 764 ex
1419 708 1564 763 iusta
1590 720 1763 762 causa
1792 703 1880 760 illa
1906 700 2141 773 privari,
2171 705 2226 755 et

627 807 677 861 in
708 803 1025 859 servitutem
1056 798 1259 871 redigi3
1290 812 1423 869 ergo
1452 794 1612 852 simili
1642 792 1806 849 modo
1846 788 2244 847 communitas·

628 897 866 951 humana
896 890 1153 963 perfecta,
1179 888 1309 945 licet
1328 901 1394 942 ex
1417 892 1613 941 natura
1638 884 1713 939 rei
1738 882 1905 938 libera
1928 880 2022 949 sit,
2046 884 2101 933 et
2124 892 2218 948 po·

627 989 873 1041 testatem
902 981 952 1037 in
981 994 1039 1035 se
1068 977 1285 1047 habeat,
1318 980 1497 1047 potest
1524 974 1707 1046 aliquo
1752 969 1913 1026 modo
1948 984 2015 1025 ex
2058 980 2215 1038 prae·

623 1074 787 1130 dictis
813 1070 903 1127 illa
932 1068 1155 1143 privari.
1178 1066 1331 1123 Unde
1359 1062 1695 1120 considerari
1724 1060 1873 1129 licet,
1906 1055 2053 1131 quod
2084 1054 2215 1111 licet

624 1162 985 1235 proprietates
1012 1157 1269 1231 physicae
1294 1159 1574 1210 manantes
1590 1166 1621 1206 a
1638 1158 1837 1205 natura
1858 1145 2069 1201 soleant
2086 1157 2210 1199 esse

625 1247 987 1307 immutabiles
1018 1242 1368 1314 naturaliter3
1400 1240 1748 1297 nihilominus
1788 1239 1885 1293 hae
1918 1233 2219 1307 proprieta-

626 1344 709 1396 tes
730 1338 887 1411 quasi
911 1334 1162 1406 morales,
1179 1347 1320 1405 quae
1343 1336 1475 1387 sunt
1494 1328 1661 1386 veluti
1685 1325 1919 1383 dominia
1940 1338 2036 1378 seu
2062 1323 2214 1391 iura,

624 1430 825 1487 mutari
855 1431 1087 1500 possunt
1113 1438 1209 1495 per
1248 1419 1580 1477 contrariam
1620 1415 1988 1484 voluntatem,
2020 1426 2218 1484 quam-

622 1520 703 1575 vis
732 1533 762 1573 a
791 1522 985 1573 natura
1011 1516 1119 1569 sint
1146 1516 1405 1582 accepta,
1432 1510 1579 1563 sicut
1600 1503 1875 1562 interdum
1899 1504 2065 1557 etiam
2087 1515 2214 1571 pro-

624 1609 881 1678 prietates
902 1603 1179 1679 physicae,
1203 1614 1343 1673 quae
1365 1595 1705 1653 contrarium
1728 1592 1948 1661 habent,
1974 1589 2055 1645 vel
2082 1604 2212 1660 pen·

622 1694 753 1752 dent
780 1710 809 1750 a
835 1689 1277 1763 dispositionibus
1299 1685 1623 1743 habentibus
1646 1681 2011 1749 contrarium,
2038 1684 2216 1733 muta-

627 1784 756 1840 tioni
784 1780 1045 1839 obnoxiae
1074 1784 1225 1849 sunt,
1260 1782 1322 1833 ut
1346 1781 1585 1833 constat.

697 1870 953 1929 Secundo
981 1867 1297 1925 declaratur
1328 1865 1465 1921 idem
1492 1880 1558 1919 ex
1588 1860 1967 1919 convenientia
2008 1858 2218 1930 aliqua,

620 1969 678 2019 et
706 1976 777 2017 ex
805 1958 906 2016 alia
946 1956 1245 2013 differentia
1274 1957 1414 2011 inter
1445 1953 1582 2009 hanc
1613 1956 1939 2024 potestatem
1965 1955 2022 2005 et
2046 1948 2217 2012 illam,

619 2065 762 2124 quae
798 2055 883 2105 est
908 2063 976 2103 ex
1005 2044 1222 2119 speciali
1252 2044 1593 2100 institutione
1634 2040 1832 2109 divina,
1867 2047 1929 2094 ut
1953 2045 2119 2093 estv.
2152 2054 2212 2109 g.

623 2144 867 2209 potestas
896 2134 1191 2192 pontificis.
1224 2134 1357 2190 Nam
1383 2131 1515 2187 haec
1541 2135 1779 2202 potestas
1806 2128 1932 2184 licet
1952 2142 1981 2183 a
2001 2127 2220 2183 Christo

624 2228 695 2283 sit
722 2225 849 2282 data
880 2223 968 2281 tali
997 2237 1262 2295 personae
1307 2220 1409 2276 rite
1436 2219 1645 2276 electae
1666 2258 1681 2287 ,
1712 2218 1942 2289 ipsemet
1969 2214 2214 2273 Pontifex

622 2321 823 2386 potest,
856 2316 897 2369 si
930 2311 1193 2381 voluerit,
1226 2310 1373 2367 illam
1402 2310 1747 2369 renunciare,
1780 2322 1837 2362 se
1867 2306 1955 2361 illa
1984 2304 2220 2377 spolian-

622 2404 717 2476 do,
740 2403 928 2460 saltem
958 2406 1280 2473 acceptante
1309 2398 1577 2457 Ecclesia.
1602 2403 1665 2453 ut
1694 2412 1841 2452 nunc
1872 2409 2144 2467 suppon03
2169 2394 2218 2447 in

624 2491 727 2548 hoc
755 2507 887 2563 ergo
924 2497 1009 2547 est
1045 2489 1226 2562 aliqua
1252 2486 1657 2555 convenientia,
1698 2485 1829 2557 quia
1866 2484 2030 2540 etiam
2069 2498 2222 2538 com-

626 2584 861 2639 munitas
890 2581 1201 2649 hominum,
1236 2578 1370 2634 licet
1394 2592 1425 2633 a
1455 2578 1561 2633 Deo
1591 2574 1838 2631 habuerit
1867 2578 2218 2643 potestatem,

623 2677 803 2742 petest
829 2686 887 2726 se
916 2669 1005 2725 illa
1033 2668 1295 2740 spoliare,
1327 2666 1369 2722 si
1398 2665 1546 2722 velit.
1584 2666 1685 2722 Est
1709 2672 1887 2719 tamen
1915 2661 2217 2718 differentia

615 2762 678 2821 in
706 2758 889 2829 modo,
923 2764 1040 2815 tum
1068 2758 1196 2829 quia
1220 2754 1463 2813 Pontifex
1482 2753 1649 2811 semel
1672 2754 1881 2809 electus
1906 2767 2014 2808 non
2038 2755 2217 2823 potest

622 2851 693 2908 ab
715 2849 978 2908 universis
1002 2846 1314 2905 hominibus
1335 2845 1405 2902 ob
1427 2858 1841 2919 quamcumque
1860 2855 2086 2899 causam
2110 2841 2220 2911 pri·

623 2940 740 2996 vari
780 2954 882 2995 sua
908 2942 1177 3010 potestate
1215 2934 1301 2992 vel
1328 2934 1581 3007 dignitate
1612 2932 1851 3003 invitus,
1882 2930 1979 2986 sed
2006 2935 2219 2986 tantum

624 3048 657 3087 a
682 3030 925 3094 Christo,
955 3028 1047 3100 qui
1078 3026 1221 3082 illam
1261 3024 1438 3081 dedit:
1472 3022 1782 3094 respublica
1819 3026 2001 3076 autem
2036 3025 2221 3091 potest

626 3117 902 3176 interdum
938 3132 1003 3173 ex
1047 3116 1189 3172 iusta
1228 3128 1398 3170 causa
1440 3114 1640 3183 privari
1682 3126 1783 3168 sua
1826 3110 2078 3166 libertate
2119 3124 2220 3180 per

626 3209 993 3276 coactionem,
1024 3211 1089 3261 ut
1116 3218 1215 3275 per
1242 3203 1451 3259 iustum
1481 3199 1711 3271 bellum3
1740 3207 1859 3257 tum
1878 3199 2037 3257 etiam
2054 3240 2068 3267 ,
2094 3198 2222 3269 quia

626 3297 900 3354 Pontificis
929 3301 1171 3367 potestas
1206 3308 1313 3351 non
1344 3298 1520 3365 potest
1550 3292 1623 3348 ita
1653 3290 1885 3359 mutari,
1921 3294 1983 3345 ut
2009 3288 2077 3343 ab
2114 3301 2222 3343 una

626 3402 860 3459 persona
882 3388 934 3441 in
956 3385 1193 3455 aliquam
1213 3383 1668 3440 communitatem
1690 3378 2073 3446 transferatur,
2089 3378 2218 3448 quia

628 3492 735 3532 nou
765 3482 855 3532 est
873 3477 923 3529 in
950 3480 1219 3545 potestate
1240 3471 1519 3527 hominum
1542 3468 1959 3525 monarchicum
1984 3468 2221 3538 regimen

628 3568 679 3621 in
707 3562 959 3622 Ecclesia
986 3568 1220 3618 mutare:
1254 3560 1619 3616 communitas
1648 3563 1832 3613 autem
1861 3555 2096 3611 bumana
2127 3570 2222 3625 pe·

631 3659 741 3710 test
767 3667 923 3708 suam
955 3648 1385 3706 iurisdictionem
1413 3647 1713 3704 transferre
1750 3646 1801 3700 in
1834 3660 1998 3702 unam
2030 3658 2218 3715 perso·

630 3757 788 3813 nam,
834 3739 916 3797 vel
957 3740 1009 3794 in
1052 3738 1207 3795 aliam
1249 3736 1721 3804 communitatem,
1761 3742 1821 3791 ut
1861 3733 2081 3805 patebit.
2127 3732 2227 3788 Est

628 3846 762 3903 ergo
792 3828 925 3885 haec
956 3833 1197 3900 potestas
1226 3842 1330 3882 non
1374 3824 1553 3882 solum
1593 3822 1893 3891 mutabilis,
1926 3822 2022 3880 sed
2060 3822 2224 3879 etiam

634 3918 975 3987 mutabilior,
1006 3917 1291 3987 magisque
1321 3929 1354 3969 a
1382 3912 1759 3969 voluntatibus
1786 3912 2066 3969 hominum
2094 3908 2225 3983 pen-

631 4008 783 4065 dens.
799 4006 978 4062 Tertio
1002 4009 1183 4077 potest
1202 4001 1351 4059 reddi
1376 4002 1513 4058 ratio
1535 4000 1696 4058 huius
1719 4000 2078 4067 differentiae,
2097 4004 2228 4073 quia

632 4112 719 4167 ea,
748 4109 889 4168 quae
916 4098 1048 4149 sunt
1072 4108 1138 4148 ex
1166 4091 1503 4148 institutione
1534 4088 1775 4162 speciali,
1806 4090 2045 4162 pendent
2072 4106 2103 4145 a
2132 4107 2228 4146 vo-

635 4186 840 4242 luntate
868 4182 1225 4248 instituentis,
1249 4196 1391 4253 quae
1420 4181 1487 4237 ab
1516 4179 1865 4236 inferioribus
1895 4180 2094 4235 mutari
2120 4194 2225 4234 non

635 4280 845 4347 potest3
875 4272 1011 4328 haec
1041 4278 1226 4327 autem
1253 4276 1494 4342 potestas
1524 4283 1627 4324 non
1656 4274 1741 4325 est
1767 4269 1834 4326 ab
1862 4269 2225 4340 institutione,

634 4364 729 4422 sed
758 4379 791 4420 a
818 4368 1037 4432 natura,
1067 4367 1124 4417 et
1148 4360 1269 4417 ideo
1296 4375 1363 4417 ee
1392 4357 1556 4415 medo
1583 4358 1767 4425 datur,
1794 4374 1904 4431 quo
1924 4365 2010 4415 est
2028 4373 2229 4415 conve·

634 4456 787 4511 niens
826 4456 1050 4507 naturae
1081 4448 1328 4506 rationali
1367 4447 1673 4505 secundum
1714 4455 1921 4505 rectam
1964 4447 2230 4504 rationem

632 4548 689 4598 et
715 4537 1074 4613 prudentiam.
1095 4538 1253 4594 Ratio
1274 4546 1457 4594 autem
1482 4536 1744 4593 naturalis
1764 4536 1958 4606 dictat,
1983 4552 2090 4592 non
2111 4550 2234 4592 esse

634 4629 1028 4698 necessarium,
1053 4632 1161 4686 imo
1190 4642 1289 4685 nec
1312 4627 1639 4684 conveniens
1661 4626 1754 4683 tali
1776 4633 2001 4682 naturae
2032 4625 2233 4684 habere

638 4720 776 4774 banc
807 4724 1133 4789 potestatem
1168 4716 1559 4773 immutabilem
1588 4717 1637 4771 in
1668 4722 1785 4773 tota
1814 4715 2230 4787 communitate3

639 4809 721 4865 vix
749 4810 890 4865 enim
923 4812 1109 4878 posset
1136 4806 1223 4863 illa
1250 4807 1329 4862 sic
1358 4813 1611 4878 sumpta,
1640 4812 1697 4861 et
1733 4805 1883 4863 nulla
1912 4805 2236 4862 determina-

639 4898 783 4953 tione
811 4895 1093 4965 adiuncta,
1125 4895 1205 4951 vel
1236 4896 1531 4953 mutatione
1559 4894 1727 4965 sacta,
1758 4894 1847 4951 illa
1874 4897 1978 4966 uti,
2003 4910 2133 4967 ergo
2167 4894 2237 4952 ita

636 4986 799 5042 datur
830 5002 859 5040 a
888 4990 1085 5041 natura
1122 4990 1179 5041 et
1202 4985 1319 5041 eius
1346 4992 1577 5041 auctore
1599 5025 1614 5049 ,
1650 4990 1709 5039 ut
1738 4983 1911 5055 possit
1938 4986 1988 5040 in
2023 5000 2088 5041 ea
2117 5000 2241 5040 mu-

643 5076 775 5133 tatio
804 5076 948 5148 lieri,
982 5080 1149 5146 prout
1176 5075 1457 5131 communi
1495 5073 1641 5131 bono
1670 5077 1843 5147 magis
1883 5073 2051 5131 suerit
2074 5088 2240 5147 expe-

638 5164 813 5221 diens.
1572 5176 1577 5181 ·

2100 308 2302 359 mmm
2333 308 2412 356 m
2422 336 2437 355 .

2881 427 3162 495 CAPUT
3208 428 3322 495 lv.

2560 632 2914 694 Corollaria
2939 651 3016 691 eae
3041 635 3340 708 superiori
3365 630 3662 689 doctrina.

2855 826 3342 891 Sammarium

2297 1028 2345 1077 t.
2380 1026 2640 1091 Optimum
2675 1026 2902 1091 regimen
2937 1032 3016 1076 est
3049 1024 3452 1077 monarchicum.
3479 1050 3548 1060 -
3575 1023 3627 1074 Ξ.
3671 1024 3906 1075 Potestas

2359 1098 2528 1147 civilis
2560 1096 2762 1161 quando
2797 1104 2966 1146 manat
2997 1107 3026 1145 a
3062 1096 3444 1145 communitate.
3471 1121 3541 1130 -
3567 1094 3800 1145 Potestas
3839 1108 3904 1149 ex

2361 1174 2544 1216 natura
2571 1166 2648 1215 rei
2681 1172 2762 1216 est
2787 1164 3077 1216 immediate
3113 1164 3166 1213 in
3189 1164 3572 1214 communitate.
3602 1189 3671 1199 -
3697 1164 3900 1213 Primus

2362 1236 2548 1285 titulus
2572 1237 2744 1299 regiae
2769 1234 3039 1299 potestatis
3063 1240 3142 1283 est
3165 1232 3453 1283 immediate
3473 1246 3498 1281 a
3513 1233 3632 1283 Deo.
3647 1234 3783 1283 —3.
3805 1232 3900 1281 Se-

2359 1304 2557 1355 cundus
2585 1305 2770 1354 titulus
2806 1304 2976 1365 regiae
3011 1303 3282 1366 potestatis
3313 1303 3572 1352 successio
3605 1301 3907 1351 haeredita-

2363 1374 2438 1423 ria
2465 1401 2532 1410 —
2555 1374 2608 1424 4.
2636 1374 2844 1423 Tertius
2871 1373 3058 1422 titulus
3091 1373 3263 1435 regiae
3301 1372 3570 1434 potestatis
3595 1372 3788 1421 bellum
3817 1372 3898 1419 iu-

2361 1443 2662 1493 stum—5.
2693 1443 2926 1494 Potestas
2953 1441 3094 1505 regia
3120 1440 3432 1501 foi-rnaliter,
3461 1446 3520 1489 ut
3545 1440 3664 1490 talis
3681 1475 3696 1499 ,
3725 1447 3807 1489 est
3835 1439 3902 1488 de

2362 1513 2474 1561 iure
2499 1511 2886 1563 humanm—6.
2916 1511 3096 1560 Nullae
3119 1515 3240 1559 sunt
3269 1510 3410 1571 leges
3436 1510 3797 1559 universaliter
3825 1508 3899 1557 la-

2363 1587 2446 1631 tae
2471 1588 2699 1645 prototo
2723 1582 2878 1641 orbe,
2912 1592 3046 1643 quae
3078 1590 3251 1629 omnes
3283 1579 3516 1641 obligent
3551 1578 3802 1628 homines.
3831 1605 3901 1614 —

2365 1651 2411 1698 7.
2437 1651 2633 1712 Quibus
2659 1650 2819 1700 modis
2844 1654 3068 1713 potestas
3095 1647 3292 1697 ferendi
3321 1649 3460 1711 leges
3485 1647 3784 1711 participari
3811 1660 3901 1710 po-

2364 1726 2486 1769 test.
2513 1748 2582 1756 —
2607 1720 2660 1769 8.
2689 1721 2827 1781 Quae
2864 1725 3090 1782 potestas
3123 1718 3194 1767 sit
3226 1716 3548 1781 delegabilis.
3579 1743 3647 1753 —
3671 1716 3724 1765 9.
3763 1716 3904 1779 Quae

2362 1796 2589 1852 potestas
2615 1801 2712 1838 non
2739 1789 2808 1838 sit
2833 1787 3159 1851 delegabilis.

2378 1964 2422 2015 1.
2457 1960 2534 2015 Ex
2563 1958 2724 2015 dictis
2755 1960 2808 2015 in
2837 1958 3109 2031 superiori
3150 1956 3328 2027 capite
3373 1972 3672 2027 possumus
3712 1954 3896 2028 aliqua

2295 2047 2498 2104 inferre
2522 2090 2536 2115 ,
2565 2063 2706 2119 quae
2751 2045 2816 2103 ad
2847 2048 3026 2103 omnia
3053 2044 3284 2102 dicenda
3311 2060 3563 2117 magnam
3609 2045 3790 2101 lucem
3817 2042 3898 2099 as·

2291 2134 2484 2193 ferent.
2515 2138 2753 2193 Primum
2785 2141 2890 2204 est,
2923 2136 3073 2208 quod
3117 2135 3244 2191 licet
3271 2134 3404 2191 haec
3448 2140 3696 2206 potestas
3731 2134 3889 2190 abso-

2295 2224 2406 2282 lute
2435 2226 2506 2283 sit
2533 2225 2598 2282 de
2627 2226 2744 2281 iure
2775 2232 3022 2287 naturae,
3049 2223 3424 2280 determinatio
3446 2222 3564 2279 eius
3585 2221 3652 2278 ad
3674 2229 3891 2279 certum

2293 2314 2516 2370 modum
2548 2314 2829 2385 potestatis
2855 2320 2912 2369 et
2938 2313 3210 2385 regiminis
3243 2319 3328 2369 est
3359 2328 3424 2368 ex
3447 2311 3666 2368 arbitrio
3702 2310 3896 2367 huma·

2295 2419 2385 2458 no.
2421 2402 2744 2458 Declaratur
2776 2422 2791 2472 3
2840 2416 2965 2457 nam
3009 2406 3024 2473 (
3053 2402 3204 2458 iuxta
3238 2399 3544 2457 doctrinam
3573 2399 3812 2456 Platonis
3845 2399 3896 2454 in

2292 2489 2550 2562 Dialoqo
2581 2489 2757 2557 civili,
2785 2505 2887 2546 seu
2911 2489 2984 2545 de
3010 2504 3211 2561 reyno,
3247 2496 3304 2545 et
3329 2489 3380 2543 in
3413 2488 3557 2545 libris
3585 2486 3888 2562 deRepub.

2291 2588 2348 2635 et
2377 2580 2681 2636 Aristotelis
2711 2584 2765 2636 3.
2791 2578 2970 2637 Polit.
3007 2594 3130 2649 cap.
3165 2584 3218 2648 5,
3244 2585 3300 2634 et
3327 2583 3382 2636 8.
3407 2578 3602 2636 Echio.
3629 2578 3880 2649 capto.)

2293 2668 2484 2741 triplex
2520 2676 2608 2726 est
2643 2669 2866 2741 politica
2905 2667 3228 2741 gubernatio
3264 2666 3523 2738 simplex,
3554 2665 3884 2730 Monarchia,

2291 2756 2347 2814 id
2373 2765 2459 2814 est
2486 2772 2583 2829 per
2612 2772 2786 2813 unum
2815 2763 3005 2829 caput;
3037 2756 3419 2825 Aristocratia,
3447 2754 3499 2811 id
3522 2761 3609 2812 est
3631 2770 3729 2827 per
3755 2770 3891 2825 pau·

2291 2862 2394 2905 cos
2419 2853 2478 2904 et
2505 2846 2768 2918 optimos3
2805 2848 3167 2918 Democratia,
3199 2844 3254 2901 id
3273 2850 3359 2901 est
3379 2860 3474 2915 per
3495 2843 3682 2915 plures
3704 2850 3762 2901 et
3783 2843 3897 2915 ple-

2290 2936 2463 2993 beios.
2487 2935 2570 2991 Ex
2596 2934 2801 3007 quibus
2841 2934 3040 2991 confici
3073 2938 3309 3006 possunt
3349 2932 3478 2989 varii
3515 2934 3658 2990 modi
3688 2930 3890 3004 guber-

2293 3026 2528 3084 nationis
2561 3024 2786 3095 mixtae,
2817 3039 2916 3080 seu
2945 3023 3282 3095 compositae
3321 3038 3385 3079 ex
3419 3022 3518 3079 illis
3556 3022 3896 3094 simplicibus

2291 3130 2388 3187 per
2417 3114 2886 3185 participationem
2915 3111 2998 3169 vel
3019 3114 3285 3181 omnium,
3312 3112 3393 3168 vel
3415 3111 3654 3170 duorum
3675 3128 3743 3168 ex
3765 3111 3892 3169 illis.

2295 3208 2367 3261 De
2403 3205 2606 3278 quibus
2644 3203 2812 3260 videri
2851 3209 3031 3275 potest
3059 3203 3180 3260 fuse
3214 3210 3272 3259 et
3305 3202 3506 3274 optime
3533 3200 3892 3258 Bellarminus

2293 3294 2429 3351 libro
2465 3300 2512 3353 1.
2545 3292 2619 3351 de
2655 3309 2884 3350 summo
2909 3291 3218 3365 Pontifice,
3253 3308 3284 3349 a
3313 3291 3580 3362 principio
3623 3305 3718 3362 per
3759 3304 3893 3347 non·

2294 3384 2442 3442 nulla
2468 3384 2672 3456 capita.
2705 3380 2910 3439 Stando
2949 3398 3079 3454 ergo
3120 3382 3175 3437 in
3217 3382 3336 3438 iure
3377 3380 3610 3437 naturali
3648 3396 3756 3435 non
3799 3396 3896 3436 co-

2293 3481 2504 3547 guntur
2556 3471 2806 3529 homines
2853 3468 3054 3541 eligere
3093 3468 3451 3526 determinate
3496 3484 3668 3525 unum
3706 3484 3774 3525 ex
3817 3468 3898 3524 his

2294 3562 2470 3620 modis
2497 3562 2936 3635 gubernationis.
2968 3560 3107 3627 Quia
3134 3558 3264 3614 licet
3289 3560 3428 3614 inter
3455 3572 3552 3614 eos
3580 3556 3896 3614 monarchia

2295 3654 2368 3710 sit
2393 3651 2602 3721 melior,
2633 3657 2695 3708 ut
2718 3648 3036 3707 Aristoteles
3064 3648 3168 3704 late
3199 3644 3471 3712 ostendit,
3500 3653 3559 3704 et
3587 3646 3768 3718 colligi
3799 3662 3900 3717 po-

2297 3748 2402 3800 test
2436 3756 2504 3797 ex
2532 3740 2926 3812 gubernatione
2957 3743 3014 3794 et
3039 3736 3382 3809 providentia
3421 3738 3592 3793 totius
3631 3737 3897 3807 universi,

2295 3846 2462 3903 quam
2489 3835 2708 3901 oportet
2734 3842 2854 3884 esse
2885 3828 3166 3899 optimam,
3195 3832 3252 3883 et
3281 3825 3402 3883 inde
3431 3824 3706 3883 conclusit
3727 3826 3894 3883 Arist.

2305 3922 2390 3976 12.
2413 3918 2680 3992 Metapa.
2708 3917 2760 3973 in
2785 3916 2909 3987 line,
2930 3931 3052 3972 esse
3077 3915 3470 3987 monarchiam,
3496 3913 3708 3973 dicens:
3731 3918 3900 3974 Unus

2296 4025 2433 4081 erqo
2452 4010 2760 4081 princeps.
2794 4006 3053 4078 Idemque
3080 4005 3318 4063 ostendit
3353 4004 3665 4077 exemplum
3693 4002 3898 4061 Christi

2299 4098 2506 4155 Domini
2529 4098 2580 4152 in
2603 4096 2940 4153 institutione
2960 4102 3018 4153 et
3036 4094 3433 4167 gubernatione
3450 4109 3583 4150 suae
3597 4091 3898 4150 Ecclesiae:

2300 4203 2363 4245 ac
2391 4187 2624 4259 denique
2647 4184 2699 4241 id
2721 4187 2882 4241 etiam
2905 4184 3106 4241 suadet
3126 4184 3464 4257 frequentior
3490 4198 3626 4239 usus
3653 4184 3902 4239 omnium

2300 4277 2598 4333 nationum.
2645 4276 2800 4331 Licet
2838 4274 2966 4343 hoc,
3011 4274 3257 4347 inquam,
3299 4273 3370 4329 ita
3411 4275 3504 4343 sit,
3549 4272 3898 4329 nibilominus

2301 4364 2389 4421 alii
2415 4364 2556 4421 modi
2577 4362 2913 4437 gubernandi
2936 4380 3044 4419 non
3071 4371 3201 4419 sunt
3223 4364 3381 4433 mali,
3405 4362 3500 4419 sed
3522 4368 3756 4435 possunt
3772 4376 3902 4418 esse

2302 4454 2425 4511 boni
2454 4460 2511 4510 et
2539 4452 2718 4523 utiles3
2753 4450 2982 4525 ideoque
3011 4468 3077 4509 ex
3107 4467 3245 4523 pura
3274 4450 3390 4523 lege
3411 4457 3640 4509 naturae
3671 4467 3778 4507 non
3803 4464 3903 4507 ce·

2303 4547 2506 4613 guntur
2537 4540 2784 4595 homines
2813 4538 3014 4595 habere
3043 4539 3184 4595 banc
3217 4545 3541 4611 potestatem
3579 4541 3633 4595 ln
3678 4554 3790 4596 uno
3820 4537 3904 4595 vel

2301 4632 2354 4685 in
2387 4628 2658 4701 pluribus,
2690 4627 2773 4684 vel
2817 4628 2868 4683 in
2909 4626 3235 4684 collectione
3276 4628 3555 4699 omnium3
3587 4643 3721 4701 ergo
3764 4628 3898 4685 haec

2302 4717 2675 4775 determinatio
2705 4718 3012 4773 necessario
3039 4718 3151 4773 lieri
3183 4718 3345 4775 debet
3381 4714 3604 4775 arbitrio
3635 4717 3898 4776 humano.

2302 4809 2374 4865 Et
2394 4808 2467 4864 ita
2489 4807 2652 4863 etiam
2676 4813 2896 4863 constat
2917 4808 3273 4879 experientia,
3305 4794 3555 4881 magna'm
3578 4825 3700 4866 esse
3725 4810 3774 4865 in
3801 4810 3908 4867 linc

2306 4899 2645 4968 varietatem3
2678 4912 2804 4952 nam
2847 4896 3046 4952 alicubi
3086 4902 3172 4952 est
3212 4897 3554 4969 monarchia,
3585 4904 3640 4953 et
3666 4898 3794 4954 r'aro
3825 4904 3913 4955 est

2306 4985 2550 5057 simplex,
2579 4986 2729 5058 quia,
2747 4985 3029 5057 supposita
3057 4984 3346 5057 fragilitate
3380 4986 3686 5060 ignorantia
3707 4994 3768 5045 et
3797 5004 3913 5045 ma-

2309 5076 2417 5133 litia
2447 5072 2748 5145 hominum,
2779 5073 3102 5147 regulariter
3128 5074 3346 5147 expedit
3373 5074 3572 5147 aliquid
3605 5076 3908 5134 admiscere

2306 5180 2372 5223 ex
2399 5166 2681 5221 communi
2712 5164 3132 5239 gubernatione,
3162 5178 3306 5239 quae
3328 5180 3425 5237 per
3447 5164 3634 5236 plures
3662 5166 3741 5239 lit,
3765 5181 3907 5238 quae
