4325 6267
1747 357 1958 406 CAPUT
1986 359 2130 408 xvl.

291 481 452 548 Quod
493 481 696 542 docent
736 485 891 540 lason
913 525 930 548 ,
983 481 1258 556 Angelus,
1288 482 1507 540 Felinus
1535 482 1700 540 etalii
1731 499 1896 557 supra

291 576 480 648 citati,
510 583 568 632 et
595 575 767 632 videri
796 580 982 647 potest
1013 575 1225 647 Burgos
1250 571 1318 630 de
1356 575 1456 630 Paz
1485 573 1538 630 in
1567 589 1800 647 prooem.
1830 571 1896 628 ad

293 665 444 737 leges
491 667 716 732 Tauri,
761 682 820 722 n.
862 668 1002 735 450,
1032 670 1088 721 et
1113 666 1353 722 sumitur
1379 680 1446 722 ex
1471 663 1618 722 dicta
1645 663 1765 737 lege
1795 663 1894 720 ult.

291 756 355 811 C.
388 752 460 812 de
492 754 654 828 legib.
685 755 736 810 in
769 754 1012 812 secunda
1038 760 1191 827 parte
1219 757 1370 826 eius,
1394 760 1450 812 et
1477 760 1559 811 est
1579 767 1900 826 expressum

295 846 350 900 in
375 843 528 902 dicta
555 845 594 902 l.
633 849 694 917 1,
718 846 774 902 ff.
801 845 869 903 de
889 845 1112 902 constit.
1138 845 1314 918 princ.
1339 845 1438 902 ibi:
1474 842 1898 920 Quodcumque

293 921 628 1008 imperator
655 951 771 1010 per
807 934 1118 1010 epistolam
1156 939 1212 992 et
1252 934 1739 1009 subscriptionem
1777 939 1899 990 sta·

293 1023 414 1082 tuit
431 1069 446 1091 ,
473 1024 566 1082 vel
589 1017 780 1082 'edicto
805 1029 1128 1100 praecipit,
1159 1023 1340 1099 leyem
1361 1041 1486 1082 esse
1506 1029 1756 1082 constat.
1783 1025 1898 1082 Hoc

297 1121 489 1172 autem
512 1114 951 1189 intelligendum,
973 1123 1032 1172 et
1053 1111 1442 1172 declarandum
1463 1123 1552 1172 est
1569 1114 1733 1172 modo
1751 1114 1898 1171 dicto

294 1205 366 1260 de
406 1207 699 1276 sententia3
744 1222 869 1262 uam
919 1212 1004 1263 est
1043 1205 1232 1262 eadem
1271 1206 1410 1262 ratio
1440 1204 1506 1263 de
1544 1204 1789 1278 quolibet
1813 1220 1900 1260 re-

294 1310 502 1367 sponso
538 1295 829 1368 principis,
878 1293 1024 1369 quod
1059 1294 1268 1353 directe
1307 1294 1525 1374 decidit¹
1547 1294 1768 1368 aliquod
1795 1294 1899 1351 du·

295 1385 478 1458 bium,
511 1387 850 1442 constituens
886 1385 1020 1442 illud
1061 1401 1387 1457 responsum
1424 1391 1688 1458 tanquam
1734 1400 1897 1459 regu-

295 1477 404 1534 lam
448 1476 739 1550 operandi,
783 1483 1000 1549 oportet
1033 1485 1218 1534 autem
1247 1484 1308 1533 ut
1334 1492 1443 1533 non
1471 1478 1542 1532 sit
1568 1491 1900 1533 concessum

294 1569 352 1623 in
383 1566 712 1639 peculiarem
758 1566 996 1624 favorem
1012 1609 1027 1635 ,
1051 1566 1136 1624 vel
1157 1565 1498 1640 privilegium
1519 1565 1752 1624 alicuius
1776 1580 1896 1638 per-

297 1671 493 1728 sonae,
523 1655 608 1713 vel
647 1657 717 1714 ob
768 1656 1152 1730 particularem
1193 1656 1662 1714 circumstantiam
1700 1672 1902 1714 occur-

295 1754 506 1804 rentem
522 1785 539 1812 ,
561 1755 618 1804 et
648 1747 720 1812 ita
743 1747 936 1806 eodem
971 1746 1132 1806 modo
1161 1745 1528 1806 conciliantur
1556 1746 1677 1804 iura
1696 1745 1896 1820 civilia,

297 1845 362 1896 ut
385 1837 595 1896 dictum
619 1844 726 1896 est.

1579 1993 1598 2022 h

848 2015 1126 2087 CAPUT
1170 2016 1350 2088 XVI.

328 2217 500 2291 Quae
527 2213 941 2290 promulgatio
967 2217 1312 2272 necessaria
1336 2215 1416 2269 sit
1441 2209 1526 2270 ad
1546 2210 1878 2290 perfectam

663 2307 1134 2364 constitutionem
1161 2302 1306 2378 leqis
1333 2301 1544 2360 civilis.

864 2485 1348 2551 summarium

304 2675 354 2724 ¹.
383 2674 558 2724 Tertia
581 2674 714 2737 legis
739 2673 1033 2725 solemnitas
1055 2679 1135 2724 est
1161 2673 1272 2724 eius
1296 2673 1579 2737 publicatio
1595 2685 1656 2724 ac
1675 2674 1902 2738 proposi-

374 2745 468 2796 ti0.
489 2772 561 2786 --
578 2745 760 2809 Opinio
781 2743 960 2794 Selvae
985 2743 1260 2794 asserentis
1275 2780 1291 2806 ,
1319 2745 1428 2794 sine
1452 2745 1708 2808 scriptura
1732 2751 1786 2794 et
1809 2758 1904 2808 pu·

370 2814 650 2866 blicatione
678 2813 850 2864 valere
876 2815 1070 2877 legem,
1108 2815 1383 2877 statimque
1408 2815 1590 2878 ligare.
1612 2841 1681 2851 —
1700 2813 1751 2864 2.
1781 2814 1903 2865 Par-

371 2885 534 2935 ticula
558 2885 654 2936 aut
682 2884 849 2948 posita
877 2891 956 2934 est
977 2897 1070 2948 pro
1095 2883 1470 2934 sem—Editio
1490 2885 1618 2948 legis
1646 2897 1904 2948 nunquam

371 2953 528 3005 habet
562 2955 936 3006 solemnitatem
981 2954 1279 3018 requisitam
1321 2955 1432 3004 sine
1477 2955 1900 3018 promulgatione,

371 3031 426 3074 et
451 3025 658 3088 quidem
681 3037 710 3074 e
735 3031 913 3075 contra
939 3037 1038 3074 non
1061 3031 1142 3074 est
1169 3025 1510 3089 promulgatio
1533 3025 1643 3074 sine
1667 3025 1903 3075 solemni-

373 3100 501 3144 tate.
523 3095 665 3145 —3.
694 3094 968 3144 Distinctio
999 3095 1136 3144 inter
1173 3095 1625 3158 promulgationem
1660 3101 1713 3145 et
1735 3093 1902 3145 divul-

371 3165 628 3229 gationem
654 3165 928 3226 legis—4.
941 3164 1106 3214 Prima
1128 3164 1535 3214 conclusio.—5.
1553 3163 1685 3225 Quot
1705 3165 1758 3214 in
1776 3165 1903 3216 locis

371 3236 661 3286 necessaria
703 3233 791 3285 tiat
826 3235 1167 3298 promulgatio
1209 3234 1622 3296 legis—Leges
1657 3234 1904 3298 quaedam

371 3312 494 3355 sunt
517 3303 822 3355 inferiorum
840 3305 1278 3366 communitatum,
1299 3304 1545 3368 quaedam
1563 3310 1681 3354 sunt
1701 3305 1903 3368 amplis-

371 3375 634 3426 simarum.
647 3375 783 3426 -6.
810 3375 972 3438 Leges
998 3375 1184 3438 prioris
1204 3372 1397 3425 ordinis
1417 3382 1497 3424 sat
1515 3376 1904 3439 promulgantur

374 3445 526 3495 unica
551 3445 766 3496 solemni
801 3445 1164 3508 publicatione.
1187 3471 1256 3481 —
1277 3445 1326 3494 7.
1355 3444 1535 3508 Opinio
1559 3445 1718 3507 prima
1743 3445 1806 3495 de
1832 3447 1904 3496 le-

370 3516 523 3578 gibus
559 3514 772 3566 secundi
808 3514 1022 3566 ordinis.
1048 3542 1112 3551 —
1133 3513 1184 3565 8.
1213 3514 1490 3565 Difficultas
1513 3521 1691 3565 contra
1714 3515 1905 3566 dictam

371 3586 701 3635 sententiam.
715 3585 846 3635 -9.
875 3585 980 3634 Lex
1005 3585 1240 3636 strictius
1261 3585 1472 3649 loquens
1491 3585 1806 3636 extendenda
1825 3593 1904 3637 est

373 3655 518 3706 iuxta
553 3655 946 3719 generalitatem
981 3655 1251 3716 rubricae,
1289 3654 1491 3718 quando
1527 3668 1627 3705 non
1650 3663 1730 3706 est
1755 3669 1906 3720 repu-

372 3727 584 3788 gnantia
625 3733 717 3775 aut
753 3723 1050 3776 absurdum.
1071 3751 1138 3761 —
1169 3724 1254 3776 10.
1281 3725 1629 3788 Promulgatio
1664 3727 1792 3790 legis
1825 3734 1905 3777 est

373 3797 659 3846 necessaria
688 3797 740 3846 in
766 3795 1066 3845 civitatibus
1089 3795 1465 3858 provinciarum
1489 3801 1580 3846 aut
1607 3808 1900 3859 regnorum,

373 3873 434 3915 ut
461 3867 512 3916 in
539 3866 759 3930 singulis
783 3866 1058 3929 provinciis
1082 3865 1278 3928 obliget
1301 3878 1364 3917 ex
1387 3866 1441 3916 vi
1473 3865 1604 3916 iuris
1627 3868 1906 3918 communis

373 3937 672 4002 imperialis.

393 4116 442 4168 1.
469 4111 736 4182 Superest
770 4108 1066 4167 dicendum
1093 4107 1160 4166 de
1189 4112 1346 4167 tertia
1373 4109 1714 4168 solemnitate
1740 4110 1897 4182 legis,

304 4217 470 4274 quam
497 4201 921 4274 subsequentem
943 4199 1331 4274 appellavimus
1347 4241 1363 4272 ,
1386 4201 1792 4273 comparatione
1819 4200 1896 4256 sa-

306 4300 399 4350 cta
437 4292 505 4348 ad
549 4292 883 4349 voluntatem
926 4292 1184 4364 principis
1208 4333 1224 4364 ,
1255 4296 1311 4347 et
1346 4292 1584 4348 exterius
1614 4292 1896 4363 scriptam,

307 4383 392 4440 vel
433 4382 768 4441 declaratam
811 4383 994 4456 aliquo
1035 4382 1190 4456 signo
1229 4379 1468 4440 sensibili
1497 4381 1732 4438 exterius
1762 4382 1900 4438 indi-

310 4480 470 4532 cante
510 4473 654 4532 illam
674 4516 690 4547 ,
717 4479 776 4530 et
813 4475 960 4530 circa
989 4489 1153 4547 quam
1183 4487 1432 4545 suppono
1461 4472 1512 4528 in
1543 4473 1728 4544 primis
1748 4513 1764 4544 ,
1793 4487 1902 4528 non

307 4580 430 4622 esse
451 4567 582 4622 satis
608 4564 1156 4638 privatam-principis
1179 4562 1510 4620 locutionem
1542 4578 1641 4618 seu
1685 4577 1907 4634 expres-

311 4658 516 4712 sionem
539 4697 555 4726 ,
585 4663 650 4712 ut
687 4655 770 4712 lex
801 4654 903 4712 iam
931 4653 1040 4711 lata
1068 4659 1360 4710 censeatur
1379 4694 1394 4722 ,
1439 4651 1610 4708 donec
1655 4651 1904 4709 voluntas

309 4752 368 4802 et
395 4745 562 4802 iussio
595 4745 858 4817 principis
888 4744 1111 4801 solemni
1152 4744 1258 4800 ritu
1285 4742 1428 4800 edita
1451 4749 1508 4799 et
1527 4741 1756 4800 subditis
1782 4758 1906 4816 pro-

312 4835 486 4909 posita
509 4837 610 4892 sit:
637 4834 743 4893 hoc
764 4837 906 4890 enim
927 4841 985 4891 et
1013 4840 1246 4907 utroque
1269 4833 1387 4889 iure
1409 4830 1646 4890 hum'ano
1669 4840 1753 4890 est
1773 4848 1906 4890 con·

315 4928 602 4999 stitutum,
635 4933 700 4983 ut
741 4941 908 4998 supra
935 4925 1024 4982 lib.
1056 4927 1115 4996 1,
1146 4940 1269 4998 cap.
1302 4925 1369 4981 11.
1401 4929 1677 4981 ostensum
1706 4933 1821 4996 est,
1851 4929 1909 4981 et

313 5017 433 5089 ipsa
459 5016 595 5089 legis
632 5023 828 5072 natura
857 5013 1112 5088 postulat.
1139 5015 1274 5070 Tum
1300 5014 1430 5087 quia
1455 5021 1542 5071 est
1568 5013 1755 5086 regula
1777 5029 1904 5086 ope-

315 5107 545 5164 rationis
565 5147 580 5176 ,
603 5105 670 5163 ad
705 5121 874 5180 quam
903 5111 1016 5162 tota
1034 5107 1398 5162 communitas
1419 5120 1478 5162 se
1503 5103 1664 5162 debet
1685 5104 1904 5162 consor·

317 5213 493 5255 mare:
524 5213 629 5254 non
665 5202 1047 5270 potestantem
1071 5195 1265 5252 habere
1291 5194 1449 5252 talem
1473 5197 1734 5252 rationem
1757 5211 1906 5251 com·

317 5289 502 5350 munis
544 5287 799 5361 regulae,
841 5287 941 5344 nisi
980 5285 1197 5360 publice
1239 5285 1310 5344 sit
1347 5279 1620 5359 edita,‘ita
1649 5290 1768 5361 ut‘a
1795 5291 1908 5343 tota

473 5397 650 5444 Suana
661 5429 673 5450 ,
693 5397 752 5443 Dc
767 5397 953 5453 Lenibus
965 5417 1019 5428 —
1031 5396 1136 5441 Pars
1152 5395 1190 5440 1.

3351 347 3473 410 217

1965 485 2351 544 communitate
2388 485 2665 545 observari
2696 488 2883 560 possit.
2916 488 3051 544 Tum
3086 489 3245 546 etiam
3266 531 3281 562 ,
3313 489 3437 563 quia
3466 489 3550 546 lex

1967 578 2053 628 est
2075 575 2291 646 signum
2315 575 2607 634 voluntatis
2632 579 2909 651 principis,
2936 594 3044 652 qua
3066 578 3185 635 vult
3209 585 3376 635 totam
3399 595 3554 636 com-

1967 665 2284 722 munitatem
2326 682 2576 732 movere,
2620 674 2677 724 et
2716 667 2987 740 obligare,
3032 685 3162 742 ergo
3206 675 3452 742 oportet,
3494 675 3557 727 ut

1967 751 2074 810 tale
2095 753 2306 828 signum
2329 756 2607 828 publicum
2632 759 2721 813 sit.
2746 759 2897 815 Unde
2920 759 2997 830 fit,
3025 757 3389 817 conditionem
3414 759 3552 816 hanc

1968 842 2040 900 ita
2079 859 2200 901 esse
2242 847 2609 905 necessariam
2646 854 2703 904 et
2738 850 3091 905 intrinsecam
3130 849 3234 924 legi
3265 851 3552 920 humanae,

1967 941 2032 991 ut
2061 950 2171 991 non
2201 938 2373 1006 possit
2400 938 2682 1009 princeps,
2708 938 2913 994 etiamsi
2943 940 3087 1006 velit,
3112 938 3287 1012 legem
3317 939 3553 996 condere

1966 1025 2082 1084 sine
2123 1023 2306 1098 aliqua
2345 1025 2707 1098 publicatione
2741 1029 3115 1084 communitati
3146 1029 3558 1087 accommodata

1967 1121 2024 1170 et
2058 1112 2126 1170 de
2167 1129 2227 1171 se
2271 1114 2617 1189 sufficiente,
2658 1117 2905 1190 quamvis
2946 1116 3171 1174 modum
3200 1121 3317 1175 eius
3344 1120 3555 1176 variare

1969 1206 2158 1277 possit.
2196 1207 2332 1274 Quia
2374 1204 2506 1265 illud
2545 1207 2700 1278 prius
2728 1208 3021 1281 generatim
3050 1215 3106 1266 et
3132 1208 3377 1266 absolute
3408 1225 3557 1267 sum-

1967 1299 2122 1367 ptum
2161 1303 2249 1353 est
2287 1298 2407 1354 iure
2452 1299 2685 1357 naturali
2726 1301 3128 1371 necessarium,
3174 1306 3238 1357 ut
3276 1308 3558 1357 ostensum

1970 1392 2093 1441 est:
2125 1391 2320 1461 estque
2358 1389 2665 1445 communis
2702 1390 2972 1447 sententia
2999 1391 3275 1462 omnium,
3306 1405 3448 1463 quos
3474 1406 3561 1447 re-

1969 1469 2229 1534 feremus.
2256 1477 2446 1535 Solum
2470 1479 2642 1535 inveni
2664 1479 2809 1552 apud
2830 1479 3069 1554 selvam,
3089 1480 3155 1536 de
3178 1479 3353 1536 henes.
3376 1496 3432 1553 q.
3459 1485 3553 1551 22,

1965 1581 2025 1623 n.
2067 1570 2154 1640 14,
2188 1569 2338 1642 quod
2365 1572 2492 1626 sine
2520 1573 2847 1644 scriptura,
2882 1574 3008 1627 sine
3031 1569 3437 1645 publicatione
3461 1585 3565 1626 va-

1969 1654 2048 1712 let
2073 1655 2199 1725 lese,
2233 1663 2291 1715 et
2315 1658 2467 1732 ligat
2492 1663 2730 1730 statim,
2769 1664 2823 1718 si
2851 1659 3119 1717 conditor
3145 1660 3311 1724 velit,
3344 1665 3401 1716 et
3425 1660 3562 1716 citat

1966 1748 2211 1808 Glossam
2252 1751 2304 1806 in
2342 1751 2605 1810 Clement.
2654 1758 2711 1812 2.
2753 1751 2819 1810 de
2858 1752 3166 1810 haereticis.
3210 1758 3278 1810 At
3314 1767 3444 1808 vero
3472 1750 3563 1807 illa

1967 1839 2153 1897 Glossa
2194 1841 2250 1897 in
2290 1841 2458 1899 verbo
2488 1858 2564 1899 ea:
2592 1847 2765 1911 tunc,
2801 1858 2910 1900 non
2938 1845 3071 1900 dicit
3098 1843 3211 1900 sine
3240 1842 3557 1915 publicatio-

1967 1946 2064 2003 ne,
2095 1931 2190 1988 sed
2233 1933 2411 1988 statim
2452 1949 2483 1990 a
2521 1933 2987 2007 promulgatione,
3018 1933 3169 2008 quod
3196 1932 3355 2006 longe
3381 1930 3559 1989 diver-

1967 2035 2092 2077 sum
2117 2028 2231 2094 est,
2262 2028 2328 2079 ut
2351 2022 2487 2080 infra
2515 2023 2822 2080 declarabo.
2853 2025 3039 2097 Neque
3069 2024 3225 2080 aliter
3248 2023 3552 2097 loquuntur

1965 2108 2224 2169 doctores
2248 2111 2299 2167 in
2328 2112 2482 2170 rubr.
2508 2112 2577 2170 de
2598 2113 2813 2171 constit.
2840 2131 2981 2188 quos
3001 2115 3168 2171 etiam
3190 2113 3346 2170 Selva
3371 2113 3555 2170 refert.

1967 2199 2120 2258 Unde
2149 2202 2313 2260 etiam
2341 2202 2429 2259 ille
2451 2202 2590 2260 forte
2613 2204 2665 2260 in
2690 2202 2882 2261 eodem
2903 2221 3071 2262 sensu
3094 2204 3313 2262 locutus
3336 2213 3439 2277 est,
3466 2217 3564 2276 per

1968 2291 2391 2364 publicationem
2420 2293 2721 2367 intelligens
2750 2295 2925 2366 illam,
2957 2311 3097 2369 quae
3129 2296 3289 2368 longo
3318 2302 3562 2367 tempore

1967 2383 2054 2440 vel
2079 2390 2231 2440 certa
2258 2385 2595 2442 solemnitate
2623 2387 2711 2458 [ἥς
2736 2385 2871 2444 haec
2902 2387 3046 2443 enim
3076 2395 3257 2458 potest
3284 2403 3381 2459 per
3411 2388 3560 2458 prin-

1968 2475 2148 2545 cipem
2170 2473 2465 2546 immutari,
2500 2482 2558 2532 ut
2586 2475 2850 2534 dicemus.
2876 2475 3271 2549 Explicandum
3294 2493 3423 2533 vero
3452 2482 3559 2548 est,

1969 2579 2112 2636 quae
2151 2569 2207 2620 et
2242 2565 2418 2638 qualis
2446 2565 2641 2623 debeat
2665 2581 2785 2624 esse
2812 2566 2949 2624 haec
2991 2567 3306 2624 solemnitas
3336 2583 3435 2624 seu
3463 2582 3564 2640 pu·

1967 2653 2112 2712 blica
2154 2656 2488 2732 propositio,
2518 2671 2657 2730 quae
2694 2658 2835 2716 solet
2860 2659 3221 2717 communiter
3250 2658 3564 2732 promulga-

1968 2746 2042 2801 tio
2071 2747 2275 2803 vocari.

2047 2840 2102 2894 2.
2131 2838 2193 2892 ln
2234 2852 2345 2910 quo
2387 2839 2679 2895 Panormit.
2724 2839 2779 2895 in
2806 2855 2861 2895 c.
2902 2842 2951 2898 1.
2980 2837 3052 2895 de
3072 2837 3359 2913 postulat.
3382 2853 3566 2915 prae-

1970 2924 2080 2983 lat.
2111 2943 2168 2982 n.
2210 2929 2295 2984 10.
2326 2926 2639 3001 distinguit,
2670 2919 2810 2985 inte'r
2847 2927 3146 2986 solemnem
3184 2928 3475 2985 editionem
3504 2933 3561 2984 et

1970 3015 2243 3090 publicam
2275 3018 2791 3093 promulgationem,
2817 3026 2872 3075 et
2892 3019 3127 3091 priorem
3157 3025 3316 3092 putat
3341 3018 3565 3075 suffice-

1970 3121 2030 3162 re
2061 3105 2126 3162 ad
2159 3105 2515 3164 substantiam
2544 3095 2602 3164 e't
2648 3107 3028 3181 obligationem
3058 3109 3187 3180 legis
3216 3109 3329 3166 sine
3359 3123 3560 3165 secun·

1970 3195 2071 3268 da,
2101 3196 2231 3269 quia
2268 3199 2323 3252 in
2362 3197 2453 3254 illo
2494 3203 2650 3255 textu
2675 3197 2879 3256 dicitur
2908 3199 3009 3256 sub
3036 3199 3418 3257 distinctione:
3451 3200 3557 3256 So-

1973 3285 2249 3344 lemniter
2284 3285 2506 3354 editur,
2542 3293 2651 3345 aut
2682 3287 2915 3364 publice
2933 3287 3375 3364 promulqatur.
3407 3288 3563 3346 Unde

1973 3379 2076 3448 ait,
2107 3378 2556 3436 constitutionem
2599 3378 2840 3454 obligare
2877 3383 3055 3437 statim
3084 3396 3148 3438 ac
3178 3379 3489 3455 solemniter
3515 3378 3567 3434 in

1971 3468 2189 3543 publico
2230 3469 2461 3526 consilio
2502 3468 2709 3543 editur,
2756 3477 3047 3546 antequam
3088 3473 3157 3527 sit
3192 3470 3406 3544 publice
3434 3485 3563 3541 pro-

1973 3560 2243 3633 mulgata,
2275 3576 2339 3617 ac
2369 3560 2596 3618 subinde
2637 3562 3129 3636 promulgationem
3169 3562 3443 3636 publicam
3472 3579 3567 3619 so-

1971 3647 2086 3706 lum
2129 3652 2366 3723 requiri,
2398 3649 2615 3724 quando
2658 3651 2739 3710 lex
2769 3653 2882 3710 sine
2913 3653 3253 3711 solemnitate
3279 3652 3426 3711 edita
3453 3662 3560 3713 est.

1971 3739 2157 3798 Melius
2200 3749 2380 3798 tamen
2420 3740 2657 3814 dicitur,
2689 3743 2779 3800 illa
2813 3743 3118 3801 duo-verba
3146 3743 3568 3818 aequipollentia

1972 3847 2120 3904 esse,
2149 3839 2209 3890 et
2248 3831 2571 3904 particulam
2610 3839 2725 3890 aut
2764 3834 2995 3906 positam
3034 3849 3154 3891 esse
3200 3851 3296 3908 pro
3335 3853 3469 3899 seu.
3505 3844 3570 3895 ut

1973 3923 2284 3995 frequenter
2310 3923 2387 3980 tit.
2421 3921 2575 3979 Unde
2605 3923 2718 3978 fieri
2745 3939 2852 3979 non
2883 3931 3096 3997 potest,
3123 3931 3185 3983 ut
3212 3925 3296 3982 lex
3324 3926 3565 3984 humana

1973 4013 2195 4085 incipiat
2218 4027 2337 4069 esse
2361 4012 2469 4083 lex,
2496 4019 2551 4069 et
2577 4013 2687 4069 vim
2710 4012 2982 4086 obligandi
3008 4014 3221 4089 habeat,
3248 4016 3569 4090 priusquam

1974 4105 2046 4159 sit
2071 4103 2257 4176 aliquo
2285 4102 2447 4160 modo
2475 4102 2697 4174 publice
2726 4107 3091 4180 promulgata.
3124 4108 3259 4163 Nam
3282 4109 3327 4163 si
3353 4109 3570 4166 dicatur

1971 4191 2116 4251 edita
2157 4194 2501 4264 solemniter,
2533 4193 2713 4250 solum
2741 4195 2868 4266 quia
2893 4197 2947 4251 in
2976 4197 3195 4267 publico
3224 4197 3450 4254 consilio
3482 4213 3569 4254 re-

1972 4285 2057 4356 gis
2086 4290 2185 4340 aut
2210 4290 2525 4340 senatorum
2556 4284 2885 4355 reipublicae
2908 4289 3225 4359 conscripta
3248 4287 3331 4345 vel
3351 4287 3569 4345 delinita

1973 4381 2090 4447 est,
2123 4374 2231 4430 hoc
2260 4377 2371 4430 'non
2398 4380 2484 4430 est
2511 4375 2665 4448 satis,
2699 4381 2761 4433 ut
2786 4372 2855 4432 sit
2878 4376 2987 4448 lex,
3020 4377 3101 4434 vel
3132 4386 3194 4435 ut
3221 4380 3459 4453 obligare
3487 4381 3567 4436 in-

1975 4465 2143 4538 cipiat
2170 4467 2332 4522 etiam
2364 4472 2681 4539 praesentes
2706 4473 2762 4523 et
2790 4467 3020 4525 scientes
3040 4510 3055 4541 ,
3076 4471 3214 4543 quia
3242 4472 3556 4527 solemnitas

1974 4558 2238 4630 requisita
2264 4556 2331 4614 ad
2362 4558 2537 4632 legem
2566 4574 2673 4615 non
2700 4564 2911 4615 tantum
2933 4567 3019 4618 est
3044 4577 3110 4618 ex
3133 4569 3287 4634 parte
3311 4562 3560 4619 condito-

1975 4664 2132 4717 rum,
2167 4646 2263 4704 sed
2291 4649 2449 4704 etiam
2479 4651 2534 4704 in
2564 4647 2751 4705 ordine
2772 4648 2839 4705 ad
2864 4651 3343 4724 communitatem,
3367 4661 3423 4709 et
3442 4654 3564 4711 ideo

1975 4755 2084 4795 non
2110 4745 2197 4795 est
2221 4737 2301 4795 lex
2318 4775 2335 4810 ,
2357 4736 2533 4795 donec
2557 4734 2817 4810 re⁰spectu
2842 4742 3245 4798 communitatis
3268 4742 3432 4799 habet
3454 4749 3562 4799 sta-

1975 4834 2093 4885 tum
2121 4827 2281 4901 legis,
2314 4844 2414 4885 nec
2444 4829 2628 4901 incipit
2650 4829 2885 4902 obligare
2910 4831 3177 4904 singulos,
3202 4831 3373 4890 donec
3396 4834 3571 4906 possit

1978 4918 2429 4976 communitatem
2470 4920 2731 4993 obligare.
2766 4921 2923 4988 Quod
2962 4924 3161 4996 optime
3188 4924 3493 4995 explicatur
3518 4925 3572 4981 in

1977 5009 2195 5082 legibus
2221 5010 2379 5068 editis
2408 5011 2461 5066 in
2492 5009 2729 5082 generali
2759 5011 3025 5084 concilio,
3050 5013 3200 5070 nulla
3224 5015 3368 5070 enim
3391 5021 3571 5087 potest

1977 5117 2098 5160 esse
2121 5102 2416 5158 solemnior
2436 5101 2597 5158 editio
2619 5107 2745 5158 ante
2771 5103 3361 5176 promulgationem.et
3380 5105 3570 5161 nibilo-

1980 5194 2162 5249 minus
2185 5207 2291 5248 non
2316 5191 2544 5265 sufficit,
2570 5193 2667 5248 nisi
2689 5203 2953 5267 sequatur
2973 5195 3570 5267 promulgatio.Quam·

1979 5283 2064 5340 vis
2094 5297 2228 5356 ergo
2250 5279 2335 5340 lex
2358 5281 2429 5339 sit.
2445 5281 2595 5340 edita
2614 5282 2668 5340 in
2690 5287 2840 5358 regio
2862 5285 3100 5344 concilio
3118 5326 3133 5354 ,
3157 5293 3212 5342 et
3233 5285 3303 5342 ibi
3330 5288 3571 5344 omnium

3051 5391 3107 5437 ΞΒ
