4325 6267
850 350 969 414 100

846 489 998 547 Unde
1036 490 1393 546 confirmatur
1434 490 1658 547 assertio
1678 533 1692 560 ,
1735 492 1866 563 quia
1905 495 2131 562 peccata
2156 494 2353 545 contra

772 582 944 651 legem
981 578 1285 636 naturalem
1321 578 1581 637 dicuntur
1612 580 1666 636 111
1694 580 1979 651 Scriptura
2006 594 2131 635 esse
2157 584 2355 635 contra

770 668 1009 726 divinam
1048 668 1407 725 voluntatem.
1448 667 1601 726 Unde
1636 668 1925 725 Anselmus
1953 669 2005 723 in
2036 668 2129 725 lib.
2161 666 2235 723 de
2260 681 2357 723 vo-

763 758 997 815 luntate
1014 760 1124 813 Dei
1145 756 1290 814 dixit:
1320 762 1687 835 Quicumque
1702 756 1819 832 leyi
1838 756 2111 816 naturali
2129 756 2343 825 obviat,

763 849 877 903 Dei
901 844 1269 903 voluntalem
1287 864 1403 905 non
1424 852 1642 906 servat.
1668 848 1738 905 Et
1760 849 1981 922 signum
2006 847 2354 903 manifestum

762 941 879 1007 est,
910 935 1038 1008 quia
1070 942 1445 1009 transgressor
1472 938 1605 1011 legis
1630 937 1895 994 naturalis
1924 937 1978 993 in
2005 936 2184 993 divino
2215 935 2356 991 iudi-

764 1027 851 1083 cio
892 1025 1093 1099 dignus
1131 1032 1216 1082 est
1253 1042 1453 1099 poena3
1490 1042 1625 1101 ergo
1650 1032 1736 1084 est
1760 1033 2131 1100 transgressor
2162 1025 2358 1081 voluu-

766 1116 891 1172 tatis
913 1114 1141 1184 divinae,
1160 1131 1281 1173 nam
1304 1116 1393 1173 illb
1416 1132 1611 1175 servus
1634 1116 1907 1189 vapulabit
1928 1116 2137 1185 multis,
2152 1114 2358 1189 quido-

769 1205 895 1261 mini
920 1205 1250 1262 voluntatem
1273 1221 1379 1262 non
1401 1205 1552 1277 facit,
1576 1212 1641 1264 ut
1659 1206 1863 1264 dicitur
1892 1207 2075 1263 Lucae
2110 1210 2199 1278 123
2224 1218 2356 1276 ergo

767 1294 852 1351 lex
881 1294 1144 1351 naturalis
1170 1293 1405 1351 includit
1424 1296 1517 1353 Dei
1546 1296 1991 1353 voluntatem.·Et
2030 1309 2060 1349 e
2088 1308 2358 1351 converso

764 1383 981 1441 facienti
1010 1385 1351 1442 voluntatem
1393 1386 1485 1443 Dei
1526 1386 1860 1456 promittitur
1902 1400 2133 1458 regnum
2173 1383 2360 1440 caelo-

766 1490 925 1547 rum,
956 1475 1139 1531 llatth.
1175 1478 1231 1546 7,
1268 1482 1316 1535 1.
1344 1477 1489 1532 10811.
1517 1481 1578 1544 2,
1602 1475 1748 1549 quod
1778 1490 2003 1533 necesse
2028 1479 2113 1531 est
2141 1473 2353 1546 praeci·

2203 362 2404 411 unna
2435 364 2510 412 11.

2425 502 2516 545 mo
2543 490 2678 562 fieri,
2706 494 2764 547 ut
2786 498 2999 565 stupra,
3033 492 3322 564 adulteria,
3352 498 3462 549 etc.
3493 491 3697 549 clarius
3724 506 3792 549 ex
3827 490 3918 547 lib.
3963 494 4012 547 1.

2423 577 2496 637 de
2524 579 2687 637 liber.
2720 580 2852 639 arb.
2884 598 2936 639 c.
2967 586 3022 655 3,
3049 582 3138 639 ubi
3169 582 3410 639 Evodius
3432 584 3528 653 ait,
3553 581 3882 639 adulterium
3906 597 4016 637 non

2423 684 2543 725 esse
2573 670 2772 725 malum
2791 710 2807 740 ,
2838 671 2966 744 quia
2993 671 3114 745 lege
3145 670 3496 743 prohibitum,
3527 670 3622 728 sed
3651 686 3682 727 e
3710 686 4004 741 converso,

2424 759 2574 832 quod
2597 765 2832 829 August.
2849 761 3011 819 tacite
3034 761 3312 833 approbat.
3335 764 3400 817 Et
3420 760 3562 818 idem
3583 762 3824 818 sentiunt
3846 759 4014 815 scho-

2426 849 2628 919 lastici,
2660 850 2952 908 Durandus
2993 851 3046 908 in
3086 856 3152 920 2,
3183 852 3310 908 dist.
3345 853 3410 910 47
3439 890 3456 921 ,
3484 866 3541 924 q.
3573 852 3640 921 4,
3671 865 3825 907 num.
3861 852 3921 917 7,
3955 855 4012 920 8,

2424 940 2613 1009 88010,
2642 939 2881 1015 Gabriel,
2903 945 2961 997 et
2986 940 3071 997 alii
3101 941 3150 995 in
3180 945 3235 1011 3,
3263 940 3394 996 dist.
3431 943 3525 1011 37,
3555 945 3614 997 et
3636 941 3924 998 caietanus
3961 944 4010 997 1.

2426 1032 2482 1097 2,
2516 1044 2571 1100 q.
2614 1034 2739 1098 100,
2770 1034 2874 1086 art.
2919 1034 2967 1101 1,
2991 1032 3120 1086 Soto
3148 1029 3244 1086 lib.
3277 1036 3330 1089 2.
3363 1028 3436 1086 de
3460 1032 3604 1086 iusi.
3635 1046 3691 1103 q.
3727 1033 3782 1100 3,
3815 1036 3920 1085 art.
3953 1034 4012 1100 2,

2423 1116 2592 1173 etalii
2622 1116 2858 1190 theologi
2902 1133 3070 1191 supra
3087 1118 3256 1174 citati.
3283 1120 3488 1192 Estque
3532 1127 3716 1190 aperta
3752 1118 4018 1174 sententia

2424 1207 2728 1264 Aristotelis
2755 1214 2812 1267 2.
2845 1209 3039 1267 Ethic.
3071 1224 3194 1281 cap.
3229 1212 3282 1266 6.
3309 1208 3559 1265 dicentis:
3589 1210 3740 1265 Sunt
3762 1204 4022 1279 affectus

2425 1297 2711 1366 nonnulli,
2750 1301 2854 1372 qui
2879 1302 3152 1355 continuo
3169 1303 3404 1356 nontine
3425 1314 3532 1355 suo
3561 1302 3696 1354 sunt
3713 1314 3850 1354 cum
3863 1312 4014 1371 pra-

2425 1392 2606 1445 vitate
2635 1392 2900 1454 connexi,
2935 1395 3006 1446 ut
3031 1386 3463 1457 malevolentia,
3499 1384 3923 1461 imprudentia,
3957 1390 4016 1441 et

2425 1477 2781 1541 invidentia,
2812 1484 2870 1535 et
2908 1483 3078 1534 actus
3119 1476 3467 1543 identidem,
3515 1483 3583 1533 ιιι
3620 1474 4006 1537 adulterium.

769 1580 876 1639 pue
902 1564 1120 1637 intelligi
1139 1564 1205 1621 de
1230 1565 1506 1622 voluntate
1530 1564 1907 1637 praecipiente3
1932 1580 2059 1621 nam
2082 1564 2353 1635 scriptum
2409 1564 2676 1639 furtum,
2699 1565 3110 1626 homicidium.
3128 1572 3290 1625 Haec
3300 1570 3456 1624 enim
3469 1568 3768 1633 universa,
3785 1569 3842 1621 et
3863 1550 4020 1621 t'alia

765 1662 867 1713 est:
892 1658 961 1713 Si
977 1658 1067 1711 vis
1088 1653 1173 1713 ad
1190 1658 1375 1712 vitam
1401 1656 1651 1729 inqredss
1686 1670 1857 1711 serva
1882 1651 2210 1711 mandata:
2223 1667 2358 1724 ergo

764 1748 861 1820 qui
902 1751 1083 1802 servat
1118 1745 1423 1802 naturalem
1452 1745 1627 1818 legem
1649 1788 1665 1818 ,
1708 1744 1839 1800 facit
1878 1744 2210 1801 voluntatem
2241 1743 2354 1814 Dei3

766 1852 899 1909 ergo
921 1836 1003 1893 lex
1025 1833 1287 1891 naturalis
1307 1833 1537 1891 includit
1559 1833 1891 1891 voluntatem
1906 1832 1997 1889 Dei
2022 1831 2357 1904 praecipien-

768 1932 898 1983 tem.
911 1926 1275 1983 confirmatur
1287 1931 1582 1997 praeterea3
1599 1939 1725 1980 nam
1750 1922 2001 1979 voluntas
2018 1922 2176 1995 signi,
2192 1930 2357 1993 quam

768 2016 1007 2089 theologi
1028 2017 1085 2071 in
1106 2017 1216 2073 Deo
1238 2020 1467 2086 ponunt,
1491 2014 1653 2070 etiam
1673 2012 1986 2069 extenditur
2008 2011 2071 2067 ad
2100 2027 2188 2081 88,
2216 2024 2358 2083 quae

772 2113 903 2165 sunt
921 2107 1058 2161 iuris
1088 2104 1374 2177 naturalis,
1399 2110 1459 2159 ut
1479 2104 1715 2160 sumitur
1737 2119 1803 2159 ex
1824 2102 1880 2159 d.
1904 2102 2107 2159 Thema
2144 2106 2190 2159 1.
2218 2116 2272 2171 p.
2297 2115 2354 2173 q.

781 2200 869 2268 19,
899 2201 1005 2252 art.
1036 2194 1136 2251 ult.
1170 2209 1302 2250 cum
1322 2194 1579 2267 Magistro
1608 2199 1664 2250 et
1689 2193 1801 2261 aliis
1824 2194 1876 2248 in
1909 2198 1957 2265 1,
1982 2190 2038 2247 (1.
2063 2198 2169 2263 45,
2199 2199 2254 2247 et
2273 2196 2360 2246 est

768 2301 865 2358 per
885 2300 944 2342 se
972 2290 1187 2355 notum3
1202 2298 1329 2339 nam
1350 2284 1443 2356 qui
1468 2282 1634 2340 violat
1652 2283 1828 2357 legem
1854 2282 2179 2367 naturalem,
2209 2296 2240 2337 a
2260 2282 2352 2337 Dei

769 2376 1050 2433 voluntate
1080 2362 1306 2444 recedit,
1336 2377 1393 2429 et
1410 2372 1630 2446 quando
1650 2372 1883 2445 petimus
1912 2372 1963 2428 in
1991 2373 2234 2429 oratione
2257 2372 2362 2427 Do-

770 2467 987 2524 minica:
1016 2466 1155 2522 Fial
1178 2460 1601 2523 volunta-swa,
1628 2462 1789 2518 etiam
1812 2462 2067 2533 petimus,
2097 2468 2160 2516 ut
2187 2461 2278 2516 tiat
2305 2459 2356 2515 in

770 2554 1149 2613 observatione
1164 2554 1297 2625 legis
1312 2557 1442 2608 natu
1451 2551 1596 2624 ralist,
1612 2567 1745 2624 ergo
1757 2551 1838 2608 lex
1856 2550 2118 2608 naturalis
2134 2551 2186 2606 in
2202 2550 2357 2607 nobis

770 2646 1007 2703 existens
1033 2642 1359 2717 estsignum
1382 2641 1610 2698 alicuius
1635 2641 1932 2698 voluntatis
1955 2640 2066 2712 Dei;
2082 2655 2218 2715 ergo
2242 2654 2356 2697 ma·

770 2736 912 2792 xime
938 2732 1102 2804 illius,
1124 2748 1236 2806 qua
1265 2731 1382 2788 vult
1401 2746 1501 2787 nos
1522 2730 1757 2803 obligare
1778 2730 1847 2787 ad
1870 2730 2043 2803 legem
2070 2728 2222 2786 illam
2239 2744 2357 2787 ser-

768 2822 1033 2897 vandam3
1063 2835 1196 2895 ergo
1223 2822 1310 2878 lex
1332 2820 1597 2878 naturalis
1626 2820 1853 2878 includit
1880 2821 2023 2877 hanc
2052 2820 2145 2877 Dei
2171 2820 2360 2877 volun-

770 2920 957 2974 tatem.
989 2912 1356 2969 Confirmatur
1384 2910 1568 2979 tertio;
1598 2910 1725 2982 quia
1752 2918 2042 2983 peccatum
2066 2914 2264 2965 contra
2284 2908 2360 2965 le·

772 3019 894 3078 gem
936 3000 1244 3059 naturalem
1284 3005 1369 3057 est
1408 2998 1727 3056 offensivum
1770 3000 1899 3071 Dei,
1940 3005 1996 3055 et
2032 2997 2155 3055 inde
2199 2997 2361 3055 habet

772 3090 1069 3167 quamdam
1106 3091 1451 3159 infinitatem3
1484 3103 1615 3161 ergo
1656 3088 1875 3163 signum
1903 3095 1987 3145 est
2016 3104 2137 3145 esse
2165 3098 2360 3146 contra

774 3186 967 3253 Deum,
990 3187 1054 3237 ut
1074 3187 1269 3237 contra
1296 3178 1659 3251 legislatorem
1677 3198 1691 3247 3
1718 3181 1965 3236 continet
1982 3180 2126 3236 enim
2152 3180 2358 3235 virtua-

778 3272 883 3329 lem
913 3277 1291 3341 contemptum
1318 3270 1467 3340 eius,
1496 3282 1629 3340 ergo
1653 3267 1737 3325 lex
1767 3268 2025 3326 naturalis
2050 3270 2139 3325 Dei
2168 3269 2360 3325 volun-

784 3366 961 3417 tatem
995 3358 1253 3425 includit,
1287 3360 1412 3431 quia
1454 3344 1571 3413 sine
1596 3356 1874 3415 voluntate
1900 3374 2006 3414 non
2034 3365 2120 3415 est
2146 3357 2362 3432 legisla-

778 3450 873 3507 tio.
908 3450 1144 3521 Denique
1185 3448 1442 3521 obligatio
1485 3446 1619 3519 legis
1646 3447 1908 3502 naturalis
1938 3461 2069 3501 vera
2099 3445 2359 3518 obligatio

774 3544 889 3611 est,
935 3538 1069 3595 haec
1112 3544 1291 3595 autem
1334 3536 1589 3612 obligatio
1634 3535 1856 3609 aliquod
1898 3536 2099 3593 bonum
2141 3542 2229 3593 est
2257 3552 2360 3593 suo

778 3626 972 3698 modo,
1004 3629 1056 3681 in
1096 3642 1276 3683 rerum
1306 3634 1503 3683 natura
1528 3628 1797 3694 existen83
1829 3640 1961 3698 ergo
1988 3640 2216 3681 necesse
2241 3631 2355 3695 est,

755 3723 838 3787 ,ut
875 3715 1077 3772 illamet
1117 3714 1372 3788 obligatio
1419 3716 1490 3770 sit
1526 3728 1595 3771 ex
1633 3714 1812 3771 divina
1842 3712 2119 3770 voluntate
2147 3713 2361 3770 volente

778 3804 1233 3861 hominessteneri
1272 3802 1340 3861 ad
1382 3801 1431 3860 id
1460 3802 1820 3875 servandum,
1861 3802 2011 3875 quod
2038 3808 2193 3859 recta
2219 3804 2359 3859 ratio

772 3893 965 3951 dictat.

853 3967 917 4040 7.‘
940 3982 1070 4039 Dico
1113 3980 1390 4038 secundo:
1422 3985 1566 4039 Haec
1591 3982 1687 4038 Dei
1717 3980 2003 4049 voluntas,
2035 3980 2356 4054 prohibitio,

775 4079 873 4129 aut
912 4072 1221 4144 praeceptio
1264 4087 1369 4127 non
1410 4078 1493 4127 est
1536 4077 1649 4127 tota
1676 4072 1812 4133 ratio
1843 4070 2096 4127 bonitatis
2124 4076 2181 4126 et
2210 4070 2362 4127 mali-

774 4163 875 4220 tiae
896 4202 913 4234 ,
943 4176 1085 4235 quae
1111 4167 1199 4218 est
1226 4161 1278 4215 in
1306 4160 1683 4217 observatione
1711 4160 1794 4216 vel
1824 4161 2258 4233 transgressione
2287 4160 2362 4217 le-

772 4253 855 4326 gis
882 4251 1176 4322 naturalis,
1207 4250 1301 4307 sed
1333 4250 1592 4323 supponit
1617 4252 1673 4306 in
1702 4250 1831 4321 ipsis
1860 4250 2076 4307 actibus
2102 4266 2360 4307 necessa-

773 4342 911 4399 riam
943 4339 1237 4413 quamdam
1265 4340 1622 4411 honestatem,
1655 4339 1737 4395 vel
1766 4337 2184 4411 turpitudinem,
2214 4346 2271 4396 et
2295 4340 2360 4397 il·

774 4433 839 4489 lis
878 4430 1118 4503 adiungit
1170 4430 1458 4502 specialem
1507 4428 1644 4503 legis
1690 4427 1901 4485 divinae
1946 4427 2353 4502 obligationem.

772 4524 919 4579 Haec
948 4521 1177 4576 assertio
1206 4521 1443 4575 sumitur
1467 4534 1535 4575 ex
1556 4518 1611 4575 d.
1633 4517 1835 4574 Thoma
1863 4518 1999 4574 locis
2027 4534 2199 4591 supra
2221 4520 2364 4576 cita-

773 4614 861 4682 tis,
890 4616 947 4667 et
971 4607 1149 4683 quoad
1180 4612 1417 4681 priorem
1446 4615 1652 4681 partem
1684 4607 1961 4680 colligitur
1986 4624 2053 4666 ex
2082 4609 2171 4665 1110
2198 4625 2351 4667 com-

772 4700 923 4759 muni
964 4700 1231 4755 axiomate
1282 4696 1690 4770 theologorum,
1734 4696 2001 4771 quaedam
2042 4698 2186 4754 mala
2235 4714 2356 4755 esse

770 4790 1067 4865 prohibita,
1100 4790 1225 4861 quia
1253 4788 1414 4858 mala3
1441 4788 1483 4844 si
1510 4789 1653 4844 enim
1684 4788 2069 4859 prohibentur,
2094 4790 2222 4862 quia
2245 4806 2358 4847 ma·

774 4883 858 4951 la,
892 4897 995 4938 non
1040 4886 1271 4952 possunt
1295 4879 1520 4950 primam
1548 4878 1808 4935 rationem
1836 4878 2069 4935 malitiae
2100 4881 2354 4952 accipere

778 4988 807 5028 a
837 4970 1214 5045 prohibitione,
1246 4970 1376 5040 quia
1403 4968 1628 5024 effectus
1656 4983 1763 5024 non
1784 4975 1869 5025 est
1896 4969 2031 5025 ratio
2062 4984 2196 5025 suae
2225 4986 2356 5026 cau·

769 5075 883 5118 sae.
916 5062 1031 5117 Hoc
1072 5064 1251 5114 autem
1292 5058 1505 5112 axioma
1532 5055 1694 5113 habet
1720 5056 2132 5114 fundamentum
2162 5058 2214 5113 in
2244 5061 2356 5116 Au-

767 5152 986 5224 gustino
1008 5148 1102 5207 lib.
1130 5154 1183 5206 2.
1211 5146 1283 5201 de
1304 5160 1477 5201 serm.
1512 5147 1756 5201 Domini
1774 5148 1839 5202 in
1859 5152 2071 5211 monte,
2103 5162 2226 5219 cap.
2263 5154 2350 5221 18,

766 5241 861 5297 ubi
890 5242 996 5311 ait,
1026 5235 1293 5313 quaedam
1319 5250 1441 5293 esse
1463 5278 1478 5309 ,
1506 5249 1648 5308 quae
1676 5252 1781 5292 non
1813 5244 2047 5308 possunt
2072 5237 2214 5296 bono
2243 5239 2355 5296 ani-

2427 1655 2735 1718 dicuntur,
2768 1661 2914 1729 quia
2939 1660 3076 1731 ipsa
3098 1661 3238 1713 sunt
3262 1670 3486 1729 prava,
3521 1660 3631 1712 etc.
3665 1652 4015 1727 Fundarique

2429 1755 2606 1818 potest
2632 1748 2684 1805 in
2713 1747 2805 1804 illo
2834 1747 3204 1823 metaphysico
3231 1742 3760 1818 principio—Quod
3791 1750 4020 1799 naturae

2429 1850 2612 1893 rerum
2640 1836 2819 1910 quoad
2847 1851 2968 1892 esse
2995 1835 3260 1893 essentiae
3283 1840 3414 1891 sunt
3439 1833 3919 1901 immutabiles—,
3953 1840 4014 1889 et

2429 1932 2829 1999 consequenter
2869 1924 3029 1982 etiam
3071 1922 3251 1997 quoad
3281 1923 3738 1993 convenientiam,
3781 1923 3863 1978 vel
3903 1922 4016 1978 dis-

2428 2015 2855 2072 convenientiam
2902 2016 3298 2087 proprietatum
3339 2012 3703 2081 naturalium,
3733 2028 3858 2068 nam
3890 2011 4018 2068 licet

2429 2119 2517 2160 res
2545 2104 2724 2177 aliqua
2747 2104 2914 2175 possit
2935 2105 3138 2175 privari
3159 2102 3392 2160 naturali
3419 2101 3768 2174 proprietate,
3781 2100 3864 2157 vel
3883 2115 4018 2156 con-

2430 2196 2648 2250 trariam
2675 2194 2951 2265 accipere,
2980 2210 3088 2249 non
3120 2200 3298 2250 tamen
3325 2192 3436 2248 lieri
3465 2198 3669 2263 potest,
3702 2195 3764 2248 ut
3788 2190 3878 2247 ille
3905 2196 4016 2247 sta-

2429 2290 2522 2340 tus
2552 2284 2620 2340 sit
2647 2282 2719 2340 illi
2756 2284 3160 2354 connaturalis,
3191 2290 3254 2339 ut
3281 2281 3384 2339 late
3415 2280 3558 2338 Vtct.
3591 2281 3781 2338 relect.
3811 2278 3884 2337 de
3910 2280 4016 2337 Ιιο·

2425 2370 2628 2429 ηιίεὶά.
2659 2372 2715 2428 d.
2746 2377 2803 2443 4,
2832 2380 2888 2429 et
2913 2371 3290 2445 sequentibus,
3315 2378 3371 2429 et
3389 2372 3564 2444 attigit
3582 2374 3714 2427 soto
3739 2369 3858 2427 loco
3886 2384 4014 2441 pro-

2427 2464 2571 2517 xime
2599 2463 2788 2533 811810,
2818 2468 2874 2517 81
2901 2460 2968 2517 de
2995 2460 3241 2517 essentiis
3269 2461 3467 2516 creatis
3487 2458 3722 2515 diximus
3743 2457 3890 2528 disp.
3917 2460 4011 2515 31.

2431 2551 2698 2625 Melaph.
2743 2554 2798 2606 in
2830 2552 3004 2623 princ.
3035 2558 3090 2607 et
3119 2550 3212 2607 lib.
3247 2555 3300 2609 9.
3333 2549 3404 2610 de
3437 2551 3600 2606 Trin.
3633 2564 3756 2620 cap.
3791 2551 3845 2607 6.
3875 2549 4018 2606 Con-

2427 2642 2682 2699 firmatur
2721 2656 2752 2698 a
2793 2640 3108 2714 posteriori,
3152 2642 3279 2714 quia
3321 2641 3365 2695 si
3396 2637 3582 2696 odium
3611 2638 3702 2695 Dei
3734 2652 3784 2694 v.
3817 2652 3871 2709 g.
3903 2653 4016 2693 non

2428 2720 2656 2789 haber'et
2695 2731 2934 2805 aliquam
2961 2734 3227 2789 rationem
3255 2728 3580 2786 intrinsecae
3609 2727 3842 2785 malitiae
3871 2726 4016 2798 prio·-

2427 2836 2542 2878 rem
2583 2820 2986 2897 prohibitione,
3033 2825 3220 2893 posset
3258 2830 3364 2875 non
3407 2818 3714 2891 prohiberi;
3745 2833 3874 2875 118111
3910 2831 4018 2872 8111·

2427 2926 2533 2965 non
2574 2911 2800 2982 poterit,
2845 2912 2891 2966 si
2933 2925 3039 2966 non
3075 2916 3161 2966 est
3201 2908 3403 2965 malum
3429 2907 3498 2964 de
3527 2908 3624 2963 se?
3652 2908 3800 2979 Ergo
3827 2910 4019 2977 posset

2428 2999 2611 3068 licere,
2642 2998 2724 3055 vel
2755 3014 2875 3057 esse
2905 2997 3219 3068 honestum,
3243 2995 3394 3070 quod
3423 2996 3578 3069 plane
3604 3000 3893 3070 repugnat.
3922 2998 4023 3051 De-

2429 3090 2592 3161 nique
2621 3088 2760 3145 hanc
2790 3095 3002 3161 partem
3030 3086 3367 3143 sufficienter
3389 3088 3584 3159 probat
3606 3089 3740 3143 ratio
3761 3086 4019 3143 dubitan-

2427 3178 2480 3236 di
2519 3180 2570 3235 in
2614 3178 2874 3251 principio
2905 3178 3079 3251 posita
3105 3192 3236 3234 cum
3265 3176 3628 3233 fundamentis
3655 3178 3860 3249 primae
3887 3190 4013 3231 sen-

2428 3269 2624 3326 tentiae
2654 3271 2846 3341 positis
2875 3270 2929 3325 in
2963 3268 3126 3339 capit.
3163 3265 3416 3339 praeced.
3459 3268 3528 3323 Et
3566 3266 3726 3338 plura
3761 3266 4014 3321 dicemus

2429 3358 2716 3415 tractando
2744 3359 2810 3415 de
2838 3355 3352 3429 indispensabilitate
3380 3354 3545 3413 huius
3575 3356 3728 3429 legis.

2502 3446 2691 3515 Quoad
2724 3448 2970 3503 ultimam
2999 3462 3128 3502 vero
3157 3451 3364 3517 partem
3387 3445 3666 3519 colligitur
3687 3446 3920 3501 assertio
3940 3460 4013 3502 ex
4041 3466 4050 3518 ι

2426 3540 2586 3597 dictis
2611 3540 2661 3593 in
2687 3536 2854 3610 priori
2876 3535 3262 3608 conclusione3
3287 3551 3411 3591 nam
3435 3534 3520 3593 lex
3545 3534 3806 3592 naturalis
3831 3534 4016 3606 prohi-

2427 3630 2519 3685 bet
2558 3626 2677 3692 illa·,
2711 3634 2862 3698 quae
2900 3624 3207 3681 secundum
3248 3641 3307 3681 se
3351 3624 3492 3680 mala
3529 3630 3688 3696 suut,
3735 3622 3833 3679 sed
3877 3623 4014 3680 haec

2429 3718 2512 3775 lex
2538 3724 2624 3775 est
2652 3732 2781 3773 vera
2809 3716 2892 3773 lex
2922 3715 3105 3772 divina
3133 3730 3372 3787 veraque
3401 3713 3726 3786 prohibitio,
3755 3728 3890 3788 ergo
3919 3728 4018 3770 ne-

2427 3823 2594 3864 cesse·
2609 3812 2716 3877 est,
2748 3803 3004 3863 ut'addat
3027 3803 3267 3877 aliquam
3299 3803 3684 3877 obligationem
3717 3804 4006 3860 1118811111-

2429 3896 2522 3954 lud
2553 3896 2752 3953 malum
2777 3938 2792 3967 ,
2816 3895 2961 3969 quod
2989 3894 3058 3952 de
3086 3911 3146 3951 se
3171 3902 3231 3952 et
3253 3900 3453 3951 natura
3481 3910 3580 3950 sua
3608 3894 3714 3950 tale
3735 3901 3841 3951 est.
3875 3895 4014 3951 ltem

2429 3986 2554 4043 nihil
2597 3991 2888 4058 repugnat,
2920 3992 2984 4042 ut
3025 3984 3103 4041 rei
3144 3984 3213 4041 de
3239 3998 3298 4039 se
3326 3984 3584 4039 honestae
3613 3982 3845 4040 addatur
3874 3983 4014 4039 obli-

2428 4078 2574 4150 gatio
2612 4074 2841 4133 faciendi
2881 4074 3060 4145 illam,
3093 4088 3270 4145 neque
3299 4078 3360 4129 ut
3389 4074 3462 4129 rei
3489 4072 3557 4129 de
3583 4089 3644 4129 se
3673 4074 3818 4144 turpi
3845 4070 4016 4129 adda-

2431 4175 2521 4223 tur
2563 4164 2819 4237 obligatio
2862 4162 3062 4219 vitandi
3105 4161 3285 4233 illam3
3317 4163 3424 4217 imo
3451 4162 3715 4218 existente
3744 4176 3852 4217 una
3881 4160 4018 4217 obli-

2425 4257 2643 4327 gatione
2685 4259 2866 4325 potest
2903 4249 3028 4307 addi
3069 4250 3208 4321 alia,
3237 4251 3473 4307 maxime
3510 4250 3733 4307 alterius
3761 4252 4010 4320 rationis,

2427 4350 2488 4400 ut
2513 4350 2661 4415 patet
2687 4342 2755 4400 de
2785 4349 2934 4407 voto,
2959 4340 3027 4397 de
3056 4340 3174 4411 lege
3197 4339 3453 4410 humana,
3479 4347 3534 4397 et
3555 4340 3848 4409 similibus3
3873 4355 4010 4414 ergo

2425 4435 2589 4491 etiam
2631 4438 2810 4505 potest
2849 4432 2931 4487 lex
2973 4431 3268 4500 naturalis,
3311 4438 3373 4486 ut
3413 4436 3498 4487 est
3525 4445 3656 4485 vera
3692 4429 3778 4487 lex
3806 4429 4010 4502 divina,

2425 4524 2625 4581 addere
2667 4522 3052 4597 obligationem
3103 4522 3381 4593 propriam
3425 4520 3684 4578 moralem
3725 4526 3901 4576 ortam
3942 4535 4010 4575 ex

2427 4617 2712 4685 praecepto
2745 4612 2886 4668 ultra
2913 4608 3216 4667 naturalem
3249 4610 3343 4683 (ut
3369 4612 3450 4667 sic
3481 4608 3691 4683 dicam)
3722 4609 4002 4681 malitiam,

2427 4702 2508 4757 vel
2537 4700 2872 4757 honestatem
2895 4741 2908 4768 ,
2933 4714 3097 4772 quam
3121 4713 3185 4755 ex
3209 4713 3267 4755 se
3289 4698 3451 4755 habet
3478 4699 3702 4755 materia
3721 4740 3736 4769 ,
3759 4699 3814 4755 in
3835 4714 4004 4771 quam

2425 4791 2568 4849 cadit
2608 4789 2710 4846 tale
2750 4794 3122 4861 praeceptum.
3156 4791 3330 4860 Atque
3359 4788 3464 4844 hoc
3496 4790 3670 4861 magis
3699 4788 4000 4845 declarabi-

2429 4888 2517 4937 tur
2547 4881 2728 4936 statim
2761 4876 3138 4949 respondendo
3167 4875 3236 4931 ad
3268 4879 3529 4935 rationem
3557 4878 3908 4934 contrariam.

2504 4974 2556 5026 8.
2585 4970 2660 5024 Ex
2690 4967 2851 5024 dictis
2875 4981 3007 5039 ergo
3037 4964 3336 5035 concludo,
3365 4972 3422 5023 et
3446 4965 3568 5023 dico
3599 4969 3754 5023 tertio
3773 5008 3788 5039 ,
3823 4968 4002 5043 legem

2426 5056 2728 5115 naturalem
2768 5072 2889 5113 esse
2929 5071 3116 5112 veram
3144 5071 3209 5112 ac
3239 5057 3515 5128 propriam
3544 5057 3720 5129 legem
3747 5058 4008 5129 divinam,

2425 5148 2586 5205 cuius
2611 5146 2883 5219 legislator
2903 5153 2989 5202 est
3010 5148 3178 5202 Deus.
3202 5148 3346 5203 Haec
3369 5146 3601 5203 assertio
3626 5148 3874 5220 sequitur
3896 5150 4013 5207 cla-

2428 5252 2486 5294 re
2513 5252 2580 5295 ex
2605 5234 2798 5311 dictis,
2825 5241 2882 5292 et
2909 5234 3148 5293 sumitur
3171 5250 3240 5293 ex
3267 5234 3517 5309 patribus
3545 5235 3791 5310 allegatis
3810 5280 3825 5309 ,
3853 5246 3910 5296 et
3938 5255 4006 5297 ex
