4325 6267
1818 380 2029 434 cam
2052 382 2172 433 XV.

424 512 579 569 Duae
609 511 775 586 igitur
800 516 936 569 sunt
964 510 1272 583 opiniones:
1302 524 1435 581 una,
1463 524 1605 584 quae
1634 508 1940 568 doctrinam

344 601 531 659 datam
560 601 627 658 de
670 602 880 675 legibus
908 600 1153 659 civilibus
1191 608 1382 659 censet
1404 616 1527 659 esse
1566 598 1941 673 applicandam

346 690 417 748 ad
440 691 757 761 canonicas,
778 693 910 765 quia
934 691 1067 749 licet
1086 692 1139 747 in
1168 693 1467 750 canonibus
1491 692 1597 749 hoc
1617 703 1941 763 expressum

346 798 461 840 non
489 782 584 854 sit,
610 782 935 840 Anthemiou
965 779 1265 855 Utsactae
1282 798 1471 840 novae
1497 783 1940 838 constitutiones

344 870 667 930 extenditur
688 872 758 930 ad
787 872 935 947 leges
963 874 1253 930 canonicas
1282 878 1504 945 propter
1525 872 1667 929 illam
1698 870 1939 944 regulam

348 962 691 1037 generalem,
723 962 874 1036 quod
902 978 1011 1021 non
1038 961 1372 1021 contradicit
1398 961 1731 1033 canonibus,
1764 966 1820 1017 et
1844 976 1941 1033 po-

345 1053 457 1111 tius
486 1054 639 1111 iuvat
662 1052 820 1127 illos,
853 1054 904 1110 in
933 1068 1045 1126 quo
1072 1069 1206 1111 casu
1234 1055 1322 1111 ius
1358 1054 1686 1111 canonicum
1715 1053 1939 1109 iuvatur

344 1142 514 1214 civili,
545 1144 695 1201 iuxta
722 1158 847 1217 cap.
880 1146 929 1201 1.
962 1144 1029 1202 de
1058 1146 1183 1199 novi
1210 1159 1365 1217 oper.
1390 1144 1625 1201 nuntiat.
1650 1150 1707 1199 et
1733 1157 1855 1213 cap.
1870 1144 1939 1200 Si

340 1234 411 1289 in
434 1231 837 1301 adiutorium,
870 1232 996 1290 dist.
1035 1237 1121 1291 10.
1147 1234 1217 1290 Et
1258 1234 1441 1290 lavent
1468 1232 1633 1289 verba
1658 1232 1733 1290 Pii
1762 1232 1853 1287 lv.
1886 1232 1939 1287 in

340 1322 503 1380 Bulla
540 1338 643 1396 pro
669 1322 1012 1397 evulgatione
1037 1323 1252 1381 concilii
1279 1323 1574 1395 tridentini,
1605 1328 1669 1380 ut
1696 1322 1749 1378 in
1780 1335 1940 1393 supe·

341 1412 587 1470 rioribus
619 1413 913 1485 allegatum
940 1420 1045 1471 est.
1061 1414 1133 1470 Et
1160 1413 1227 1470 ita
1256 1414 1498 1471 sentiunt
1522 1413 1819 1471 Panormit.
1844 1414 1939 1468 Fe-

344 1500 445 1558 lin.
478 1508 535 1558 et
562 1502 655 1558 alii
680 1517 805 1575 cap.
838 1507 894 1563 2.
924 1500 992 1559 de
1018 1503 1241 1560 constit.
1274 1503 1509 1579 sylvest.
1540 1501 1732 1574 Angel.
1762 1505 1819 1557 et
1852 1500 1941 1556 alii

343 1591 515 1648 verbo
552 1589 681 1661 lex,
730 1594 959 1649 Navarr.
992 1608 1147 1650 cons.
1188 1597 1237 1650 1.
1271 1592 1339 1649 de
1378 1593 1599 1650 constit.
1635 1597 1846 1666 quaest.
1880 1595 1936 1665 4,

346 1682 514 1753 Soto,
548 1680 741 1739 Redin.
773 1688 830 1739 et
856 1680 944 1739 alii
969 1682 1149 1756 citati,
1178 1684 1273 1755 qui
1300 1683 1351 1739 in
1392 1682 1499 1739 hoc
1528 1682 1835 1739 indistincte
1863 1680 1942 1738 lo·

347 1781 606 1843 quuntur
636 1771 707 1829 de
747 1772 957 1846 legibus
992 1774 1275 1830 canonicis
1298 1779 1355 1829 et
1392 1771 1656 1831 civilibus.
1688 1774 1757 1830 Et
1793 1772 1939 1829 idem

340 1859 543 1919 docuit
568 1860 759 1919 Glossa
784 1863 839 1918 in
866 1876 991 1935 cap.
1023 1868 1073 1921 1.
1106 1860 1173 1919 de
1198 1877 1422 1919 conces.
1449 1860 1745 1934 praebend.
1769 1862 1937 1919 verbo

336 1956 479 2027 post
509 1956 767 2026 tempus}
802 1958 861 2009 et
896 1952 1090 2010 Glossa
1128 1951 1321 2009 ultima
1348 1952 1398 2009 in
1437 1951 1565 2010 data
1591 1952 1765 2024 Sexti,
1797 1966 1939 2027 quae

348 2042 576 2101 adducit
598 2045 724 2100 iura
749 2044 1019 2101 canonica
1045 2058 1238 2115 parum
1268 2043 1529 2117 urgentia.
1559 2044 1739 2099 Unum
1766 2051 1853 2101 est
1878 2057 1933 2099 c.

346 2133 453 2191 ult.
492 2148 561 2191 ne
599 2132 789 2191 cleric.
820 2132 905 2191 vel
944 2132 1201 2191 monach.
1234 2132 1331 2191 ubi
1367 2132 1603 2207 religiosi
1640 2132 1847 2208 egressi
1870 2148 1938 2190 ex

340 2224 468 2281 suis
496 2222 757 2281 claustris
784 2222 853 2281 ad
880 2222 1201 2282 audiendam
1231 2223 1550 2299 physicam,
1577 2222 1663 2280 vel
1692 2224 1777 2281 ius
1804 2223 1937 2281 civi-

342 2314 529 2389 le,nisi
552 2320 679 2387 post
695 2313 834 2371 duos
856 2329 1071 2373 menses
1092 2314 1160 2372 ad
1182 2313 1427 2371 claustra
1445 2313 1690 2387 redeant,
1715 2329 1935 2371 excom-

340 2404 712 2464 municantur.
738 2402 843 2461 Sed
868 2418 978 2461 non
1006 2402 1185 2462 estad
1212 2420 1351 2477 rem,
1376 2404 1503 2479 quia
1530 2404 1609 2461 illi
1638 2404 1749 2462 duo
1776 2419 1929 2461 men·

342 2510 433 2553 ses
460 2510 567 2553 non
605 2495 967 2568 requiruntur
1006 2493 1076 2552 ibi
1114 2493 1181 2551 ad
1220 2493 1599 2568 complendam
1627 2494 1765 2569 legis
1805 2510 1933 2567 pro-

342 2583 773 2659 mulgationem,
804 2583 898 2642 sed
940 2584 1139 2642 dantur
1165 2586 1322 2658 quasi
1350 2600 1447 2657 pro
1486 2583 1781 2642 sufficienti
1813 2600 1933 2641 mo-

342 2676 549 2733 nitione
576 2675 646 2732 ad
674 2673 1057 2732 incurrendam
1086 2690 1375 2733 censuram
1398 2717 1413 2746 ,
1445 2674 1590 2732 unde
1618 2675 1783 2733 etiam
1812 2682 1935 2747 post

340 2764 725 2838 longissimum
753 2770 967 2837 tempus
990 2779 1021 2821 a
1047 2764 1479 2839 promulgatione
1507 2764 1653 2821 illius
1681 2764 1814 2837 legis
1840 2780 1935 2823 ne·

344 2854 572 2913 cessarii
596 2859 727 2911 sunt
754 2853 826 2910 illi
854 2854 965 2912 duo
986 2868 1197 2911 menses
1216 2852 1283 2911 ad
1310 2854 1933 2911 excommunicationem

343 2943 491 3003 illam
530 2942 935 3015 incurrendam,
964 2950 1023 3001 et
1055 2941 1177 3001 ideo
1205 2949 1597 3015 computantur
1635 2958 1745 2999 non
1773 2958 1805 2999 a
1843 2942 1931 3001 die

345 3033 793 3109 promulgationis
829 3032 992 3106 legis,
1036 3032 1133 3089 sed
1159 3048 1193 3089 a
1228 3031 1316 3089 die
1344 3032 1623 3089 commissi
1662 3032 1928 3107 criminis,

344 3130 411 3183 ut
448 3124 558 3181 dixi
597 3125 654 3180 in
698 3128 749 3181 5.
792 3128 927 3180 tom.
969 3120 1041 3180 de
1086 3123 1335 3181 Censur.
1367 3120 1509 3195 disp.
1554 3127 1649 3193 22,
1692 3130 1829 3180 sect.
1865 3128 1922 3182 3.

344 3214 505 3273 Aliud
534 3220 731 3287 caput,
762 3212 913 3287 quod
939 3212 1106 3285 citat,
1137 3220 1225 3269 est
1252 3227 1377 3285 cap.
1410 3214 1676 3279 Noverit,
1712 3212 1778 3271 de
1806 3229 1929 3271 sen·

348 3310 485 3361 tent.
503 3304 959 3361 excommunicat.
985 3301 1083 3359 sed
1108 3309 1195 3359 est
1219 3302 1391 3359 simile
1414 3301 1775 3376 praecedenti,
1802 3319 1929 3362 nam

346 3394 399 3451 in
418 3410 485 3451 eo
512 3394 1083 3464 excommunicantur,
1106 3392 1235 3465 quia
1252 3392 1388 3449 infra
1407 3391 1551 3450 duos
1580 3408 1794 3451 menses
1814 3409 1924 3473 non

344 3482 533 3541 delent
556 3482 627 3541 de
665 3481 1055 3555 capitularibus
1080 3488 1283 3540 statuta
1325 3482 1647 3541 immunitati
1674 3483 1936 3542 ecclesia-

346 3575 515 3631 sticae
539 3574 833 3631 contraria.
862 3572 1020 3641 Quod
1048 3578 1264 3645 tempus
1293 3586 1405 3628 non
1437 3571 1757 3645 designatur
1799 3589 1925 3644 pro·

346 3670 469 3737 pter
494 3665 635 3738 legis
657 3663 1175 3737 promulgationem,
1190 3661 1285 3719 sed
1306 3677 1405 3735 pro
1431 3660 1795 3721 admonitione
1816 3664 1930 3723 sul-

344 3756 565 3812 ficiente
588 3754 659 3812 ad
696 3751 1079 3811 incurrendam
1115 3752 1540 3810 contumaciam.
1569 3753 1811 3812 Tertium
1849 3762 1935 3813 est

348 3851 523 3917 caput
550 3844 785 3917 primum
812 3841 882 3900 de
907 3844 1251 3899 concession.
1281 3840 1573 3915 praebend.
1595 3843 1645 3900 in
1677 3846 1729 3903 6.
1762 3846 1835 3903 At
1861 3844 1930 3901 ibi

344 3935 403 3993 in
431 3942 589 3993 textu
610 3934 743 3990 nihil
767 3932 973 3990 dicitur
989 3931 1057 3988 de
1076 3931 1295 3991 duobus
1324 3933 1624 4006 mensibus,
1644 3932 1739 3992 sed
1764 3935 1818 3991 in
1840 3951 1933 4008 ge·

348 4038 477 4083 nere
502 4022 736 4082 dicitur:
766 4024 907 4080 Nisi
936 4026 1069 4096 post
1094 4028 1351 4098 tempus,
1384 4021 1555 4093 infra
1579 4023 1733 4098 quod
1766 4028 1933 4099 iquo-

344 4130 493 4173 rare
518 4116 763 4171 minime
788 4109 1142 4169 debuissent.
1174 4111 1330 4180 Quod
1356 4129 1465 4170 non
1490 4120 1703 4186 oportet
1728 4115 1932 4174 referre

342 4204 419 4265 ad
448 4205 588 4263 duos
614 4217 859 4271 menses,
890 4202 985 4261 sed
1012 4200 1081 4261 ad
1110 4201 1334 4260 modum
1363 4202 1629 4276 obligandi
1656 4204 1793 4279 legis
1814 4205 1932 4265 hu·

344 4308 541 4353 manae
565 4308 634 4352 ex
673 4293 789 4367 ipsa
826 4293 905 4350 rei
942 4298 1163 4367 natura,
1206 4298 1271 4349 ut
1306 4293 1363 4349 in
1402 4293 1750 4366 praecedenti
1790 4294 1928 4354 libro

346 4384 633 4459 explicavi.

424 4476 768 4548 Quapropter
787 4473 1111 4531 contrariam
1132 4474 1447 4531 sententiam
1469 4478 1653 4532 tenent
1670 4490 1777 4534 non
1799 4491 1932 4549 pau·

348 4567 401 4624 ci
425 4565 665 4639 theologi
684 4562 949 4632 moderni,
964 4563 1179 4621 scilicet
1196 4565 1251 4620 in
1272 4562 1481 4637 legibus
1502 4564 1776 4623 canonicis
1796 4582 1931 4639 pon-

349 4656 535 4714 tificiis
574 4669 685 4712 non
722 4668 841 4712 esse
876 4652 1243 4710 necessarium
1272 4661 1497 4726 tempus
1524 4653 1759 4713 duorum
1784 4672 1933 4713 men·

348 4748 521 4804 sium.
544 4747 694 4813 Quae
732 4743 995 4801 sententia
1029 4741 1157 4799 mihi
1186 4740 1339 4800 valde
1374 4742 1665 4823 probabilis
1692 4743 1929 4817 videtur,

346 4842 406 4895 et
428 4835 667 4895 multum
692 4848 1033 4907 consequens
1061 4832 1129 4890 ad
1158 4848 1223 4889 ea
1242 4874 1258 4907 ,
1287 4834 1509 4906 quaein
1534 4833 1697 4906 priori
1726 4840 1931 4905 puncto

347 4925 515 4983 huius
543 4926 740 4997 capitis
767 4924 1022 4982 diximus.
1044 4924 1180 4979 Nam
1204 4924 1249 4979 si
1278 4921 1409 4980 illud
1437 4929 1655 4994 tempus
1675 4929 1821 4981 esset
1838 4937 1932 4980 ne-

348 5016 677 5087 cessarium,
706 5016 937 5071 maxime
965 5018 1187 5085 propter
1213 5011 1362 5070 illam
1388 5012 1775 5086 authenticam,
1804 5014 1933 5086 qula

350 5120 454 5164 nec
496 5104 563 5161 de
605 5105 719 5161 iure
760 5111 1013 5174 naturae,
1042 5117 1143 5160 nec
1170 5102 1238 5159 de
1264 5103 1531 5161 canonico
1557 5104 1931 5161 necessarium

348 5203 465 5269 est,
506 5201 570 5252 ut
607 5209 674 5251 ex
709 5192 870 5250 dietis
909 5198 1155 5266 constat,
1196 5191 1285 5250 illa
1312 5208 1441 5253 vero
1470 5196 1797 5253 Anthentica
1824 5209 1931 5251 non

348 5292 501 5347 recte
530 5284 838 5359 applicatur
865 5282 931 5341 ad
958 5284 1103 5358 leges
1128 5286 1443 5345 canonicas.
1468 5286 1585 5343 Duo
1604 5286 1745 5345 enim
1767 5288 1817 5345 in
1836 5284 1931 5345 illa

3395 366 3522 432 359

2012 508 2411 583 disponuntur:
2456 523 2630 567 unum
2670 514 2757 565 est
2795 506 2861 565 de
2892 506 3332 582 promulgatione
3359 509 3600 568 iteranda

2010 600 2060 656 in
2090 600 2313 673 singulis
2337 600 2652 673 provinciis,
2667 598 2812 655 aliud
2834 599 2902 656 de
2925 598 3176 658 dilatione
3196 600 3431 658 duorum
3451 616 3605 658 men·

2010 691 2187 763 sium,
2231 692 2360 763 quia
2395 692 2446 747 in
2491 704 2822 764 unaquaque
2848 689 3128 761 provincia
3153 696 3544 762 computantur
3571 706 3604 747 a

2009 779 2446 854 promulgatione
2484 782 2541 837 in
2582 796 2648 837 ea
2685 779 2848 837 facta.
2875 777 2981 837 Sed
3015 779 3107 836 illa
3132 778 3217 837 lex
3245 779 3429 855 quoad
3456 781 3600 853 prio·

2008 884 2125 926 rem
2174 874 2387 941 partem
2431 886 2539 927 non
2587 875 2674 926 est
2722 875 3012 943 acceptata
3046 885 3078 926 a
3112 871 3460 928 Pontificibus
3502 887 3632 943 pro.

2010 962 2125 1017 suis
2152 959 2393 1033 legibus3
2419 976 2550 1033 ergo
2579 974 2679 1017 nec
2709 957 2889 1033 quoad
2919 961 3295 1033 posteriorem.
3321 962 3590 1020 Probatur

2008 1051 2396 1124 consequentia
2413 1093 2428 1122 ,
2465 1058 2583 1107 tum
2611 1050 2738 1123 quia
2767 1064 2874 1107 non
2904 1051 3075 1125 magis
3102 1058 3318 1109 constat
3342 1050 3410 1109 de
3437 1067 3596 1111 acce·

2006 1140 2246 1212 ptatione
2273 1139 2588 1213 posterioris
2613 1140 2804 1210 partis.
2832 1155 2999 1212 quam
3027 1140 3249 1216 prioris;
3280 1141 3330 1197 in
3361 1148 3592 1216 utraque

2006 1229 2151 1287 enim
2189 1245 2386 1288 verum
2412 1236 2529 1303 est,
2561 1228 2848 1287 Pontifices
2875 1244 2982 1285 non
3011 1229 3349 1301 declarasse,
3371 1231 3512 1289 velle
3539 1246 3598 1288 se

2008 1319 2296 1377 admittere
2337 1320 2484 1394 leges
2521 1320 2707 1376 civiles
2747 1334 2848 1391 pro
2889 1318 3049 1376 modo
3077 1319 3310 1391 serendi,
3341 1321 3424 1377 vel
3451 1320 3590 1378 obli·

2006 1409 2170 1484 gandi
2195 1409 2502 1467 Ecclesiam
2538 1424 2632 1483 per
2668 1425 2798 1467 suas
2837 1410 3018 1484 leges,
3047 1408 3144 1466 sed
3173 1410 3352 1468 solum
3381 1412 3432 1467 in
3461 1410 3596 1468 iudi·

2006 1500 2105 1557 ciis
2142 1500 2480 1573 forensibus,
2519 1501 2612 1557 ubi
2659 1500 2802 1573 leges
2839 1502 3130 1558 canonicae
3158 1501 3436 1576 deessent3
3481 1508 3598 1559 tum

2006 1592 2172 1649 etiam
2213 1592 2342 1665 quia
2383 1590 2779 1647 consuetudine
2819 1597 3100 1661 receptum
3132 1606 3240 1647 non
3267 1596 3383 1664 est,
3426 1598 3488 1647 ut
3515 1598 3596 1647 te-

2008 1688 2224 1739 stantur
2249 1670 2445 1755 graves
2471 1688 2749 1750 auctores3
2776 1688 2831 1736 et
2858 1680 3164 1752 specialiter
3184 1681 3430 1753 vasquez
3449 1680 3591 1753 disp.

2016 1776 2143 1844 156,
2173 1786 2225 1828 c.
2261 1776 2315 1829 3.
2349 1787 2479 1829 cum
2507 1770 2754 1843 emphasi
2781 1769 2931 1841 dicit,
2965 1786 3023 1827 se
3050 1770 3252 1827 audere
3281 1769 3332 1826 id
3359 1768 3600 1827 affirma-

2006 1876 2088 1918 re.
2114 1862 2394 1919 Navarrus
2433 1867 2618 1918 autem
2658 1860 2794 1917 dicit
2829 1858 2899 1917 de
2925 1857 3343 1930 consuetudine,
3375 1866 3430 1917 et
3455 1859 3596 1936 stylo

2007 1950 2061 2007 in
2088 1950 2234 2009 Urbe
2263 1951 2492 2024 servari,
2517 1956 2580 2006 ut
2601 1948 3059 2022 transgredientes
3081 1948 3255 2023 legem
3275 1951 3450 2023 Papae
3471 1956 3599 2007 ante

2005 2040 2147 2099 duos
2171 2057 2386 2099 menses
2411 2056 2447 2097 a
2471 2040 2908 2115 promulgatione
2929 2040 3227 2111 puniantur
3251 2044 3363 2097 non
3392 2040 3593 2114 solum,

2005 2132 2099 2206 qui
2140 2130 2447 2203 probantur
2487 2129 2708 2187 solvisse
2747 2129 3267 2204 promulgationem,
3309 2130 3404 2189 sed
3433 2132 3596 2190 etiam

2005 2224 2102 2297 qui
2126 2238 2238 2279 non
2265 2220 2535 2295 probavit,
2564 2219 2714 2277 illam
2741 2220 3041 2294 ignorasse.

2081 2312 2246 2372 Addit
2267 2327 2393 2369 vero
2415 2313 2644 2369 Navarr.
2670 2310 2805 2368 haec
2828 2310 3014 2367 verba:
3046 2314 3216 2387 Quae
3234 2310 3588 2369 consuetudo

2000 2406 2288 2477 restringi
2299 2400 2467 2475 sorte
2487 2406 2684 2477 posset
2710 2398 2793 2458 ad
2803 2397 3022 2473 sorum
3047 2404 3286 2457 tantiam
3309 2405 3591 2463 exter-tus.

2002 2498 2059 2551 et
2081 2492 2402 2551 urbicolas.
2434 2492 2539 2552 Sed
2578 2492 2724 2564 prior
2753 2490 3028 2548 restrictio
3067 2507 3174 2548 non
3214 2491 3430 2549 videtur
3457 2493 3590 2550 mihi

2002 2584 2194 2641 rationi
2227 2591 2612 2641 consentanea.
2646 2580 2931 2649 Quomodo
2969 2582 3114 2639 enim
3150 2582 3293 2639 iuste
3335 2584 3592 2673 puniren-

2002 2680 2092 2733 tur
2126 2673 2206 2732 illi
2241 2666 2499 2748 tanquam
2538 2672 2668 2746 legis
2695 2678 3152 2745 transgressores,
3181 2672 3284 2728 nisi
3313 2688 3593 2746 suppone·

2000 2772 2157 2822 retur
2195 2764 2282 2823 lex
2327 2765 2432 2821 iam
2479 2778 2576 2836 pro
2616 2762 2708 2820 illo
2752 2768 2996 2833 tempore
3041 2760 3318 2835 obligare?
3344 2762 3420 2820 lbi
3449 2764 3592 2821 enim

1998 2853 2306 2912 nonhabet
2344 2854 2526 2911 locum
2556 2853 2926 2925 praesumptio
2954 2872 2971 2923 ς
3009 2866 3136 2908 nam
3162 2860 3319 2910 certo
3345 2860 3590 2926 constat,

2000 2942 2244 3001 nondum
2293 2959 2416 3001 esse
2459 2941 2705 3017 elapsum
2753 2947 2969 3013 tempus
3016 2942 3257 3000 duorum
3293 2943 3585 3002 mensium.

1998 3034 2230 3107 Ergo-si
2265 3032 2442 3091 sciens
2479 3032 2653 3107 legem
2690 3030 2963 3088 iudicatur
2991 3038 3054 3089 ut
3080 3038 3489 3107 transgressor,
3519 3050 3586 3093 ex

2000 3125 2151 3183 nulla
2185 3123 2620 3196 praesumptione
2657 3121 2964 3195 iudicatur,
2996 3121 3092 3180 sed
3119 3138 3187 3180 ex
3215 3128 3365 3180 certa
3392 3124 3588 3195 proba·

1962 3224 1978 3237 ·
2000 3216 2141 3272 tione
2179 3213 2390 3283 delicti3
2432 3218 2487 3271 et
2525 3211 2568 3268 si
2601 3213 2860 3285 ignorans
2887 3212 3255 3284 praesumitur
3281 3218 3590 3288 transgres-

1999 3303 2258 3378 sor,dum
2287 3318 2396 3360 non
2427 3301 2620 3375 probat
2644 3302 3022 3375 ignorantiam,
3050 3302 3185 3359 haec
3208 3306 3587 3377 praesumptio

1999 3396 2262 3467 supponit
2285 3399 2495 3451 certam
2521 3391 2924 3465 obligationem,
2949 3398 3066 3449 tum
3093 3392 3258 3466 legis,
3278 3399 3399 3452 tum
3422 3396 3587 3453 etiam

1998 3482 2204 3542 sciendi
2229 3482 2374 3541 illam
2402 3492 2528 3541 ante
2553 3480 2696 3540 duos
2725 3496 2963 3553 menses,
2985 3482 3116 3540 alias
3143 3482 3414 3543 immerito
3434 3499 3592 3557 prae·

2002 3580 2318 3632 sumeretur
2343 3570 2654 3645 culpabilis,
2683 3571 2793 3644 vel,
2820 3570 2970 3645 quod
2997 3572 3215 3645 perinde
3243 3582 3349 3648 est,
3381 3575 3593 3648 punibi-

2001 3665 2067 3722 lis
2094 3664 2423 3740 ignorantia3
2446 3661 2539 3719 illa
2563 3676 2700 3733 ergo
2723 3662 3066 3719 consuetudo
3093 3666 3280 3735 aperte
3307 3666 3590 3739 supponit,

2000 3754 2177 3829 legem
2211 3753 2358 3811 illam
2383 3751 2622 3825 obligare
2646 3753 2850 3808 Romae
2879 3756 3004 3809 ante
3032 3750 3174 3810 duos
3202 3768 3436 3811 menses.
3472 3756 3587 3815 Nec

1998 3850 2182 3919 potest
2223 3842 2524 3917 suppositio
2572 3856 2692 3899 esse
2730 3841 2898 3911 falsa,
2937 3843 3067 3915 quia
3104 3858 3212 3899 non
3240 3843 3505 3903 fundatur
3535 3846 3590 3902 in

1999 3934 2469 4008 praesumptione,
2501 3930 2595 3988 sed
2622 3932 2676 3987 in
2705 3928 2984 3990 voluntate
3011 3932 3307 4008 Pontificis;
3337 3936 3469 4008 quia
3494 3951 3591 3993 ne·

1998 4039 2108 4099 que
2134 4022 2274 4081 haec
2301 4026 2485 4095 potest
2511 4020 2676 4077 latere
2705 4035 2960 4077 romanos
2987 4019 3230 4096 iudices,
3269 4040 3448 4097 neque
3477 4025 3589 4098 ipae

1998 4113 2247 4173 Pontifex
2285 4116 2466 4183 potest
2501 4111 2756 4183 ignorare
2793 4109 3028 4183 qualiter
3054 4127 3186 4170 suae
3212 4113 3358 4189 leges
3384 4118 3589 4175 Romae

1997 4204 2205 4263 servari
2232 4208 2534 4276 cogantur,
2563 4206 2621 4259 et
2644 4199 2900 4275 sciendo,
2933 4217 2997 4259 ac
3026 4204 3258 4262 tacendo
3283 4208 3580 4281 consentit,

1997 4296 2240 4367 satisque
2275 4289 2540 4370 ostendit,
2579 4306 2638 4347 se
2672 4290 2812 4349 nolle
2847 4293 2932 4349 uti
2957 4291 3304 4366 dispositione
3331 4294 3461 4370 legis
3485 4298 3587 4354 im-

1995 4384 2214 4458 perialis
2240 4424 2255 4455 ,
2297 4380 2392 4438 sed
2432 4395 2534 4437 sua
2557 4421 2573 4454 ,
2616 4378 2806 4439 saltem
2842 4396 2944 4453 pro
2982 4383 3159 4440 curia.
3193 4384 3373 4442 Posita
3399 4391 3584 4445 autem

1996 4490 2129 4533 vera
2165 4470 2518 4546 obligatione,
2549 4468 2602 4526 in
2648 4468 2750 4528 illis
2787 4469 2996 4544 legibus
3025 4471 3368 4545 impertinens
3395 4482 3480 4533 est
3505 4476 3588 4534 di-

1996 4563 2217 4621 stinctio
2245 4561 2312 4619 de
2339 4560 2462 4619 foro
2487 4560 2698 4621 interno
2716 4566 2770 4616 et
2789 4569 3036 4633 externo,
3060 4563 3190 4636 quia
3211 4561 3296 4622 lex
3321 4568 3588 4625 canoniea

1995 4654 2229 4713 maxime
2261 4650 2466 4724 obligat
2495 4651 2550 4707 in
2587 4649 2707 4707 loro
2735 4650 2979 4721 interno,
3014 4659 3076 4709 ut
3102 4653 3283 4711 statim
3309 4653 3580 4729 dicemus,

1997 4751 2055 4803 et
2097 4744 2348 4802 Ecclesia
2380 4757 2488 4798 non
2531 4739 2688 4813 punit
2724 4740 2828 4796 nisi
2867 4748 3086 4814 propter
3113 4743 3333 4816 culpam
3374 4754 3469 4805 aut
3493 4762 3586 4804 ve-

2000 4850 2116 4893 ram
2151 4838 2249 4891 aut
2273 4836 2696 4906 praesumptam3
2716 4836 2947 4905 utraque
2967 4838 3152 4891 autem
3173 4838 3430 4909 supponit
3447 4837 3580 4896 obli·

1998 4924 2264 4999 gationem
2292 4922 2424 4995 legis
2453 4920 2504 4977 in
2532 4920 2888 4978 conscientia.

2072 5015 2254 5071 Altera
2282 5028 2410 5069 vero
2439 5009 2712 5069 restrictio
2737 5010 2993 5085 Navarri,
3023 5013 3234 5073 scilicet
3259 5016 3329 5075 ad
3359 5014 3583 5078 urbico-

1997 5103 2100 5177 las,
2123 5119 2231 5161 non
2254 5109 2340 5160 est
2362 5101 2518 5172 iuris,
2543 5098 2638 5157 sed
2661 5100 2810 5173 lacti,
2834 5108 2890 5159 et
2917 5099 2984 5159 ab
3009 5106 3128 5177 ipso
3157 5121 3266 5163 non
3287 5106 3576 5185 probatur,

1999 5196 2111 5253 imo
2131 5210 2234 5251 nec
2262 5190 2576 5266 simpliciter
2603 5192 2890 5267 asseritur,
2915 5192 3009 5250 sed
3037 5195 3142 5252 sub
3169 5198 3433 5270 particula
3445 5197 3582 5272 for-

2000 5288 2072 5355 te,
2102 5299 2204 5343 nec
2233 5298 2330 5360 per
2350 5297 2408 5341 se
2435 5287 2520 5341 est
2545 5280 2785 5341 multum
2807 5284 3131 5343 verisimilis.
3157 5288 3287 5346 Nam
3309 5288 3357 5347 si
3377 5288 3459 5349 lex
3481 5305 3582 5369 pu-
3683 5302 3690 5317 ·
