4325 6267
1707 382 1921 434 CAPUT
1946 383 2069 433 vn.

836 501 1116 574 CAPUT
1146 503 1303 574 vn.
1388 476 1393 481 ’

338 702 556 761 Utrum
576 704 839 777 potestas
865 699 1160 759 condendi
1186 700 1338 774 lepis
1360 700 1798 763 ecclesiasticas

595 807 673 851 επ
698 791 957 851 moribus
986 796 1093 850 aut
1104 790 1237 867 fide
1252 792 1532 869 pendeat.

823 958 1309 1024 summarium

282 1134 328 1184 l.
354 1128 699 1183 Fundamenta
727 1130 1124 1184 haereticorum.
1147 1160 1217 1171 -—
1233 1132 1285 1185 2.
1324 1133 1539 1197 Quidam
1572 1134 1868 1199 opinantur,

342 1208 646 1268 potestatem
664 1202 913 1253 condendi
931 1203 1072 1267 leges
1090 1204 1467 1255 ecclesiasticus
1485 1217 1597 1257 esse
1616 1205 1689 1255 ita
1701 1205 1753 1254 in
1770 1203 1872 1255 tide

342 1272 623 1335 fundatam,
654 1278 711 1323 ut
736 1274 804 1325 ab
827 1285 887 1323 ea
912 1272 1243 1337 pendeat..—
1258 1274 1409 1327 Fides
1432 1282 1512 1325 est
1536 1275 1699 1327 totius
1722 1275 1873 1339 spiri-

346 1345 499 1395 tualis
522 1342 741 1395 aedilicii
772 1342 1293 1397 fundamentum—a&
1319 1346 1583 1397 Contraria
1615 1346 1873 1399 sententia

343 1420 421 1464 est
445 1420 607 1465 certa.
634 1442 703 1451 —
720 1414 775 1465 4.
804 1414 911 1465 Νοιι
936 1414 1092 1465 habet
1118 1415 1379 1479 praedicta
1404 1422 1629 1481 potestas
1651 1416 1873 1480 aliquam

344 1498 459 1535 cum
483 1484 759 1535 sanctitate
778 1486 1156 1536 connexionem.
1171 1514 1240 1523 —
1258 1487 1310 1537 5.
1331 1486 1559 1537 Secunda
1588 1487 1870 1538 conclusio:

290 1598 295 1603 .
346 1555 477 1605 Haec
502 1561 729 1619 potestas
742 1568 841 1607 non
862 1554 1048 1618 pendet
1072 1557 1419 1608 essentialiter
1441 1570 1503 1607 ex
1524 1556 1619 1607 lide
1638 1556 1875 1607 habentis

344 1626 503 1689 ipsam
522 1625 975 1688 potestatem—6.
990 1626 1081 1676 Est
1104 1627 1383 1677 multorum
1402 1628 1676 1689 sententia,
1690 1628 1875 1691 Papam

346 1695 665 1747 haereticum
683 1708 747 1745 ex
770 1696 821 1745 vi
846 1695 977 1745 iuris
1000 1696 1161 1747 divini
1178 1710 1241 1747 eo
1264 1699 1375 1763 ipso
1392 1697 1629 1748 desinere
1647 1710 1758 1747 esse
1782 1697 1875 1747 Pa-

344 1777 476 1829 pam.
492 1764 745 1817 —Omnis
776 1766 1047 1831 episcopus
1082 1780 1174 1831 per
1206 1768 1457 1818 haeresim
1493 1768 1745 1819 occultam
1781 1780 1875 1831 per

346 1834 584 1887 accidens
603 1834 817 1886 inferior
837 1836 969 1900 Papa
995 1837 1207 1899 amittit,
1228 1844 1475 1901 quantum
1495 1844 1574 1893 est
1594 1850 1657 1889 ex
1673 1850 1751 1899 se,
1772 1851 1878 1887 om·

347 1918 461 1957 nem
482 1918 631 1956 usum
652 1905 1025 1957 iurisdictionis
1040 1907 1437 1959 ecclesiasticae.
1452 1934 1523 1945 --
1536 1903 1586 1958 7.
1599 1908 1877 1972 Responsio

346 1975 409 2025 ad
434 1975 663 2027 rationes
688 1976 872 2027 castri.
893 2002 959 2015 —
981 1977 1075 2029 Est
1109 1979 1253 2029 suavi
1278 1978 1641 2042 gubernationi
1672 1978 1877 2028 divinae

344 2054 740 2098 consentaneum
760 2082 777 2109 ,
818 2060 919 2098 non
954 2048 1125 2099 sinere
1164 2049 1349 2113 Papam
1384 2048 1497 2099 fleri
1538 2048 1875 2108 haereticum

344 2116 477 2181 quod
504 2116 552 2167 si
578 2116 685 2179 flat,
709 2116 928 2169 iuridice
950 2125 1031 2171 est
1053 2118 1411 2185 declaranduS,
1432 2126 1487 2173 et
1510 2120 1583 2171 ita
1605 2118 1878 2185 deponitur

346 2199 373 2237 a
396 2187 605 2239 Christo
626 2188 853 2239 Domino.

360 2337 409 2393 1.
442 2334 517 2391 Ut
539 2348 627 2407 ea,
651 2349 791 2407 quae
822 2340 1077 2408 spectant
1094 2336 1161 2394 ad
1190 2338 1501 2397 subiectum
1524 2337 1691 2395 huius
1710 2341 1869 2409 pote-

282 2423 461 2495 statis,
499 2424 906 2497 compleamus,
948 2425 1085 2485 haec
1126 2432 1375 2501 quaestio
1416 2428 1723 2485 necessaria
1764 2436 1871 2499 est,

283 2530 405 2571 nam
431 2514 715 2581 haeretici,
732 2517 827 2590 qui
849 2517 1063 2575 civilem
1084 2524 1407 2589 potestatem
1430 2526 1631 2591 negant
1660 2532 1879 2575 manere

284 2602 336 2660 in
362 2604 775 2677 peccatoribus,
800 2606 975 2664 multo
1006 2610 1179 2681 magis
1207 2608 1260 2665 id
1290 2616 1491 2683 negant
1517 2609 1585 2666 de
1614 2607 1875 2665 ecclesia-

286 2696 419 2751 stica
438 2702 735 2767 potestate.
749 2696 821 2752 Et
840 2696 1109 2770 quosdam
1132 2698 1269 2755 alios
1290 2699 1600 2757 haereticos
1616 2698 1877 2756 Bernardi

286 2791 527 2857 tempore
554 2786 607 2841 in
634 2785 827 2843 eodem
855 2786 1023 2844 fuisse
1060 2804 1285 2863 errore,
1314 2806 1505 2847 eorum
1534 2791 1752 2847 nomine
1793 2795 1880 2846 ta-

286 2875 393 2933 cito
431 2874 605 2933 refert
629 2874 769 2933 idem
806 2877 1069 2934 Bernard.
1097 2894 1264 2935 serm.
1292 2884 1384 2938 66.
1412 2882 1463 2938 ιιι
1504 2881 1746 2937 Cantica.
1773 2881 1881 2937 Re·

286 2966 415 3024 ferri
442 2967 606 3023 etiam
644 2966 782 3023 solet
810 2983 910 3039 pro
950 2968 1051 3025 hac
1082 2971 1349 3027 sententia
1374 2970 1633 3046 Armach.
1660 2969 1752 3028 lib.
1787 2975 1876 3028 10.

286 3054 355 3113 de
379 3059 956 3131 quaestion.Armen.
979 3075 1103 3131 cap.
1121 3064 1174 3117 4.
1194 3058 1519 3118 Fundantur
1546 3061 1741 3133 primo,
1756 3060 1885 3133 quia

287 3145 419 3204 haec
458 3152 707 3220 potestas
748 3153 834 3205 est
876 3147 1085 3207 donum
1126 3150 1545 3222 supernaturale
1586 3152 1710 3221 Dei,
1746 3164 1879 3223 ergo

287 3251 392 3292 non
430 3235 596 3295 debet
630 3240 687 3294 in
726 3238 1112 3310 peccatoribus
1150 3256 1392 3298 manere.
1422 3239 1707 3313 Secundo,
1752 3241 1883 3314 quia

286 3333 372 3383 est
399 3327 465 3385 ad
506 3327 802 3402 regendam
831 3328 1133 3386 Ecclesiam
1164 3332 1255 3387 Dei
1292 3346 1577 3403 sponsam3
1609 3346 1745 3403 ergo
1772 3344 1883 3386 non

289 3415 453 3474 debet
478 3417 709 3475 inimicis
736 3420 828 3475 Dei
856 3421 1148 3477 committi.
1173 3422 1373 3493 Tertio,
1399 3423 1529 3494 quia
1558 3419 1721 3479 datur
1749 3419 1883 3478 haec

291 3513 536 3579 potestas
578 3508 634 3563 in
673 3506 1138 3583 aedificationem,
1180 3526 1289 3567 non
1330 3512 1383 3567 in
1422 3510 1879 3585 destructionem

291 3603 347 3653 at
384 3598 437 3653 in
483 3598 871 3670 peccatoribus
914 3606 1061 3657 esset
1100 3604 1285 3672 potius
1324 3603 1381 3658 in
1426 3600 1881 3673 destructionem,

287 3704 451 3762 quam
472 3690 527 3745 in
556 3688 983 3749 aedificationem
1002 3711 1018 3763 3
1040 3705 1173 3764 ergo
1202 3686 1311 3750 non
1332 3690 1733 3751 est‘verisimile
1762 3691 1873 3748 illis

290 3778 545 3836 concedi.
1242 3836 1251 3859 ι

364 3875 421 3928 2.
450 3869 663 3927 Habere
689 3877 874 3927 autem
904 3870 1155 3929 videntur
1183 3872 1418 3930 rationes
1440 3870 1756 3931 huiusmodi
1783 3871 1885 3929 ali-

292 3975 457 4033 quam
489 3959 1017 4017 verisimilitudinem
1048 3961 1098 4018 ιιι
1127 3963 1371 4020 carentia
1397 3956 1541 4032 fidei‘,
1564 3969 1621 4020 et
1644 3961 1765 4019 ideo
1794 3962 1889 4020 ali-

290 4050 383 4123 qui
408 4066 476 4107 ex
504 4049 789 4107 catholicis
818 4050 1103 4124 dixerunt,
1146 4051 1287 4109 hanc
1318 4059 1641 4124 potestatem
1668 4053 1742 4110 ita
1767 4068 1888 4110 esse

291 4140 577 4207 fundatam
620 4141 673 4197 in
698 4116 837 4214 lide,
878 4146 936 4197 et
978 4140 1047 4198 ah
1092 4141 1179 4199 illa
1206 4142 1469 4214 pendere,
1520 4152 1585 4201 ut
1609 4145 1655 4200 si
1685 4142 1893 4216 praela-

293 4236 385 4287 tus
424 4230 707 4287 Ecclesiae
750 4231 1115 4306 (quicumque
1150 4232 1241 4289 ille
1282 4235 1387 4305 sit,
1427 4237 1591 4292 etiam
1632 4250 1887 4292 summus

291 4320 569 4387 Pontifex)
594 4308 801 4379 incidat
825 4323 881 4377 in
910 4322 1203 4396 haeresim,
1231 4338 1299 4380 eo
1326 4326 1447 4396 ipso
1475 4330 1801 4397 potestatem
1830 4332 1887 4383 et

292 4410 613 4485 dignitatem
642 4412 878 4470 amittat.
902 4414 1055 4470 Hanc
1085 4415 1395 4485 opinionem
1422 4416 1599 4472 tenuit
1623 4416 1883 4472 Turrecr.

292 4500 385 4559 lib.
406 4506 463 4561 4.
491 4503 647 4559 Sum.
673 4517 797 4575 cap.
836 4507 961 4576 l,et
988 4508 1082 4562 2⁰.
1109 4506 1355 4579 Eamque
1382 4503 1490 4563 late
1514 4505 1755 4565 defendit
1780 4509 1881 4564 Ca·

293 4598 409 4648 stro
437 4592 535 4649 lib.
556 4596 611 4649 2.
637 4589 711 4649 de
737 4596 903 4650 iusta
919 4593 1355 4651 haeretieorum
1370 4598 1693 4669 punitione,
1721 4611 1773 4654 c.
1792 4601 1887 4669 23,

293 4689 350 4739 et
382 4688 476 4745 24.
502 4683 573 4740 Ει
597 4690 817 4755 praeter
854 4680 1095 4741 rationes
1124 4684 1298 4742 factas
1339 4686 1646 4756 confirmari
1672 4692 1915 4759 potest,-

292 4775 423 4846 quia
454 4775 575 4830 iure
611 4772 794 4830 divino
834 4780 1085 4831 tenemur
1110 4776 1283 4831 vitare
1322 4774 1661 4850 haereticos,
1688 4782 1743 4833 et
1780 4792 1889 4833 non

293 4864 705 4921 communicare
730 4878 861 4919 cum
890 4863 1027 4935 illis·
1050 4879 1184 4937 ergo
1213 4864 1373 4921 etiam
1403 4864 1757 4937 prohibemur
1783 4864 1888 4922 illis

294 4954 551 5028 obedire·
584 4968 715 5027 ergo
756 4952 929 5010 multo
970 4955 1143 5029 magis
1170 4954 1242 5011 illi
1286 4955 1571 5027 privantur
1611 4960 1883 5028 potestate

294 5044 684 5117 praecipiendi,
716 5041 920 5117 alioqui
944 5054 1094 5101 esset
1120 5043 1490 5117 perplexitas
1478 5062 1530 5102 ιιι
1558 5045 1808 5119 subditis,
1834 5053 1891 5103 et

292 5133 497 5191 bellum
519 5135 729 5191 iustum
750 5148 817 5189 ex
842 5138 1081 5207 utraque
1103 5140 1279 5206 parte.
1301 5134 1666 5193 confirmatur
1688 5150 1885 5207 secun-5

296 5224 389 5298 do,
406 5225 531 5299 quia
553 5223 687 5280 fides
700 5228 789 5279 est
809 5222 1219 5280 fundamentum
1236 5225 1405 5281 totius
1428 5225 1723 5294 spiritualis
1746 5224 1890 5281 aedi-

294 5315 423 5387 ticii3
452 5328 589 5388 ergo
611 5313 778 5371 etiam
802 5312 967 5370 huius
997 5314 1306 5387 potestatis3
1332 5328 1457 5407 nam
1477 5315 1571 5386 qui
1592 5321 1745 5373 caret
1764 5314 1887 5389 fide,

3334 370 3457 435 327

1938 526 2039 567 nec
2067 509 2270 567 Christi
2298 524 2400 567 nec
2422 510 2706 571 Ecclesiae
2729 512 3037 571 membrum
3063 520 3179 587 est,
3204 521 3260 572 et
3285 512 3408 572 ideo
3435 530 3536 572 nec

1937 606 2109 672 caput
2132 616 2233 656 nec
2266 608 2453 671 pastor
2473 600 2756 658 Ecclesiae
2773 618 2894 659 esse
2916 610 3116 676 potest3
3142 619 3243 661 nec
3267 618 3363 676 per
3386 603 3542 685 illum

1935 689 2190 747 Christus
2217 690 2416 759 influit,
2441 705 2572 764 ergo
2600 707 2700 749 nec
2724 698 3048 764 potestatem
3070 694 3410 766 spiritualem
3440 695 3536 751 ha-

1938 780 2071 837 bere
2095 786 2296 851 potest.
2322 779 2558 837 Tandem
2581 782 2962 855 confirmatur,
2985 785 3114 859 quia
3131 785 3269 843 alias
3289 785 3536 843 Ecclesia

1936 869 2154 928 nullum
2185 871 2490 928 remedium
2520 872 2722 930 habere
2750 880 2936 946 posset
2960 874 3228 933 adversus
3257 892 3536 934 summum

1937 960 2254 1018 Pontificem
2291 961 2665 1036 haereticum,
2698 966 2829 1036 quia
2857 980 2966 1023 non
3007 964 3259 1023 obstante
3305 964 3539 1039 haeresi,

1936 1065 2212 1107 summam
2231 1051 2664 1109 iurisdictionem
2696 1054 2975 1129 retineret3
2999 1072 3134 1129 ergo
3163 1056 3350 1114 nullus
3383 1057 3538 1115 illum

1938 1138 2196 1196 cohibere
2223 1148 2452 1216 posset,
2481 1150 2890 1219 cogereturque
2917 1146 3168 1204 Ecclesia
3195 1163 3411 1221 semper
3440 1148 3540 1205 ba·

1938 1230 2067 1287 bere
2095 1230 2202 1288 tale
2229 1241 2428 1304 caput,
2460 1232 2610 1307 quod
2637 1242 2784 1293 esset
2811 1236 3391 1295 incommodissimum.

2018 1326 2071 1377 3-
2102 1322 2388 1379 Contraria
2414 1338 2542 1380 vero
2569 1325 2831 1382 sententia
2855 1341 2982 1383 vera
3001 1333 3113 1397 est3
3145 1344 3254 1383 non
3295 1343 3423 1385 vero
3451 1334 3546 1385 est

1940 1426 2114 1485 aeque
2141 1420 2296 1469 certa
2326 1412 2508 1487 quoad
2538 1414 2696 1479 fidem
2713 1458 2728 1488 ,
2755 1422 2815 1473 et
2842 1416 3030 1490 quoad
3055 1416 3393 1475 honestatem
3421 1434 3540 1475 mo·

1946 1518 2073 1559 rum
2094 1543 2109 1573 ,
2140 1510 2198 1559 et
2239 1502 2358 1560 ideo
2387 1505 2454 1561 de
2482 1504 2564 1561 bis
2593 1505 2904 1579 singillatim
2930 1507 3201 1566 dicemus.
3235 1509 3365 1567 Dico
3402 1524 3537 1583 ergo

1945 1595 2145 1665 primo,
2171 1601 2497 1667 potestatem
2526 1596 2666 1653 hanc
2697 1613 2819 1655 esse
2848 1614 3034 1671 posse,
3055 1606 3114 1656 et
3140 1614 3454 1672 permanere
3480 1603 3537 1656 in

1946 1682 2168 1741 bomine
2193 1684 2334 1741 fideli
2361 1692 2416 1743 et
2458 1686 2725 1759 baptizato
2750 1729 2766 1761 ,
2797 1688 2923 1745 licet
2950 1689 3326 1763 iniquissimus
3355 1692 3456 1758 sit,
3485 1696 3546 1747 et

1942 1773 1995 1829 in
2024 1774 2129 1831 hoc
2158 1790 2326 1832 sensu
2348 1792 2458 1833 non
2487 1777 2722 1850 pendere
2743 1794 2810 1835 ex
2839 1779 2994 1835 bonis
3023 1776 3293 1838 moribus.
3310 1782 3426 1837 Hoc
3454 1787 3541 1837 est

1944 1874 2161 1925 certum
2192 1866 2260 1924 de
2288 1865 2412 1939 fide,
2443 1873 2501 1924 et
2528 1869 2840 1941 oppositum
2867 1868 3181 1927 damnatum
3208 1878 3295 1929 est
3320 1872 3375 1928 in
3403 1886 3539 1929 con-

1944 1956 2069 2013 cilio
2096 1957 2507 2014 constantiensi.
2538 1959 2762 2015 Probari
2803 1965 2988 2017 autem
3028 1967 3210 2033 potest
3241 1977 3312 2019 ex
3358 1960 3544 2019 verbis

1943 2046 2144 2105 Christi
2180 2047 2372 2104 Matth.
2399 2052 2502 2105 23:
2534 2050 2728 2121 Super
2762 2048 3112 2108 cathedram
3141 2054 3346 2126 Moysi
3380 2050 3544 2110 sede·

1941 2142 2086 2195 rent
2113 2136 2345 2194 scribae
2373 2140 2428 2194 et
2452 2138 2786 2213 pharisaei.
2813 2147 2924 2196 etc.
2943 2142 3079 2197 Nam
3102 2141 3170 2199 ibi
3199 2142 3366 2200 docet
3388 2142 3550 2200 Chri-

1946 2235 2087 2291 stus.
2108 2226 2366 2299 praelatis
2383 2227 2516 2285 bene
2540 2228 2994 2300 praecipientibus
3014 2230 3376 2289 obediendum
3393 2248 3539 2307 esse,

1944 2320 2075 2379 licet
2102 2335 2267 2391 opera
2296 2320 2544 2391 ipsorum
2573 2336 2680 2376 non
2707 2321 2813 2378 sint
2849 2322 3131 2379 imitanda.
3156 2322 3259 2380 Ubi
3297 2323 3429 2384 licet
3464 2324 3546 2381 lo-

1946 2417 2151 2485 quatur
2185 2409 2254 2467 de
2297 2411 2644 2483 pontificibus
2671 2411 2804 2485 legis
2843 2414 3071 2486 veteris,
3101 2420 3286 2472 tamen
3320 2432 3428 2473 non
3456 2432 3545 2473 re-

1946 2500 2081 2570 fert,
2111 2507 2233 2557 tum
2273 2501 2404 2577 quia
2430 2516 2538 2557 non
2579 2507 2687 2557 tam
2731 2501 3058 2575 loquebatur
3097 2511 3324 2577 propter
3369 2506 3541 2579 ipsos,

1946 2608 2114 2667 quam
2142 2598 2372 2665 propter
2397 2607 2522 2664 noS,
2547 2598 2611 2649 ut
2641 2607 2826 2649 omnes
2857 2595 3030 2650 sancti
3059 2595 3390 2669 intelligunt,
3422 2604 3542 2653 tum

1948 2683 2114 2739 etiam
2133 2724 2147 2753 ,
2179 2683 2311 2756 quia
2336 2695 2405 2738 ex
2447 2681 2790 2739 similitudine
2821 2684 3042 2741 rationis
3079 2686 3317 2744 sumitur
3345 2686 3546 2745 efficax

1949 2778 2356 2845 argumentum.
2387 2770 2540 2829 Unde
2579 2773 2882 2849 Cyprianus
2918 2774 2970 2851 in
3011 2791 3260 2835 sermone
3300 2778 3368 2836 de
3409 2778 3544 2852 bap-

1948 2864 2111 2920 tismo
2137 2862 2360 2934 Christi,
2391 2878 2457 2919 ex
2487 2861 2591 2919 hoc
2622 2864 2746 2921 loco
2773 2863 2997 2939 colligit,
3028 2868 3080 2921 in
3109 2866 3326 2925 bomine
3353 2870 3542 2944 iniquo

1949 2968 2168 3010 manere
2196 2952 2411 3024 plenam
2451 2959 2802 3025 potestatem,
2839 2960 2897 3011 et
2921 2954 2972 3010 in
3013 2970 3079 3013 eo
3121 2956 3378 3018 honorari
3419 2960 3544 3019 offi-

1949 3044 2117 3115 cium,
2145 3060 2258 3099 non
2286 3044 2474 3100 vitam.

2027 3139 2084 3193 4.
2105 3135 2334 3191 Ratione
2354 3132 2690 3207 declaratur,
2715 3136 2845 3209 quia
2858 3136 2943 3195 vel
2967 3136 3102 3195 haec
3125 3146 3368 3210 potestas
3389 3144 3550 3200 amit-

1950 3227 2120 3293 titur,
2166 3226 2366 3282 amissa
2404 3226 2579 3298 gratia
2620 3226 3026 3300 sanctificante,
3065 3236 3230 3303 atque
3272 3231 3406 3288 adeo
3445 3235 3546 3305 per

1954 3316 2241 3391 quodlibet
2259 3322 2553 3388 peccatum
2581 3316 2835 3389 mortale,
2858 3318 2942 3374 vel
2964 3333 3062 3390 per
3085 3318 3268 3393 aliqua
3289 3320 3548 3394 specialia

1952 3412 2206 3480 peccata,
2239 3405 2322 3462 vel
2352 3420 2450 3478 per
2477 3405 2904 3480 multitudinem,
2927 3410 3419 3484 ¹cousuetudinem,
3449 3419 3549 3470 aut

1952 3495 2400 3554 circumstantias
2426 3511 2642 3567 eorum.
2675 3498 2918 3555 Primum
2945 3498 3055 3571 est,
3077 3498 3230 3571 quod
3257 3500 3549 3560 intendunt

1952 3587 2239 3659 haeretici,
2269 3592 2325 3643 et
2351 3601 2418 3643 eo
2448 3584 2680 3644 tendunt
2705 3603 2899 3646 eorum
2929 3594 3203 3663 rationes,
3237 3597 3324 3648 est
3361 3598 3548 3649 tamen

1951 3694 2180 3752 prorsus
2201 3678 2501 3735 absurdum
2522 3686 2578 3735 ct
2605 3677 2940 3751 incredibile,
2963 3679 3164 3754 alioqui
3195 3696 3292 3787 per
3321 3688 3551 3754 peccata

1953 3769 2207 3827 mentalia
2255 3769 2598 3827 amitteretur
2645 3769 2779 3826 haec
2827 3776 3067 3843 potestas
3085 3810 3101 3839 ,
3145 3748 3274 3845 quia
3314 3788 3410 3846 per
3457 3774 3551 3833 illa

1952 3860 2224 3917 amittitur
2259 3860 2470 3933 gratia,
2512 3867 2677 3934 atque
2705 3861 2778 3917 ita
2813 3862 2994 3917 omnia
3021 3868 3204 3919 essent
3241 3865 3454 3951 incerta
3487 3873 3545 3924 et

1954 3950 2206 4007 confusa.
2237 3950 2438 4008 Deinde
2466 3952 2602 4009 hacc
2646 3958 2888 4023 potestas
2915 3968 3021 4009 non
3061 3953 3225 4039 habet
3249 3958 3546 4014 connexio-

1956 4056 2079 4098 nem
2106 4056 2237 4119 cum
2267 4040 2580 4113 sanctitate,
2603 4042 2732 4114 quia
2759 4056 2866 4099 non
2896 4041 3058 4099 datur
3080 4042 3134 4099 ιιι
3163 4046 3547 4104 sanctificatio-

1955 4148 2081 4190 nem
2109 4131 2195 4188 vel
2225 4130 2510 4210 utilitatem
2539 4130 2815 4204 habentis,
2845 4134 2940 4189 sed
2970 4132 3235 4209 aliorum3
3267 4141 3322 4215 et
3347 4137 3423 4192 ita
3449 4152 3549 4207 po-

1958 4223 2067 4281 tius
2096 4220 2338 4278 imitatur
2368 4220 2572 4295 gratias
2599 4222 2768 4295 gratis
2795 4220 2978 4296 datas,
3009 4238 3150 4298 quae
3177 4240 3286 4281 non
3313 4225 3549 4298 pendent

1956 4328 2171 4386 semper
2206 4327 2275 4368 ex
2301 4312 2518 4384 propria
2545 4313 2860 4387 sanctitate,
2891 4320 2954 4371 ut
2977 4321 3194 4373 constat
3221 4331 3290 4373 ex
3324 4318 3547 4391 propria

1956 4405 2204 4464 materia.
2238 4398 2556 4459 Secundum
2584 4418 2713 4460 vero
2741 4419 2851 4461 non
2891 4407 3074 4464 minus
3103 4405 3406 4464 absurdum
3435 4416 3541 4467 est.

1959 4496 2109 4565 Quae
2135 4494 2279 4551 enim
2321 4500 2451 4550 sunt
2477 4492 2566 4550 illa
2605 4499 2862 4579 peccata,
2892 4512 3036 4569 quae
3062 4496 3383 4570 multitudo,
3413 4514 3548 4557 con-

1956 4576 2218 4656 suetudo,
2243 4588 2342 4641 aut
2361 4568 2826 4654 circumstantiae,
2851 4600 2993 4658 quae
3011 4602 3078 4645 ex
3098 4601 3157 4643 se
3185 4589 3293 4644 vim
3317 4588 3550 4648 babeant

1956 4679 2026 4737 ad
2065 4676 2436 4751 expellendam
2476 4674 2614 4731 hanc
2655 4674 3022 4747 potestatem?
3060 4678 3200 4736 Nihil
3243 4694 3372 4735 sane
3414 4696 3548 4738 cum

1955 4768 2310 4827 fundamento
2339 4764 2656 4839 responderi
2686 4771 2885 4839 potest.
2909 4766 2980 4823 Et
3005 4775 3285 4839 praeterea
3309 4771 3431 4828 inde
3462 4786 3546 4827 se-

1956 4860 2168 4933 quitur,
2194 4865 2256 4915 ut
2282 4856 2482 4915 subditi
2511 4856 2722 4928 possint
2760 4853 3000 4913 iudicare
3035 4859 3342 4933 praelatos,
3371 4868 3430 4917 et
3468 4861 3547 4919 eis

1957 4948 2316 5006 obedientiam
2345 4960 2565 5021 negare,
2595 4960 2689 5003 eos
2717 4943 2784 5003 de
2811 4961 2982 5019 prava
3006 4950 3122 5007 vita
3149 4951 3430 5024 arguendo
3459 4954 3546 5011 iu-

1958 5046 2053 5099 xta
2080 5040 2163 5095 sui
2195 5037 2396 5095 arbitrii
2424 5051 2759 5095 mensuram.

2034 5130 2278 5203 Denique
2307 5128 2432 5190 talis
2460 5142 2634 5199 poena
2659 5142 2768 5187 non
2803 5135 2890 5184 est
2914 5129 3038 5185 iure
3063 5128 3305 5189 humano
3332 5132 3548 5192 ordina-

1956 5222 2035 5278 rie
2064 5218 2334 5292 imposita.
2364 5216 2595 5285 Quodsi
2625 5215 2916 5289 aliquando
2943 5217 3121 5276 fertur
3149 5221 3330 5295 aliqua
3359 5224 3548 5301 similis

1962 5328 2063 5387 pro
2103 5311 2290 5386 aliquo
2316 5308 2548 5383 delicto,
2577 5307 2908 5383 praecedere
2935 5308 3204 5371 ordinarie
3231 5312 3390 5373 debet
3426 5330 3548 5375 sen-

3136 5548 3166 5565 t
