4325 6267
1769 385 1979 433 CAPUT
2011 387 2076 432 vl
2086 416 2101 431 .

837 476 1146 576 ‘CAPUT
1185 504 1300 575 vl.

416 717 630 774 Utrum
659 712 732 771 de
757 717 988 772 ratione
1017 711 1162 788 leqts
1189 716 1293 781 sit,
1327 719 1396 772 ut
1411 729 1527 790 pro
1555 711 1771 794 eliqua

732 807 1150 863 communitate
1161 803 1436 878 feratur.
1659 815 1666 822 ·

845 983 1328 1071 summarium

291 1173 314 1220 1
332 1209 344 1220 .
369 1171 465 1223 Est
488 1171 552 1222 de
578 1171 773 1222 ratione
799 1171 956 1236 legiS,
985 1178 1042 1221 ut
1066 1185 1161 1236 pro
1185 1171 1442 1236 aliquibus
1465 1167 1882 1221 feratur.-¹-Soli

359 1241 595 1292 homines
611 1247 732 1292 sunt
751 1252 964 1305 capaces
981 1239 1163 1292 harum
1183 1242 1372 1304 legum.
1385 1267 1452 1280 -—-
1465 1241 1518 1291 Ξ.
1540 1241 1616 1290 An
1635 1241 1704 1290 sit
1722 1240 1788 1290 de
1807 1251 1888 1289 ra-

363 1312 502 1362 tione
529 1312 689 1374 legis,
719 1318 776 1360 ut
800 1324 862 1361 ea
886 1310 1086 1361 feratur
1109 1325 1204 1375 pro
1226 1311 1396 1375 aliqua
1419 1310 1884 1362 communitate.-

359 1381 624 1432 Sententia
647 1381 1064 1432 affirmans.—-3.
1088 1382 1354 1432 Sententia
1379 1393 1588 1445 negans.
1603 1405 1669 1444 ‚—
1684 1380 1736 1430 4.
1760 1379 1888 1428 Con-

361 1453 598 1502 firmatur
623 1451 910 1502 rationibus
932 1449 1058 1500 haec
1082 1451 1335 1500 sententia
1361 1449 1712 1513 negans—5.
1735 1447 1888 1498 Prae·

361 1521 532 1572 fertur
567 1522 822 1572 sententia
855 1519 1268 1570 affirmans—6.
1307 1519 1642 1572 confirmatur
1675 1530 1738 1567 ex
1771 1529 1887 1580 pro-

357 1591 669 1656 prietatibus
701 1589 994 1654 legis—7.
1027 1587 1218 1640 Satisflt
1251 1589 1568 1652 argumentis
1601 1587 1887 1638 sententiae

361 1662 700 1727 negantis.—-
713 1660 768 1711 8.
793 1659 922 1723 Quid
947 1660 1016 1710 sit
1035 1659 1116 1709 lex
1133 1661 1334 1724 privata
1347 1695 1364 1720 ,
1385 1666 1439 1709 et
1457 1672 1552 1709 our
1569 1657 1666 1708 hoc
1685 1657 1888 1708 nomine

361 1731 738 1784 vocetur.—9.
757 1731 863 1781 Lex
881 1735 934 1780 et
952 1735 1281 1794 praeceptum
1299 1743 1398 1780 non
1417 1733 1888 1780 convertuntur.—

357 1802 491 1863 Quid
534 1800 688 1850 addat
731 1800 814 1850 lex
850 1805 1150 1865 praecepte,
1187 1806 1243 1850 et
1277 1799 1528 1864 quomodo
1568 1797 1887 1859 distinguan-

359 1871 648 1921 tur.—l(l.
675 1867 729 1920 ln
763 1883 868 1934 quo
901 1881 1054 1918 sensu
1086 1868 1280 1920 dicitur
1305 1871 1384 1920 lex
1410 1867 1689 1920 communis
1711 1872 1765 1917 et
1793 1881 1888 1931 pro

355 1940 722 1992 communitate
747 1941 871 1990 lata.
885 1967 948 1976 -—
967 1939 1050 1988 1¹.
1071 1939 1246 2000 Qualis
1269 1939 1454 1990 debeat
1473 1949 1586 1988 esse
1609 1938 1886 1988 communi-

355 2018 470 2071 tas,
495 2022 628 2074 quae
653 2010 724 2060 sit
756 2022 914 2074 capax
937 2009 1171 2072 propriae
1197 2008 1725 2072 legis.—Quotuplex
1751 2021 1888 2058 com-

357 2081 680 2131 munitas.—
701 2079 786 2130 12.
821 2079 958 2142 Quae
1001 2078 1069 2141 sit
1111 2079 1446 2130 communitas
1488 2075 1884 2141 imperfecta.—

365 2151 450 2200 13.
477 2150 642 2212 Leges
670 2148 920 2200 humanae
941 2145 1131 2198 debent
1156 2149 1319 2200 solum
1343 2147 1470 2199 ferri
1493 2160 1588 2210 pro
1610 2146 1887 2198 communi-

359 2227 469 2271 tate
493 2217 922 2284 perfectae—14.
948 2215 1278 2270 obiectioe-
1293 2219 1379 2270 15.
1405 2217 1617 2269 Solutio.

379 2396 428 2449 l.
463 2390 750 2463 Explicato
781 2405 1008 2462 genere,
1042 2390 1285 2468 subgquo
1313 2391 1397 2448 lex
1423 2392 1645 2464 ponitur
1664 2435 1680 2462 ,
1711 2392 1889 2467 inqui-

295 2481 470 2538 renda
497 2487 583 2538 est
607 2479 932 2549 differentia,
965 2495 1062 2552 per
1088 2496 1254 2554 quam
1287 2481 1338 2536 in
1360 2483 1572 2539 ratione
1599 2481 1730 2556 legis
1756 2498 1889 2540 con-

295 2571 586 2641 stituitur,
628 2585 794 2643 quam
839 2569 1180 2647 inveniemus
1233 2571 1556 2643 explicando
1601 2573 1888 2632 nonnullas

297 2652 636 2717 conditiones
656 2702 670 2729 ,
693 2672 836 2732 quae
863 2657 928 2715 ad
961 2661 1232 2731 propriam
1255 2661 1517 2718 rationem
1546 2661 1677 2735 legis
1699 2651 1894 2719 neces²

297 2751 478 2805 sariae
527 2753 684 2820 sunt3
729 2746 1002 2820 simulque
1047 2763 1246 2804 causas
1295 2748 1426 2823 legis
1473 2750 1885 2825 explicabimus,

297 2841 432 2913 quia
471 2838 724 2912 propriae
763 2845 820 2895 et
857 2836 1186 2896 intrinsecae
1223 2840 1560 2897 conditiones
1607 2840 1740 2914 legis
1779 2857 1884 2899 non

299 2936 536 3004 possunt
571 2928 790 2986 aliunde
828 2927 1053 2998 melius,
1084 2943 1250 3001 quam
1277 2943 1343 2986 ex
1371 2931 1556 2986 causis
1583 2930 1702 2986 eius
1727 2931 1884 3001 oriri,

297 3033 402 3075 nec
423 3017 724 3075 differentia
743 3017 861 3074 eius
893 3017 1006 3073 sine
1033 3019 1276 3088 materia,
1303 3017 1519 3076 obiecto
1533 3061 1548 3090 ‚
1573 3025 1630 3076 et
1649 3019 1752 3075 tine
1771 3021 1890 3076 eius

295 3107 552 3181 intelligi,
595 3112 693 3163 aut
727 3106 988 3177 explicari
1027 3113 1227 3178 potest.
1273 3108 1498 3165 Constat
1533 3123 1666 3182 ergo
1699 3109 1748 3166 in
1779 3109 1890 3181 pri·

302 3199 444 3268 mis,
473 3196 544 3253 de
581 3197 791 3252 ratione
830 3195 966 3270 legis
1004 3210 1160 3265 esse,
1195 3202 1257 3252 ut
1296 3195 1365 3253 ad
1391 3183 1651 3270 aliquem,
1683 3196 1766 3254 vel
1793 3197 1890 3254 ali·

295 3302 442 3360 quos
482 3285 719 3354 seratur,
763 3286 1054 3356 quoniam,
1095 3290 1160 3341 ut
1197 3286 1400 3342 Paulus
1439 3285 1512 3342 ait
1541 3285 1608 3344 ad
1635 3287 1794 3343 Rom.
1830 3290 1883 3343 3:

297 3377 532 3434 Scimus
545 3414 564 3436 ,
606 3376 893 3446 quoniam
919 3388 1318 3448 quaecumque
1342 3373 1442 3432 Iex
1468 3373 1753 3448 loquitur,
1785 3377 1882 3443 iia,

297 3467 404 3536 qui
429 3466 493 3519 tn
531 3471 650 3536 leqe
687 3467 852 3529 sunt,
887 3462 1167 3536 loquitar.
1201 3464 1338 3520 Dicit
1363 3481 1494 3538 ergo
1522 3464 1606 3522 lex
1634 3464 1889 3540 essentia-

299 3553 424 3610 liter
459 3551 755 3626 quamdam
785 3551 1148 3608 habitudinem
1178 3550 1246 3609 ad
1273 3567 1370 3608 eos
1392 3595 1406 3624 ,
1437 3553 1639 3626 quibus
1669 3535 1889 3625 imponi·

300 3649 392 3698 tur
415 3683 430 3714 ,
460 3647 520 3698 et
547 3639 666 3697 ideo
695 3639 761 3696 ad
787 3640 1160 3712 explicandam
1183 3642 1300 3698 eius
1321 3643 1588 3698 rationem
1611 3641 1890 3699 declaran-

295 3719 405 3789 dus
425 3738 515 3788 est
542 3731 803 3786 terminus
834 3730 998 3786 huius
1029 3729 1374 3786 habitudinis.
1403 3733 1772 3804 supponimus
1795 3733 1890 3790 de·-

295 3821 446 3892 inde,
478 3821 652 3892 legem
679 3818 746 3876 ad
774 3819 1018 3876 homines
1046 3819 1177 3876 ferri
1205 3818 1402 3876 debere
1419 3860 1434 3880 ,
1459 3820 1588 3893 quia
1613 3821 1890 3878 inferiores

295 3917 592 3966 creaturae
633 3925 738 3964 non
779 3914 910 3964 sunt
945 3923 1180 3980 capaces
1217 3910 1466 3981 propriae
1495 3909 1659 3984 legis,
1689 3909 1754 3966 de
1781 3925 1890 3983 qua

299 4005 635 4068 tractamus,
679 4005 742 4053 ut
782 4011 942 4068 saepe
969 3997 1176 4055 dictum
1203 4003 1319 4069 est,
1349 3999 1477 4071 quia
1503 4014 1610 4053 non
1639 4006 1770 4056 sunt
1796 4014 1890 4056 ca-

295 4102 466 4160 paces
509 4093 740 4143 actuum
779 4084 1082 4143 moralium.
1115 4087 1304 4160 angeli
1345 4101 1476 4143 vero
1513 4086 1638 4145 licet
1665 4087 1772 4144 sint
1797 4103 1892 4144 ca-

295 4192 462 4248 paces
489 4175 702 4232 divinae
724 4175 856 4248 legis
877 4217 892 4245 ,
916 4183 1094 4231 tamen
1123 4191 1270 4233 nunc
1299 4177 1366 4232 de
1394 4177 1497 4233 illis
1519 4193 1626 4234 non
1650 4178 1884 4251 agimus,

299 4273 364 4322 ut
404 4266 456 4321 in
497 4265 760 4336 prooemio
801 4263 941 4335 dixi,
985 4272 1246 4337 poterunt
1283 4273 1462 4322 tamen
1502 4282 1644 4339 quae
1677 4265 1746 4323 de
1773 4266 1889 4342 lege

295 4352 533 4410 naturali
565 4360 620 4410 et
643 4352 822 4409 divina
851 4353 1175 4423 dixerimus,
1205 4355 1272 4411 ad
1301 4370 1396 4411 eos
1424 4354 1578 4412 facile
1607 4371 1734 4412 cum
1766 4371 1890 4428 pro-

297 4445 554 4516 portione
580 4441 867 4514 applieari.
894 4444 999 4500 Lex
1027 4458 1160 4516 ergo
1177 4487 1192 4514 ,
1217 4443 1284 4501 de
1310 4459 1420 4516 qua
1443 4451 1769 4514 tractamus,
1793 4445 1888 4503 ho-

295 4531 538 4589 minibus
559 4529 887 4603 imponenda
908 4538 994 4588 est
1010 4573 1024 4602 ,
1047 4537 1102 4587 et
1129 4531 1246 4588 ideo
1275 4533 1449 4589 omnis
1476 4533 1560 4589 lex
1581 4539 1765 4606 potest
1781 4535 1888 4592 dici

295 4625 538 4682 humana
563 4636 626 4678 ex
667 4621 772 4678 hoc
801 4621 978 4692 capite
997 4663 1011 4690 ,
1043 4627 1105 4678 u't
1131 4637 1301 4694 supra
1327 4621 1574 4680 dicebam
1592 4663 1606 4692 ,
1637 4627 1887 4696 quamvis

297 4717 525 4784 propter
554 4709 828 4768 vitandam
855 4710 1354 4783 aequivocationem
1385 4727 1498 4768 non
1524 4713 1601 4768 ita
1629 4719 1882 4770 vocetur.

377 4806 434 4859 2.
465 4803 562 4858 His
603 4801 817 4872 positis,
853 4803 1028 4858 oritur
1062 4799 1290 4858 dubium
1309 4843 1324 4872 ,
1353 4817 1419 4858 an
1449 4801 1533 4858 lex
1561 4802 1686 4860 ferri
1717 4805 1889 4875 possit

293 4889 366 4947 ad
409 4903 573 4946 unam
615 4895 824 4946 tantum
853 4903 1140 4961 personam
1159 4931 1175 4953 ,
1206 4889 1288 4946 vel
1316 4892 1389 4946 sit
1413 4888 1484 4947 de
1509 4892 1718 4948 ratione
1745 4893 1883 4965 eius,

293 4987 363 5036 ut
403 4993 504 5051 pro
544 4979 730 5052 aliqua
769 4977 1118 5035 multitudine
1143 4979 1422 5035 hominum
1459 4993 1556 5036 seu
1583 4983 1888 5038 communi·

296 5077 412 5127 tate
439 5067 671 5126 seratur.
702 5067 1070 5140 supponimus
1097 5068 1242 5124 enim
1271 5074 1334 5124 ut
1359 5067 1604 5140 clarum,
1635 5057 1896 5128 commu-⁸

293 5161 528 5216 nitatem
575 5158 868 5214 humanam
905 5169 1028 5214 esse
1073 5171 1332 5230 capacem
1372 5156 1553 5232 legum
1573 5200 1587 5229 ,
1632 5159 1739 5217 imo
1779 5160 1886 5220 illis

293 5247 530 5306 maxime
578 5246 848 5321 indigere,
893 5245 949 5306 id
987 5246 1506 5306 enim‘convincunt
1549 5247 1789 5307 adducta
1829 5250 1881 5307 in

3382 371 3465 434 23
3569 427 3579 436 ,

1953 502 2301 580 praecedenti
2342 509 2539 580 capite.
2570 508 2717 568 Unde
2746 512 2908 568 etiam
2936 517 3025 570 est
3050 511 3297 584 clarinti,
3324 513 3543 586 regula·

1955 597 2084 652 riter
2109 603 2166 653 et
2192 596 2461 655 ordinarie
2489 598 2664 672 legem
2692 599 2817 658 ferri
2844 618 2945 673 pro
2974 603 3159 676 aliqua
3186 603 3549 660 communita-

1953 692 2039 756 te,
2072 685 2154 742 vel
2186 687 2528 745 multitudine
2555 689 2833 746 hominum
2851 732 2866 757 ,
2894 702 2958 748 ut
2982 707 3091 748 usu
3114 694 3233 762 ipso
3255 693 3391 748 satis
3414 707 3547 750 con·

1955 781 2094 847 atat,
2125 782 2185 832 et
2222 792 2289 835 ex
2328 776 2574 835 dicendis
2614 780 2786 852 magis
2817 781 3039 850 patebit.
3086 782 3386 839 Difficultas
3412 798 3547 855 ergo

1955 873 2067 937 est,
2099 881 2167 923 an
2210 865 2314 924 hoc
2355 868 2429 925 sit
2452 867 2521 924 de
2547 870 2754 926 ratione
2783 869 2935 942 legis.
2971 873 3147 928 Prima
3174 873 3438 930 sententia
3465 872 3544 929 at·

1956 957 2163 1024 firmat,
2210 957 2389 1014 solum
2431 956 2568 1015 illud
2607 964 2963 1030 praeceptum
3002 976 3124 1017 esse
3150 960 3365 1033 legem,·
3394 959 3548 1034 qnod

1953 1049 2280 1120 generaliter
2306 1047 2483 1105 fertur
2509 1063 2608 1121 pro
2635 1049 2885 1120 omnibus
2912 1050 3018 1108 auh
3042 1050 3223 1124 aliqua
3245 1051 3551 1108 communi-

1956 1143 2066 1196 tate
2105 1137 2547 1210 comprehensis,
2590 1139 2685 1195 uni
2724 1155 2854 1195 vero
2897 1155 3159 1211 personae
3208 1141 3541 1211 impositum,

1955 1243 2060 1285 non
2090 1244 2213 1286 esse
2243 1228 2439 1301 legem.
2468 1225 2813 1301 Fundarique
2840 1229 2981 1286 solet
3009 1228 3141 1286 haec
3170 1231 3350 1299 opinio
3378 1229 3429 1285 in
3452 1244 3548 1286 ca·

1957 1317 2062 1387 pite
2088 1321 2225 1376 Erit
2259 1323 2461 1374 autem
2489 1315 2618 1383 lex,
2668 1316 2853 1375 distin.
2887 1321 2951 1386 4,
2982 1316 3133 1390 quod
3164 1323 3250 1373 est
3274 1317 3463 1375 Isidori
3489 1320 3546 1375 in

1956 1405 2048 1462 lib.
2085 1411 2136 1466 1.
2162 1405 2422 1483 Etymol.
2452 1419 2575 1476 cap.
2602 1409 2698 1477 21,
2724 1407 2813 1463 ubi
2834 1407 2987 1479 ponit
3012 1407 3189 1464 varias
3216 1406 3553 1465 conditiones

1955 1494 2117 1568 legis,
2159 1504 2218 1553 et
2258 1495 2447 1554 ultima
2490 1503 2605 1563 est,
2648 1501 2719 1553 ut
2754 1495 2919 1553 nullo
2954 1498 3189 1571 privato
3216 1495 3554 1564 commodo,-

1955 1582 2058 1640 sed
2077 1600 2193 1658 pro
2221 1591 2521 1644 communi
2548 1589 2769 1644 civium
2794 1585 3058 1643 exilitate
3084 1589 3421 1660 conscripta
3439 1589 3537 1644 sit.

1955 1674 2060 1730 Sed
2103 1674 2189 1732 hic
2230 1682 2414 1734 textus
2456 1693 2563 1734 non
2602 1675 2775 1749 cogit,
2806 1677 2937 1750 quia
2963 1675 3107 1732 aliud
3132 1683 3221 1733 est
3244 1675 3423 1750 legem
3450 1679 3551 1734 im-

1955 1766 2080 1836 poni
2117 1767 2523 1837 communitati,
2556 1765 2700 1824 aliud
2742 1767 2943 1838 imponi
2970 1781 3071 1838 pro
3100 1764 3277 1837 bono,
3310 1783 3409 1824 seu
3441 1766 3549 1824 uti-

1957 1856 2100 1912 litate
2129 1858 2564 1928 communitatis3
2598 1871 2722 1912 nam
2752 1860 3106 1930 praeceptum
3135 1862 3319 1927 potest
3346 1856 3551 1928 stnponi

1954 1945 2272 2017 particulari
2314 1961 2609 2018 personae,
2637 1952 2694 2001 et
2730 1944 3075 2002 nihilominus
3113 1944 3313 2017 imponi
3342 1945 3549 2003 intuitu

1959 2037 2273 2092 communis
2314 2035 2461 2092 boni.
2507 2033 2750 2091 Isidorus
2788 2049 2921 2106 ergo
2950 2049 3057 2091 non
3087 2035 3237 2106 ponit
3262 2033 3335 2090 ibi
3362 2033 3551 2092 condi-

1957 2125 2158 2180 tionem
2188 2124 2507 2197 requisitam
2536 2139 2601 2180 ex
2634 2129 2787 2196 parte
2816 2138 3113 2196 personae,
3142 2123 3238 2180 cui
3264 2125 3551 2195 imponen-

1956 2213 2024 2270 da
2060 2221 2146 2272 est
2185 2213 2266 2271 lex
2288 2254 2303 2282 ,
2347 2214 2442 2271 sed
2484 2213 2799 2287 requisitam
2838 2228 2905 2271 ex
2944 2219 3099 2284 parte
3138 2213 3287 2284 finis,
3324 2219 3549 2285 propter

1954 2316 2118 2375 quem
2154 2312 2241 2372 est
2274 2302 2629 2375 imponenda,
2658 2302 2869 2360 scilicet
2896 2309 3125 2375 propter
3151 2303 3353 2359 bonum
3398 2317 3549 2360 com-

1957 2388 2150 2462 mune3
2196 2407 2363 2465 quam
2404 2391 2771 2449 conditionem
2809 2392 3061 2465 sequenti
3101 2391 3275 2463 capite
3312 2391 3550 2464 explica-

1955 2478 2156 2536 bimus.

2031 2571 2222 2627 Dices:
2260 2569 2363 2628 boc
2400 2570 2567 2646 ¹modo
2606 2569 2869 2641 explicata
2907 2569 3000 2628 illa
3034 2569 3275 2627 conditio
3301 2571 3407 2630 iam
3432 2578 3553 2630 erat

1956 2667 2214 2717 contenta
2254 2661 2357 2716 sub
2395 2660 2497 2717 alia
2540 2659 2854 2718 conditione
2892 2660 2965 2717 ab
3006 2657 3197 2717 eodem
3242 2660 3449 2718 Isidoro
3494 2664 3551 2720 in

1953 2747 2146 2806 eodem
2172 2750 2349 2821 capite
2376 2749 2551 2822 posita
2570 2789 2586 2822 ,
2618 2749 2831 2807 scilicet
2848 2787 2868 2820 ,
2894 2743 3047 2823 quo'd
3073 2747 3175 2807 lex
3200 2753 3278 2807 stt
3301 2753 3471 2809 iusta
3493 2755 3551 2810 et

1953 2840 2225 2906 honesta,
2260 2841 2390 2913 qula
2426 2855 2532 2896 non
2568 2841 2673 2896 erit
2709 2839 2869 2910 talis,
2898 2839 3001 2895 nisi
3029 2836 3099 2896 ad
3125 2855 3421 2897 commune
3451 2841 3551 2898 bo-

1957 2945 2087 2986 num
2117 2928 2420 2987 ordinetur.
2452 2928 2557 2986 Sed
2584 2928 2693 2985 hoc
2720 2944 2829 2986 non
2858 2928 3071 2997 obstat,
3106 2935 3223 2986 tum
3242 2929 3379 3002 quia
3408 2929 3551 2986 mul-

1957 3023 2042 3074 tae
2080 3030 2149 3074 ex
2188 3017 2591 3076 conditionibus
2630 3017 2704 3074 ibi
2738 3018 2933 3090 positis
2961 3017 3031 3073 ab
3062 3017 3265 3074 isidoro
3297 3019 3367 3074 ita
3397 3033 3549 3074 com·

1955 3112 2248 3179 parantur,
2280 3113 2343 3162 ut
2385 3121 2492 3163 una
2530 3103 2595 3163 ln'
2614 3104 2719 3163 alia
2744 3105 3125 3176 contineatur,
3149 3106 3235 3162 vel
3262 3122 3327 3162 ex
3354 3105 3443 3163 illa
3469 3107 3550 3162 in-

1957 3194 2200 3266 seratur,
2229 3201 2286 3252 et
2310 3194 2661 3251 nihilominus
2688 3193 2967 3251 adduntur
2993 3193 3061 3250 ad
3092 3194 3349 3251 maiorem
3377 3197 3545 3266 expli·

1955 3284 2255 3353 cationem,
2288 3299 2413 3340 nam
2448 3285 2501 3339 in
2531 3283 2635 3340 hoc
2662 3281 2811 3354 solo,
2842 3281 2991 3356 quod
3018 3282 3105 3340 lex
3130 3281 3293 3340 debet
3316 3299 3437 3340 esse
3464 3284 3547 3341 iu·

1957 3382 2070 3443 sta,
2112 3375 2454 3442 continetur,
2496 3371 2695 3430 debere
2732 3387 2854 3429 esse
2894 3370 3207 3445 possibilem
3244 3379 3302 3430 et
3327 3373 3541 3430 utilem:

1955 3461 2233 3536 quomodo
2252 3464 2395 3520 enim
2414 3461 2517 3518 erit
2544 3462 2721 3532 iusta,
2754 3462 2799 3517 si
2825 3460 2907 3519 vel
2936 3461 3280 3534 impossibilis
3310 3463 3393 3519 vel
3424 3465 3547 3519 inu·

1959 3551 2062 3608 tilis
2102 3551 2209 3610 sit?
2236 3557 2291 3608 et
2330 3550 2681 3608 nihilominus
2708 3549 2963 3608 distincte
2999 3550 3133 3610 haec
3160 3561 3541 3611 recensentur.

1956 3643 2130 3716 igitur
2155 3643 2348 3698 maiori
2379 3641 2587 3698 ratione
2616 3642 2797 3713 potuit
2816 3641 2906 3698 illa
2926 3639 3166 3698 conditio
3186 3641 3376 3719 ultima
3396 3641 3544 3711 addi,

1957 3731 2027 3788 ad·
2078 3730 2463 3804 explicandum
2503 3730 2755 3788 distincte
2790 3731 3053 3786 iustitiam
3090 3736 3147 3786 et
3184 3728 3543 3804 honestatem,

1957 3837 2123 3894 quam
2163 3821 2246 3878 lex
2286 3819 2532 3893 requirit.
2567 3821 2751 3878 Potest
2775 3818 2920 3876 euim
2944 3833 3068 3875 esse
3096 3823 3255 3874 actus
3282 3819 3460 3878 iustus
3486 3826 3547 3878 et

1957 3911 2252 3984 honestus,
2295 3909 2425 3968 licet
2460 3925 2567 3966 non
2610 3911 2681 3966 sit
2718 3914 2942 3982 propter
2980 3907 3186 3965 bonum
3224 3923 3541 3981 commune,

1957 4003 2201 4072 satisque
2226 4001 2358 4070 erit,
2388 3998 2536 4072 quod
2564 3998 2637 4055 illi
2666 4015 2773 4056 non
2802 4004 3098 4072 repugnet,
3122 3996 3189 4055 de
3218 3998 3337 4071 lege
3358 4007 3569 4058 autem.

1956 4089 2203 4159 additur,
2234 4087 2301 4145 ad
2340 4089 2605 4145 iustitiam
2646 4090 2777 4144 eius.
2806 4102 2927 4144 esse
2954 4087 3355 4157 necessarium,
3390 4087 3543 4160 quod

1957 4178 2239 4236 ordinetur
2266 4176 2335 4234 ad
2361 4177 2565 4235 bonum
2594 4191 2907 4233 commune.

2031 4271 2144 4326 Nec
2174 4266 2392 4324 videtur
2416 4281 2579 4338 posse
2604 4263 2863 4336 dubitari,
2888 4264 3019 4338 quin
3046 4265 3183 4322 haec
3204 4261 3369 4322 tuerit
3388 4280 3541 4322 mens

1956 4357 2174 4428 Isidori,
2204 4363 2268 4413 ut
2306 4362 2457 4427 patet
2481 4370 2547 4412 ex
2584 4353 2675 4411 illa
2709 4352 3079 4426 adversativa,
3114 4351 3279 4410 nullo
3299 4357 3541 4428 privato

1957 4443 2277 4511 commodo,
2296 4443 2396 4501 sed
2411 4459 2523 4520 pro
2539 4445 3113 4501 commemorantum
3130 4442 3385 4500 utilitate
3402 4461 3543 4502 con·

1955 4539 2201 4610 scripta.
2226 4535 2360 4592 Nam
2384 4535 2555 4608 legem
2578 4533 2953 4620 communitati
2972 4533 3208 4604 imponi,
3232 4539 3288 4590 et
3309 4547 3409 4605 pro
3432 4535 3541 4606 pri·

1955 4634 2084 4682 vato
2127 4623 2462 4696 commodo,
2484 4638 2591 4680 non
2629 4631 2941 4695 repugnat3
2972 4629 3271 4695 utrumque
3296 4625 3440 4680 enim
3466 4623 3542 4680 si-

1955 4713 2071 4772 mul
2099 4712 2301 4770 habent
2320 4712 2467 4786 leges
2490 4715 2833 4788 tyrannicae:
2859 4718 2917 4768 at
2935 4710 3179 4768 isidorus
3201 4710 3289 4768 illa
3308 4711 3421 4768 duo
3442 4729 3541 4784 po·

1957 4805 2035 4860 nit
2063 4810 2323 4876 tanquam
2352 4803 2451 4859 sibi
2486 4802 2875 4874 repugnantiam
2904 4815 3035 4874 ergo
3062 4816 3172 4857 non
3201 4800 3445 4874 loquitur
3471 4801 3538 4858 de

1955 4881 2383 4960 communitate,
2412 4891 2503 4948 cui
2532 4887 2852 4962 imponenda
2878 4891 2950 4945 sit
2978 4889 3063 4946 lex
3083 4930 3099 4954 ,
3123 4889 3217 4946 sed
3240 4888 3419 4946 solum
3442 4889 3540 4946 do-

1955 4986 2050 5038 cet
2069 4996 2169 5053 pro
2194 4978 2420 5037 utilitate
2442 4977 2719 5036 communi
2738 4977 3113 5048 imponendam
3134 4993 3274 5049 esse,
3292 4977 3540 5035 cuicum-

1957 5085 2066 5143 que
2105 5071 2437 5142 imponatur.
2468 5072 2645 5140 Atque
2684 5069 2757 5124 ita
2792 5067 3049 5124 intellexit
3073 5066 3128 5124 d.
3161 5068 3390 5125 Thomas
3416 5083 3540 5124 sen-

1951 5161 2177 5219 tentiam
2204 5158 2392 5216 isidori
2417 5157 2475 5214 d.
2504 5172 2561 5230 q.
2596 5160 2699 5220 90,
2724 5163 2832 5214 art.
2858 5163 2913 5215 2.
2938 5159 3071 5214 Nam
3096 5156 3149 5213 in
3169 5171 3403 5228 corpore
3428 5163 3541 5212 tota

1954 5251 2094 5339 ratio
2121 5249 2243 5306 eius
2268 5262 2335 5304 eo
2358 5245 2557 5320 tendit,
2583 5252 2649 5304 ut
2666 5244 2935 5321 declaret,
2957 5245 3306 5306 intentionem
3326 5244 3540 5319 legisla-
