4325 6267
765 335 851 400 38

685 475 885 546 teriae,
928 477 980 530 in
1011 488 1119 546 qua
1159 473 1241 530 lex
1295 477 1581 542 versatur,
1612 473 1742 546 quia
1787 474 1836 529 in
1876 473 1969 529 illa
1993 473 2285 530 constituit

679 564 790 620 tale
820 563 1091 632 medium,
1121 569 1184 618 ut
1217 563 1268 618 in
1300 562 1418 635 lege
1449 563 1660 634 ieiunii,
1699 578 1797 618 seu
1835 563 2151 634 prohibente
2181 579 2279 636 pro

685 652 779 708 tali
821 657 1067 723 tempore
1105 666 1264 708 usum
1294 650 1485 708 talium
1515 649 1764 707 ciborum
1795 651 1860 708 de
1889 667 1947 708 se
1975 651 2280 708 indifferen-

684 742 858 811 tium,
891 748 948 796 et
984 740 1284 796 similibus:
1321 756 1712 813 nonnunquam
1743 755 1872 797 vero
1905 747 2087 812 potest
2113 741 2283 811 perti-

681 846 812 886 nere
839 828 905 886 ad
935 829 1108 885 solam
1130 828 1494 885 obedientiam
1513 871 1528 900 ,
1553 828 1634 885 vel
1658 830 1923 886 iustitiam
1945 829 2197 900 legalem,
2220 835 2280 897 ut

683 917 736 974 in
775 917 892 991 lege
931 917 1256 988 prohibente
1301 917 1444 974 serre
1485 934 1670 990 arma,
1700 919 1784 975 vel
1813 917 1913 976 alia
1940 919 2153 976 slmilia.
2189 920 2281 974 His

683 1021 820 1079 ergo
851 1004 1024 1061 modis
1055 1004 1218 1062 debet
1246 1005 1332 1062 lex
1357 1021 1479 1062 esse
1513 1006 1657 1062 iusta
1682 1022 1748 1063 ex
1780 1013 1932 1078 parte
1961 1007 2239 1062 materiae.

757 1099 813 1154 4.
846 1096 1042 1151 Posset
1081 1109 1211 1150 vero
1253 1093 1341 1152 hic
1385 1095 1498 1151 lieri
1537 1095 1769 1151 obiectio
1799 1094 1866 1151 de
1896 1095 2014 1167 lege
2041 1095 2281 1150 humana

681 1185 1031 1256 permittente
1067 1182 1287 1256 aliquod
1329 1184 1565 1254 malum,
1607 1200 1750 1256 quae
1778 1199 1886 1240 non
1917 1185 2131 1241 videtur
2162 1199 2283 1240 esse

681 1271 749 1329 de
793 1288 854 1330 re
893 1273 1059 1328 iusta.
1103 1273 1178 1328 De
1219 1287 1328 1344 qua
1374 1272 1700 1329 difficultate
1749 1273 1988 1344 captiose
2035 1271 2283 1343 disputat

683 1364 826 1434 Aug.
863 1359 956 1416 lib.
995 1365 1044 1417 t.
1075 1358 1148 1416 de
1175 1358 1342 1416 liber.
1377 1361 1591 1416 arbitr.
1625 1376 1750 1432 cap.
1788 1365 1840 1428 5,
1871 1367 1928 1416 et
1957 1363 2021 1430 6,
2053 1367 2106 1415 et
2145 1360 2284 1417 inira

681 1450 754 1506 de
783 1449 872 1505 illa
899 1448 1097 1505 redibit
1122 1464 1326 1505 sermo.
1357 1447 1516 1506 Nunc
1545 1450 1780 1507 breviter
1807 1449 1938 1505 dico
1955 1491 1970 1521 ,
1998 1451 2284 1506 materiam

685 1539 828 1594 illius
859 1538 993 1612 legis
1021 1553 1127 1593 non
1153 1553 1274 1593 esse
1305 1553 1444 1609 opus
1471 1538 1714 1610 malum,
1747 1537 1840 1594 sed
1870 1539 2283 1610 permissionem

680 1628 840 1700 eius3
873 1627 1283 1699 permissionem
1323 1634 1504 1684 autem
1545 1627 1723 1699 operis
1763 1628 1888 1684 mali
1925 1628 2122 1685 bonam
2161 1644 2283 1684 esse

687 1732 884 1787 posse,
909 1731 1040 1773 cum
1069 1720 1213 1773 Deus
1241 1716 1388 1774 illam
1418 1717 1579 1788 velit,
1602 1723 1659 1774 et
1686 1717 1758 1772 ita
1784 1714 1960 1788 legem
1987 1717 2132 1774 illam
2161 1732 2285 1773 esse

687 1803 756 1862 de
783 1807 1012 1860 materia
1039 1805 1202 1861 iusta.
1234 1805 1391 1872 Quod
1418 1807 1464 1860 si
1491 1807 1615 1878 quis
1645 1810 1875 1878 urgeat,
1901 1807 2028 1877 quia
2059 1806 2287 1877 permis-

687 1893 767 1949 sio
811 1909 920 1950 non
961 1901 1045 1950 est
1082 1896 1306 1950 materia
1345 1894 1512 1967 legiS,
1543 1893 1638 1950 sed
1675 1893 1940 1966 effectus3
1976 1893 2283 1965 respondeo

683 1981 736 2038 in
767 1983 976 2053 primis,
1003 1982 1416 2052 permissionem
1444 1999 1551 2038 non
1579 1985 1689 2039 lieri
1717 2000 1750 2039 a
1780 1984 1896 2058 lege
1915 2024 1930 2054 ,
1961 1985 2064 2040 nisi
2092 1991 2286 2056 quate-

687 2086 792 2127 nus
821 2071 1104 2143 praecipit,
1139 2071 1300 2128 talem
1329 2080 1518 2129 actum
1553 2075 1822 2146 permitti,
1851 2082 1909 2132 et
1939 2091 2049 2132 non
2075 2075 2284 2146 puniri,

684 2176 787 2218 nec
831 2160 1108 2230 cohiberi,
1138 2160 1268 2216 alias
1310 2177 1416 2217 non
1447 2168 1634 2232 posset
1659 2165 1958 2221 subsistere
1990 2179 2118 2220 vera
2146 2163 2285 2219 ratio

683 2247 814 2320 legis
835 2288 851 2320 ,
885 2259 952 2304 ut
991 2265 1057 2305 ex
1094 2264 1292 2322 genere
1329 2251 1445 2306 eius
1475 2257 1695 2309 constat
1721 2293 1736 2322 ,
1765 2258 1821 2309 et
1846 2253 1985 2312 inira
2013 2252 2179 2310 latius
2207 2250 2288 2308 di-

683 2352 828 2394 cam.
863 2337 1061 2394 Deinde
1099 2339 1143 2393 si
1173 2340 1296 2411 quis
1327 2339 1398 2394 ita
1425 2338 1575 2414 loqui
1613 2340 1774 2413 velit,
1815 2348 1879 2398 ut
1902 2347 2065 2398 actus
2093 2340 2181 2396 ille
2212 2340 2288 2396 sit

683 2427 912 2484 materia
953 2427 1119 2500 legis,
1152 2428 1485 2501 respondeo,
1517 2436 1704 2486 actum
1732 2431 1914 2502 ipsum
1945 2430 2047 2486 sub
2076 2428 2287 2500 duplici

688 2517 897 2572 ratione
942 2516 1282 2581 considerari
1323 2533 1483 2588 posse
1511 2558 1526 2582 ,
1570 2518 1781 2575 scilicet
1823 2525 1882 2574 ut
1929 2517 2283 2590 operabilem,

688 2611 770 2675 et,
819 2611 882 2661 ut
921 2604 999 2659 sic
1020 2645 1036 2674 ,
1081 2619 1204 2660 esse
1243 2605 1450 2661 malum
1477 2625 1492 2678 3
1524 2606 1610 2662 vel
1643 2614 1710 2664 ut
1736 2606 2156 2679 permissibilem
2187 2607 2290 2679 (ut

685 2696 768 2750 sic
810 2693 1056 2766 dicam),
1102 2702 1158 2750 et
1199 2693 1304 2751 sub
1341 2709 1404 2750 ea
1447 2696 1656 2752 ratione
1697 2712 1806 2752 non
1845 2711 1966 2753 esse
1997 2697 2287 2752 materiam

688 2796 942 2854 pravam,
987 2783 1072 2838 vel
1113 2782 1308 2840 rationi
1348 2784 1701 2840 contrariam.
1745 2782 1902 2851 Quod
1941 2789 2026 2840 est
2076 2781 2284 2853 dicere,

685 2876 873 2928 actum
904 2870 1060 2927 illum
1083 2885 1190 2926 non
1212 2885 1332 2927 esse
1355 2877 1536 2944 aptam
1559 2874 1841 2929 materiam
1868 2887 2129 2944 capacem
2152 2871 2291 2928 obli-

687 2959 922 3032 gationis
969 2959 1132 3033 legis,
1184 2975 1306 3017 esse
1356 2967 1538 3018 tamen
1587 2977 1849 3034 capacem
1891 2961 2285 3035 permissionis,

688 3049 820 3122 quia
855 3049 906 3104 in
947 3048 1133 3106 ordine
1160 3049 1227 3106 ad
1256 3051 1418 3106 linem
1445 3051 1569 3107 talis
1596 3053 1884 3124 potestatis
1913 3067 2018 3108 non
2050 3050 2291 3123 postulat

687 3139 995 3195 necessario
1024 3138 1436 3211 prohibitionem
1473 3139 1557 3196 vel
1587 3141 1955 3213 punitionem,
1979 3147 2035 3198 et
2055 3140 2201 3210 ideo,
2227 3145 2291 3196 ut

687 3226 800 3300 sic,
829 3243 951 3283 esse
980 3230 1260 3285 materiam
1296 3231 1500 3284 iustam
1524 3231 1574 3285 in
1598 3228 1788 3286 ordine
1811 3229 1879 3287 ad
1903 3228 2062 3285 talem
2087 3229 2284 3302 legem.

766 3321 819 3374 5.
851 3317 931 3372 Ex
953 3316 1054 3373 hac
1078 3319 1381 3375 assertione
1406 3318 1482 3376 sic
1503 3317 1782 3375 declarata
1805 3318 1917 3375 duo
1940 3319 2138 3375 inferre
2161 3333 2289 3390 pos-

688 3421 904 3461 sumus.
945 3408 1128 3463 Unum
1166 3412 1281 3476 est,
1313 3406 1384 3463 ad
1425 3406 1568 3463 illam
1609 3407 1838 3463 maxime
1876 3407 2150 3478 pertinere
2182 3407 2290 3476 pri-

689 3509 832 3550 mam
857 3493 1224 3551 conditionem
1247 3495 1482 3566 positam
1510 3496 1578 3550 ab
1604 3494 1814 3551 Isidoro
1845 3495 1895 3551 in
1918 3493 1974 3550 d.
2000 3509 2125 3565 cap.
2153 3495 2292 3550 Erit

687 3585 892 3638 autem
919 3580 1016 3638 lex
1035 3625 1050 3648 ,
1085 3583 1296 3639 scilicet
1323 3589 1387 3639 ut
1412 3581 1497 3639 lex
1521 3585 1592 3640 sit
1619 3584 1876 3654 honesta,
1903 3582 2051 3655 quod
2079 3599 2147 3640 ex
2174 3584 2291 3653 ipsa

689 3670 840 3725 vocis
887 3672 1218 3741 proprietate
1257 3670 1389 3726 satis
1427 3677 1596 3741 patet.
1636 3670 1789 3728 Addo
1825 3671 2020 3743 etiam,
2053 3670 2118 3728 ad
2148 3670 2289 3727 hanc

687 3757 948 3836 iustitiam
983 3757 1118 3830 legis
1145 3761 1347 3830 optime
1379 3758 1571 3817 reduci
1602 3774 1791 3816 omnes
1821 3760 2160 3818 conditiones
2191 3776 2286 3831 po·

683 3847 818 3926 ‘sitas
853 3847 919 3902 ab
949 3846 1155 3903 Isidoro
1185 3848 1349 3920 priori
1381 3848 1521 3920 loco,
1556 3864 1656 3906 seu
1685 3849 1734 3905 in
1765 3850 1932 3920 capit.
1971 3851 2291 3906 Consuetu-

691 3935 786 4003 do,
821 3936 878 3993 d.
911 3941 963 3994 1.
995 3937 1094 3994 Ubi
1123 3939 1362 4008 primum
1389 3940 1482 3994 ait:
1509 3942 1634 3996 Lex
1659 3941 1773 3995 erit
1795 3953 1983 4004 omne,
2013 3939 2171 4011 quod
2187 3955 2291 3998 ra-

691 4027 846 4082 tione
875 4029 1205 4082 constiterit
1223 4072 1236 4094 ,
1270 4024 1325 4082 id
1352 4033 1437 4083 est
1465 4025 1548 4084 lex
1579 4027 1742 4084 debet
1767 4043 1887 4084 esse
1917 4034 2289 4086 consentanea

689 4115 920 4186 rationi3
952 4113 1100 4186 quod
1139 4115 1269 4172 nihil
1309 4113 1459 4172 aliud
1489 4122 1607 4189 est,
1637 4131 1804 4189 quam
1833 4115 2030 4174 debere
2057 4132 2180 4174 esse
2206 4120 2291 4175 iu-

691 4211 830 4261 stam
858 4207 912 4259 in
949 4219 1114 4261 sensu
1153 4204 1449 4278 explicato.
1480 4207 1595 4262 lmo
1621 4207 1676 4262 in
1707 4206 1811 4262 hac
1840 4205 2150 4263 conditione
2182 4209 2292 4263 vir-

696 4299 813 4351 tute
847 4292 1148 4350 includitur
1176 4295 1352 4350 omnis
1379 4300 1434 4350 et
1463 4299 1574 4350 tota
1603 4294 1811 4351 iustitia
1831 4293 1997 4368 legis,
2022 4297 2154 4367 quia
2183 4311 2288 4352 non

691 4388 877 4454 potest
915 4383 1000 4440 lex
1034 4397 1156 4439 esse
1194 4383 1387 4439 rationi
1417 4382 1713 4440 conformis
1740 4382 2030 4454 absolute,
2061 4384 2160 4440 nisi
2190 4401 2291 4440 un-

690 4465 855 4544 diq‘ue
885 4471 1028 4528 iusta
1059 4473 1152 4528 sit.
1182 4472 1254 4528 Et
1279 4471 1400 4528 ideo
1428 4471 1483 4528 d.
1516 4473 1752 4528 Thomas
1780 4470 1837 4527 d.
1869 4486 1924 4544 q.
1958 4476 2030 4531 95
2051 4512 2067 4543 ,
2093 4479 2201 4528 art.
2230 4477 2287 4543 3,

694 4574 801 4616 non
823 4561 1038 4632 accepit
1058 4560 1198 4616 hanc
1224 4564 1286 4616 ut
1307 4558 1604 4632 specialem
1624 4559 1996 4617 conditionem
2019 4560 2176 4633 legis,
2195 4560 2292 4618 sed

695 4655 759 4706 ut
795 4649 1140 4722 generalem,
1185 4650 1386 4708 virtute
1424 4643 1797 4706 includentem
1838 4664 2055 4724 omnes,
2086 4659 2144 4706 et
2170 4650 2293 4706 ideo

694 4737 809 4793 illas
838 4737 1223 4810 praetermisit.

772 4826 1026 4883 Secundo
1068 4843 1202 4901 ergo
1245 4827 1472 4900 requirit
1509 4826 1754 4884 Isidorus
1796 4828 1846 4884 in
1875 4827 2026 4901 lege,
2064 4831 2132 4884 ut
2155 4827 2294 4884 reli·

627 4973 634 4982 ,
694 4917 857 4988 pioni
897 4920 1223 4989 congruat,
1258 4916 1407 4989 quod
1435 4917 1490 4973 d.
1521 4918 1756 4974 Thomas
1787 4917 1984 4974 ibidem
2017 4933 2295 4990 exponens

697 5003 766 5061 de
794 5003 912 5077 lege
941 5004 1180 5061 humana
1195 5047 1210 5077 ,
1231 5004 1398 5070 dicit,
1423 5021 1544 5061 esse
1566 5004 1764 5063 debere
1787 5011 2183 5079 congruentem
2212 5022 2297 5063 re-

696 5093 900 5166 ligioni,
931 5095 986 5150 in
1015 5102 1282 5167 quantum
1313 5109 1433 5150 esse
1460 5093 1620 5152 debet
1646 5095 2055 5167 proportionata
2081 5095 2188 5168 legi
2218 5097 2296 5154 di-

699 5183 877 5240 vinae.
923 5184 1069 5240 Haec
1111 5189 1292 5240 autem
1334 5185 1617 5256 proportio
1659 5185 1848 5242 nonin
1877 5183 1984 5242 alio
2015 5184 2295 5257 consistit,

2179 349 2381 400 unna
2409 351 2432 397 1
2442 377 2458 394 .

2354 473 2455 528 nisi
2480 473 2531 528 in
2557 471 2687 543 hoc,
2714 469 2861 544 quod
2886 487 2991 527 non
3016 471 3329 544 praecipiat,
3351 486 3492 543 quae
3516 472 3597 529 lex
3620 471 3801 528 divina
3824 487 3951 544 pro·

2352 561 2526 634 bibet3
2552 577 2651 618 nec
2675 560 2986 634 prohibeat,
3012 575 3153 632 quae
3180 559 3267 617 illa
3288 561 3576 632 praecipit;
3602 567 3656 618 et
3678 563 3759 617 sic
3782 562 3947 618 etiam

2350 649 2495 707 idem
2520 658 2606 707 est
2632 666 2754 707 esse
2782 657 3181 723 congruentem
3210 650 3481 723 religioni,
3512 650 3661 723 quod
3698 667 3819 708 esse
3845 652 3949 708 ho·

2350 745 2579 796 nestam.
2613 740 2915 798 Possumus
2956 744 3138 794 autem
3178 746 3233 794 et
3262 738 3625 796 conditionem
3654 742 3948 800 extendere

2348 827 2417 884 ad
2442 843 2676 904 ‘omnem
2718 826 2929 899 legem,
2972 833 3029 883 et
3066 828 3383 900 religionem
3424 843 3558 885 cum
3600 831 3788 886 maiori
3823 846 3949 901 pro·

2350 917 2579 988 prietate
2608 917 2859 986 accipere
2890 932 2989 987 pro
3014 930 3142 972 vero
3161 919 3271 972 ritu
3293 917 3508 974 colendi
3530 933 3721 975 verum
3750 922 3946 977 Deum.

2348 1005 2437 1062 Sic
2476 1005 2621 1061 enim
2664 1008 2913 1073 constat,
2956 1004 3131 1076 legem
3172 1013 3483 1076 aeternam,
3515 1013 3579 1063 ut
3604 1007 3949 1079 praeceptiva

2347 1099 2435 1150 est
2460 1091 2525 1149 ad
2554 1098 2707 1149 extra
2739 1108 2837 1164 pro
2868 1093 2983 1148 suis
3013 1094 3351 1163 temporibus
3369 1135 3384 1166 ,
3408 1110 3529 1151 esse
3556 1096 3788 1152 maxime
3814 1113 3951 1154 con-

2351 1186 2645 1253 gruentem
2686 1181 2869 1236 divino
2904 1181 3113 1252 cultui,
3144 1183 3274 1254 quia
3304 1184 3447 1239 Deus
3474 1199 3571 1254 per
3598 1183 3745 1240 illam
3775 1185 3948 1259 legem

2357 1271 2539 1327 omnia
2566 1269 2633 1326 ad
2666 1286 2831 1326 suum
2865 1269 3131 1327 honorem
3158 1277 3211 1327 et
3230 1271 3459 1344 gloriam
3480 1271 3712 1329 ordinat.
3739 1275 3809 1330 Et
3829 1273 3949 1330 ideo

2356 1359 2589 1415 maxime
2622 1358 2871 1429 prohibet
2902 1374 3062 1416 omne
3091 1367 3418 1433 peccatum,
3448 1361 3578 1434 quia
3606 1377 3737 1417 suae
3766 1361 3867 1436 legi
3898 1368 3956 1418 et

2355 1447 2581 1504 bonitati
2610 1447 2955 1503 contrarium
2979 1454 3084 1505 est.
3115 1449 3250 1504 Item
3281 1448 3366 1505 lex
3394 1448 3678 1521 naturalis,
3708 1465 3847 1522 quae
3866 1457 3956 1506 est

2353 1535 2525 1606 prima
2555 1534 2697 1591 illius
2727 1535 3098 1606 participatio,
3124 1537 3418 1608 praecipue
3448 1537 3712 1609 praecipit
3737 1538 3952 1594 cultum

2353 1624 2480 1694 Dei,
2525 1631 2750 1694 propter
2778 1622 2883 1679 hoc
2914 1625 3059 1680 enim
3086 1623 3223 1680 dixit
3250 1625 3404 1682 Paul.
3438 1625 3506 1681 ad
3534 1627 3695 1682 Rom.
3734 1631 3794 1698 l,
3823 1642 3955 1700 gen-

2362 1719 2445 1768 tes
2476 1711 2644 1768 suisse
2674 1711 3102 1784 inexcusabiles,
3136 1714 3266 1786 quia
3303 1730 3434 1771 cum
3470 1717 3752 1772 novissent
3778 1716 3953 1788 illum,

2358 1815 2467 1856 non
2498 1801 2645 1857 sicut
2672 1804 2839 1856 Deum
2874 1799 3339 1872 glorificaverunt.
3365 1804 3434 1859 Et
3462 1801 3582 1860 ideo
3617 1803 3701 1860 lex
3724 1811 3955 1861 naturae

2358 1905 2464 1946 non
2509 1889 2686 1945 solum
2727 1905 2835 1945 non
2877 1891 3168 1962 praecipit,
3203 1907 3392 1948 verum
3436 1908 3535 1949 nec
3565 1895 3833 1964 permittit
3860 1895 3955 1951 ali-

2354 1977 2513 2049 quid,
2558 1977 2710 2050 quod
2748 1993 2880 2034 cum
2921 1979 3035 2034 veri
3076 1980 3169 2036 Dei
3213 1979 3469 2052 religione
3512 1998 3619 2038 non
3658 1992 3949 2055 congruat.

2354 2065 2613 2131 Quamvis
2630 2068 2773 2122 enim
2796 2081 2902 2122 non
2924 2066 3139 2138 singula
3160 2075 3451 2141 praecepta
3474 2071 3617 2126 illius
3640 2070 3771 2144 legis
3793 2088 3951 2144 prae-

2356 2153 2556 2224 cipiant
2583 2154 2799 2212 cultum
2831 2155 2947 2226 Dei3
2975 2155 3189 2214 nullum
3216 2165 3398 2215 tamen
3426 2161 3690 2232 praecipit
3716 2162 3947 2235 aliquid,

2356 2243 2507 2316 quod
2550 2259 2657 2300 non
2700 2246 2875 2315 possit
2906 2245 2957 2300 in
2984 2245 3217 2318 gloriam
3244 2247 3335 2304 Dei
3362 2249 3474 2305 fieri
3492 2289 3507 2318 ,
3537 2257 3594 2306 et
3620 2249 3725 2306 hoc
3754 2258 3837 2307 est
3866 2267 3953 2308 re-

2357 2333 2539 2406 ligioni
2568 2349 2900 2405 congruere.

2432 2424 2491 2479 ln
2522 2422 2734 2498 legibus
2762 2423 2922 2481 etiam
2952 2422 3151 2481 divinis
3180 2426 3421 2498 positivis
3450 2434 3537 2485 est
3556 2428 3690 2486 haec
3712 2427 3953 2486 conditio

2356 2527 2456 2585 per
2496 2528 2553 2568 se
2596 2519 2758 2585 nota,
2799 2513 2930 2585 quia
2968 2529 3180 2586 semper
3220 2513 3378 2572 datae
3420 2523 3581 2588 sunt,
3622 2523 3683 2574 ut
3725 2519 3955 2576 maxime

2360 2601 2704 2674 congruebat
2729 2601 2797 2658 ad
2823 2602 3067 2659 divinum
3095 2604 3311 2662 cultum
3338 2612 3395 2676 et
3417 2605 3731 2678 religionem
3752 2623 3851 2679 pro
3874 2616 3956 2664 ta-

2358 2688 2502 2746 libus
2546 2691 2886 2762 temporibus
2924 2698 2981 2748 et
3020 2693 3269 2765 populis,
3299 2701 3364 2751 ut
3402 2696 3540 2752 infra
3572 2696 3862 2755 tractando
3890 2697 3957 2754 de

2356 2777 2463 2835 illis
2504 2778 2719 2853 legibus
2760 2779 3096 2852 videbimus,
3138 2788 3198 2839 et
3234 2783 3433 2853 optime
3471 2785 3653 2858 colligi
3682 2790 3863 2858 potest
3888 2801 3958 2842 ex

2359 2871 2450 2929 illa
2480 2871 2745 2926 sententia
2768 2870 3013 2942 Apostoli
3042 2870 3109 2928 ad
3134 2871 3296 2928 Hebr.
3327 2877 3390 2930 7:
3420 2874 3741 2931 Translate
3760 2891 3955 2932 sacer-

2364 2960 2552 3025 dotio,
2600 2974 2831 3016 necesse
2868 2963 2982 3026 est,
3031 2965 3099 3017 ut
3137 2958 3279 3033 lepis
3306 2961 3624 3019 translatio
3638 2962 3781 3034 fiat.
3812 2965 3956 3021 Nam

2362 3050 2487 3107 licet
2512 3049 2819 3122 specialiter
2846 3045 2903 3105 id
2930 3048 3139 3105 dictum
3167 3049 3334 3106 fuerit
3363 3056 3586 3124 propter
3610 3052 3783 3124 legem
3810 3059 3958 3108 vete-

2358 3155 2511 3211 rem,
2543 3137 2760 3196 t'undari
2802 3144 2953 3194 recte
2994 3144 3175 3210 potest
3212 3139 3263 3195 in
3305 3139 3407 3196 hac
3452 3139 3765 3197 conditione
3798 3142 3952 3214 legis,

2363 3228 2510 3301 quod
2538 3226 2703 3284 debet
2729 3243 3039 3300 congruere
3063 3226 3330 3299 religioni,
3353 3224 3411 3285 et
3428 3228 3575 3299 ideo,
3608 3233 3818 3285 mutato
3847 3229 3955 3285 ritu

2360 3316 2637 3389 religionis
2655 3357 2671 3388 ,
2692 3315 2839 3372 illam
2872 3317 3071 3373 mutari
3096 3331 3322 3372 necesse
3342 3323 3447 3372 est.
3467 3317 3619 3373 Unde
3642 3316 3767 3373 binc
3790 3318 3955 3372 etiam

2364 3407 2508 3463 solet
2552 3404 2894 3477 Augustinus
2943 3404 3233 3476 utriusque
3276 3404 3412 3476 legis
3454 3405 3863 3461 consonantiam
3902 3411 3958 3460 et

2362 3496 2631 3552 rationem
2652 3492 2957 3564 explicare,
2986 3499 3048 3548 ut
3067 3493 3247 3564 attigit
3271 3492 3365 3549 lib.
3394 3497 3447 3550 3.
3480 3489 3749 3564 Consess.
3777 3509 3832 3549 ο.
3860 3497 3955 3566 37,

2360 3582 2538 3640 etlate
2561 3583 2914 3654 prosequitur
2936 3580 2989 3636 in
3013 3580 3162 3636 libris
3184 3584 3397 3637 contra
3406 3583 3699 3638 Faustum
3718 3586 3774 3636 et
3793 3596 3955 3652 saepe

2362 3672 2511 3728 alias.
2545 3673 2786 3743 Denique
2818 3669 2963 3741 leges
2992 3668 3283 3740 humanae,
3308 3669 3351 3725 si
3379 3670 3489 3726 sint
3516 3669 3835 3741 canonicae,
3861 3685 3958 3740 per

2362 3776 2419 3817 se
2462 3761 2639 3833 primo
2683 3758 2972 3815 intendunt
3009 3757 3250 3815 divinum
3290 3756 3505 3815 cultum
3534 3764 3591 3814 et
3618 3757 3953 3830 religionem,

2360 3856 2417 3907 et
2442 3851 2513 3907 ita
2541 3849 2653 3905 l'ere
2684 3847 2931 3920 singulae
2960 3847 3010 3902 in
3041 3845 3130 3902 illa
3160 3847 3387 3903 materia
3414 3853 3739 3903 versantur:
3774 3847 3956 3919 aliqua

2363 3953 2494 3997 vero
2522 3942 2755 4009 possunt
2778 3939 2833 3992 in
2860 3936 2980 3991 aliis
3011 3937 3254 3992 materiis
3279 3938 3513 4006 versari,
3538 3951 3753 4007 semper
3778 3943 3957 3992 tamen

2361 4029 2416 4083 in
2444 4027 2523 4083 eis
2553 4026 2879 4083 observatur
2910 4025 3140 4080 maxime
3176 4023 3445 4096 religionis
3472 4022 3719 4080 decentia
3748 4029 3803 4080 et
3826 4038 3958 4080 con-

2361 4116 2636 4191 gruentia.
2670 4114 2914 4186 Denique
2942 4113 3094 4186 leges
3117 4112 3301 4170 civiles
3317 4152 3334 4185 ,
3360 4114 3491 4170 licet
3510 4112 3661 4170 hunc
3683 4114 3841 4170 linem
3864 4128 3959 4185 per

2362 4221 2420 4262 se
2460 4221 2565 4261 non
2606 4202 2883 4274 habeant,
2927 4200 2999 4259 illi
3040 4209 3223 4258 tamen
3266 4203 3749 4263 subalternantur.
3790 4208 3847 4259 et
3882 4204 3959 4258 ita

2360 4294 2559 4352 debent
2596 4292 2671 4348 illi
2708 4307 2816 4347 non
2845 4305 3183 4363 repugnare,
3216 4290 3346 4358 alias
3374 4292 3554 4347 iustae
3583 4307 3691 4346 non
3727 4296 3960 4361 possunt

2359 4397 2479 4439 esse
2500 4423 2515 4454 ,
2545 4387 2598 4437 et
2627 4380 2733 4437 hoc
2776 4379 2941 4436 modo
2976 4379 3176 4435 debent
3214 4394 3522 4451 congruere
3562 4379 3825 4453 religioni.
3861 4381 3960 4436 Po-

2365 4477 2471 4529 test
2494 4472 2641 4527 enim
2670 4469 2803 4526 baec
2834 4469 3075 4526 conditio
3101 4477 3157 4525 et
3184 4470 3411 4540 positive
3437 4475 3491 4524 et
3514 4470 3764 4541 negative
3793 4468 3960 4540 expli·

2363 4562 2515 4633 cari,
2544 4566 2601 4616 et
2633 4558 2762 4615 licet
2788 4558 2841 4614 in
2870 4556 3197 4630 quibusdam
3224 4557 3435 4629 legibus
3464 4559 3614 4628 prior
3654 4557 3853 4613 modus
3882 4558 3961 4611 in-

2365 4651 2649 4722 veniatur3
2680 4650 2735 4703 in
2778 4646 2895 4704 aliis
2926 4645 3136 4703 sufficit
3162 4647 3439 4718 posterior
3460 4687 3475 4718 ,
3506 4645 3717 4702 scilicet
3747 4652 3808 4701 ut
3840 4644 3962 4701 reli-

2363 4739 2507 4812 gioni
2530 4751 2688 4793 verae
2716 4751 2821 4791 non
2851 4741 3194 4807 repugnent,
3225 4733 3379 4806 quod
3408 4739 3587 4790 totum
3614 4732 3684 4789 ad
3706 4733 3959 4790 honesta-

2365 4836 2478 4886 tem
2506 4841 2699 4883 earum
2728 4825 2984 4896 pertinet.

2448 4917 2629 4974 Tertio
2659 4913 2889 4987 requirit
2915 4913 3159 4969 Isidorus
3186 4911 3237 4967 in
3261 4910 3407 4984 lege,
3432 4907 3589 4983 quod
3608 4907 3961 4983 disciplinae

2366 5008 2709 5070 conveniat,
2757 5001 2905 5075 quod
2946 4999 3007 5057 d.
3051 5000 3285 5056 Thomas
3325 5001 3576 5070 exponit,
3621 5001 3761 5071 quia
3804 4997 3968 5054 debet

2366 5111 2489 5153 esse
2522 5094 2983 5169 proportionata
3018 5087 3135 5164 legi
3172 5093 3463 5146 naturae:
3499 5103 3639 5161 quae
3680 5089 3963 5159 proportio

2368 5203 2477 5244 non
2514 5184 2569 5242 in
2598 5182 2703 5242 alio
2732 5186 2913 5255 potest
2940 5179 3276 5252 consistere,
3304 5179 3405 5234 nisi
3436 5177 3487 5234 in
3519 5177 3647 5248 hoc,
3677 5175 3823 5249 quod
3854 5193 3963 5233 non
