4325 6267
1842 412 2051 464 CAPUT
2077 411 2171 457 Vl·

351 533 530 606 legem
557 548 664 589 non
695 533 976 607 converti3
1007 550 1130 590 nam
1162 535 1290 593 licet
1314 537 1488 594 omnis
1517 537 1598 594 lex
1628 537 1696 594 sit
1720 553 1942 610 praece-

347 631 530 694 ptum,
557 639 662 680 non
686 629 866 680 tamen
890 640 1048 681 omne
1069 631 1424 698 praeceptum
1445 633 1530 684 est
1541 626 1646 700 lex,
1663 627 1756 684 sed
1779 643 1941 700 opor·

349 719 450 783 tet,
484 720 546 769 ut
573 713 838 785 speciales
867 713 1206 771 conditiones
1241 715 1470 789 habeat,
1499 717 1639 773 inter
1667 733 1806 789 quas
1834 733 1944 775 una

343 809 463 873 est,
495 810 558 858 ut
585 803 654 858 sit
684 809 1038 874 praeceptum
1061 819 1354 860 commune
1381 805 1432 862 in
1461 821 1628 862 sensu
1649 807 1944 878 explicato.

348 893 536 964 Neque
564 899 784 964 oportet
803 893 856 948 in
877 907 937 948 re
966 893 1154 950 morali
1182 897 1336 950 anxie
1365 896 1656 968 inquirere,
1692 912 1760 951 an
1788 911 1944 968 prae-

348 987 574 1053 ceptum
599 987 656 1037 et
683 980 768 1038 lex
794 981 1150 1038 essentialiter
1189 983 1629 1056 distinguantur,
1659 990 1774 1041 esto
1803 987 1944 1040 enirn

347 1086 458 1127 non
498 1067 899 1143 distinguantur
927 1072 1150 1145 physice
1190 1089 1300 1144 quo
1327 1073 1393 1129 ad
1428 1077 1639 1145 species
1668 1073 1944 1131 naturales

344 1165 574 1217 actuum
593 1199 609 1230 ,
643 1161 770 1216 satis
799 1167 885 1216 est
910 1160 1057 1232 quod
1086 1161 1493 1234 distinguantur
1523 1163 1832 1227 moraliter,
1863 1163 1946 1218 vel

349 1250 432 1322 (ut
459 1249 531 1304 ita
561 1247 756 1322 dicam)
789 1249 840 1304 in
869 1265 990 1305 esse
1027 1251 1309 1307 artificiali.
1345 1255 1441 1309 Est
1473 1254 1618 1308 enim
1655 1251 1742 1308 lex
1783 1251 1946 1308 veluti

343 1336 628 1412 quoddam
673 1345 790 1395 arte
828 1338 1034 1395 sactum
1073 1338 1344 1396 resultans
1383 1357 1451 1398 ex
1489 1340 1578 1397 tali
1617 1347 1784 1414 actu,
1813 1357 1944 1397 cum

351 1427 552 1483 talibus
580 1427 1030 1501 circumstantiis,
1055 1428 1480 1503 conditionibus,
1504 1429 1588 1486 vel
1619 1429 1946 1488 habitudini-

349 1517 489 1590 bus,
518 1517 632 1572 sine
673 1517 872 1589 quibus
913 1534 1017 1573 non
1058 1518 1162 1574 erit
1202 1535 1330 1575 vera
1371 1519 1486 1590 lex,
1519 1520 1726 1577 etiamsi
1767 1518 1947 1592 quoad

345 1611 534 1662 actum
568 1605 932 1678 praecipiendi
959 1607 1202 1663 eiusdem
1241 1609 1310 1666 sit
1345 1617 1592 1665 natutae.
1623 1609 1760 1666 Addi
1787 1610 1948 1665 etiam

343 1701 548 1768 potest,
585 1695 974 1768 legislationem
997 1696 1176 1770 quoad
1205 1705 1392 1755 actum
1416 1699 1759 1771 prudentiae.
1785 1717 1814 1756 a
1836 1716 1946 1771 quo

343 1785 626 1857 procedit,
659 1793 716 1842 et
741 1785 922 1858 quoad
951 1785 1314 1859 honestatem,
1337 1805 1504 1862 quam
1532 1789 1713 1857 habet,
1737 1796 1800 1845 ut
1826 1805 1951 1860 pro-

343 1873 497 1930 cedit
521 1889 552 1929 a
586 1873 918 1946 legislatore,
949 1875 1148 1932 habere
1177 1878 1465 1949 specialem
1489 1879 1749 1935 rationem
1772 1879 1948 1934 virtu-

345 1963 420 2018 tis
450 1963 760 2021 distinctam
789 1981 818 2020 a
846 1975 1138 2038 praecepto
1166 1967 1511 2037 particulari,
1533 1955 1588 2025 et
1616 1969 1865 2041 privato,
1895 1975 1950 2024 et

345 2051 454 2108 hoc
502 2051 662 2108 modo
699 2053 808 2110 dici
839 2069 996 2124 posse
1035 2053 1206 2128 legem
1228 2097 1244 2128 ,
1274 2062 1330 2113 et
1365 2059 1445 2113 sic
1482 2057 1839 2115 essentialiter
1867 2057 1948 2113 di·

347 2141 548 2214 stingui
581 2158 612 2197 a
640 2144 854 2214 privato
883 2144 1158 2202 mandato.

437 2235 523 2290 10.
558 2230 637 2287 Ad
664 2232 890 2304 primam
933 2236 1395 2293 confirmationem
1432 2237 1826 2308 respondetur,
1859 2251 1948 2292 ve·

347 2336 478 2376 rum
511 2336 653 2392 esse,
681 2322 852 2394 legem
873 2321 1053 2380 dicere
1078 2335 1392 2396 respectum
1415 2327 1480 2382 ad
1505 2327 1806 2400 singulares
1829 2343 1949 2399 per-

347 2425 538 2480 sonas,
581 2417 642 2466 ut
669 2420 798 2469 sunt
825 2424 1007 2484 partes
1035 2416 1466 2489 communitatis,
1489 2418 1580 2473 cui
1612 2417 1692 2473 lex
1725 2417 1952 2489 imponi·

349 2509 441 2555 tur
473 2507 736 2573 tanquam
767 2502 956 2575 regula
985 2502 1264 2575 operandi.
1298 2505 1378 2561 Ad
1413 2506 1711 2562 secundam
1751 2508 1950 2563 contir-

349 2591 642 2646 mationem
679 2591 1068 2662 respondetur,
1103 2592 1274 2666 legem
1306 2611 1412 2650 non
1442 2595 1546 2650 dici
1575 2611 1946 2668 communem,

347 2681 482 2753 quia
516 2683 827 2737 necessario
858 2681 1056 2754 imponi
1078 2681 1270 2739 debeat
1291 2685 1691 2756 communitati,
1719 2691 1779 2741 ut
1800 2701 1953 2742 com-

349 2767 592 2825 munitas
622 2777 710 2826 est
734 2777 791 2827 et
819 2786 1022 2842 corpus
1051 2773 1375 2848 mysticum3
1409 2772 1503 2830 sed
1531 2776 1660 2847 quia
1688 2775 1954 2848 generali-

349 2864 436 2914 ter
465 2861 694 2931 proponi
718 2859 897 2932 (lebet,
927 2867 990 2917 ut
1016 2860 1085 2917 ad
1115 2878 1303 2919 omnes
1323 2868 1380 2919 et
1405 2863 1652 2936 singulos
1679 2851 1950 2938 pertinere

349 2949 564 3022 possit,
599 2953 752 3008 iuxta
784 2953 1032 3008 materiae
1061 2953 1417 3025 exigentiam3
1447 2961 1505 3010 et
1535 2955 1639 3010 hoc
1667 2955 1830 3011 modo
1862 2971 1951 3012 ve-

350 3057 476 3096 rum
506 3049 626 3111 est,
659 3041 790 3098 ferri
820 3047 882 3098 ut
910 3042 1154 3114 regulam
1188 3059 1545 3115 personarum
1575 3058 1867 3116 verarum,
1898 3051 1952 3101 et

348 3145 461 3186 non
505 3136 717 3187 tantum
754 3131 1033 3188 fictarum.
1075 3131 1396 3190 Addendum
1437 3149 1566 3190 vero
1607 3140 1694 3189 est
1728 3140 1950 3206 propter

350 3221 814 3277 confirmationem
829 3222 1062 3279 tertiam.
1083 3221 1255 3294 legem
1269 3222 1536 3280 ordinarie
1559 3223 1686 3279 ferri
1709 3223 1778 3279 ad
1803 3239 1952 3279 com-

351 3311 681 3366 munitatem
715 3327 822 3366 non
851 3310 1162 3382 collective,
1195 3312 1290 3368 sed
1317 3310 1683 3379 distributive,
1706 3312 1758 3368 id
1781 3318 1864 3368 est
1891 3319 1954 3368 ut

353 3397 424 3453 ab
445 3397 697 3454 omnibus
719 3405 776 3456 et
797 3400 1023 3472 singulis
1049 3399 1114 3456 de
1137 3402 1531 3457 communitate
1549 3410 1798 3457 servetur
1821 3417 1950 3457 cum

351 3487 731 3545 distributione
744 3491 1104 3547 accommoda
1116 3492 1266 3548 iuxta
1276 3491 1644 3548 conditionem
1657 3492 1807 3564 legis,
1825 3507 1949 3548 nam

353 3577 460 3633 boc
484 3593 699 3650 semper
719 3579 1232 3653 subintelligendum
1255 3587 1358 3637 est.
1380 3582 1567 3637 Potest
1585 3588 1767 3638 autem
1788 3582 1952 3637 etiam

267 3703 280 3713 .
356 3664 486 3722 ferri
511 3666 806 3740 aliquando
835 3668 921 3724 lex
950 3671 1000 3724 in
1023 3671 1199 3741 ipsam
1221 3673 1692 3738 communitatem,
1714 3677 1779 3728 ut
1801 3687 1952 3726 com-

353 3757 592 3813 munitas
603 3763 709 3826 est,
724 3757 776 3815 id
788 3765 871 3814 est
884 3759 1240 3830 prohibendo,
1255 3758 1336 3815 vel
1351 3759 1732 3832 praecipiendo
1744 3769 1948 3832 actum,

353 3846 451 3918 qui
478 3846 546 3901 ab
574 3845 662 3902 illa
689 3847 828 3918 sola,
861 3854 923 3903 ut
948 3851 1316 3905 communitas
1348 3855 1450 3918 est,
1477 3849 1720 3906 exerceri
1750 3856 1948 3920 potest,

355 3940 422 3989 ut
449 3942 670 3992 constat
695 3934 765 3992 de
801 3937 1018 3993 statutis
1056 3953 1540 4011 quarumcumque
1571 3940 1952 4012 congregatio·

355 4039 514 4094 num,
541 4026 982 4096 universitatum,
1009 4026 1400 4104 capitulorum,
1427 4027 1811 4100 collegiorum,
1836 4034 1946 4084 etc.

355 4111 768 4183 disponentibus
796 4114 974 4188 aliqua
1005 4117 1155 4171 circa
1178 4119 1421 4173 actiones
1443 4116 1689 4188 publicas
1720 4124 1775 4173 et
1801 4132 1951 4174 com-

357 4217 554 4258 munes
585 4203 707 4259 talis
745 4208 998 4276 corporis
1027 4206 1262 4280 mystici.
1294 4207 1428 4262 Nam
1468 4205 1586 4262 illae
1627 4215 1758 4263 sunt
1795 4223 1953 4264 verae

355 4293 529 4364 leges,
561 4296 608 4349 si
635 4293 766 4350 alias
794 4296 1136 4352 conditiones
1166 4295 1429 4367 habeant,
1460 4297 1618 4352 etiam
1657 4297 1700 4352 si
1741 4303 1953 4354 tantum

355 4383 698 4455 praecipiant
744 4385 838 4440 uni
878 4384 1180 4443 individuae
1221 4386 1641 4457 communitati,
1684 4386 1728 4442 si
1772 4394 1952 4443 tamen

357 4475 726 4530 communitas
753 4474 993 4544 perfecta
1015 4475 1106 4544 sit,
1138 4481 1202 4531 ut
1227 4477 1412 4533 statim
1444 4476 1647 4532 dicam.
1665 4477 1800 4532 Tum
1825 4477 1955 4548 quia

358 4561 491 4618 licet
526 4560 614 4617 illa
648 4560 868 4619 dicatur
910 4579 1017 4619 una
1053 4579 1284 4636 persona
1321 4565 1442 4621 licta
1464 4605 1479 4636 ,
1512 4564 1828 4635 simpliciter
1871 4571 1958 4621 est

357 4651 727 4708 communitas
750 4694 763 4721 ,
794 4658 850 4708 et
886 4652 1046 4709 habet
1084 4654 1496 4724 perpetuitatem
1533 4655 1846 4726 requisitam
1887 4654 1956 4710 ad

360 4740 560 4811 legem,
591 4747 648 4796 et
675 4741 980 4798 immediate
1010 4743 1236 4814 respicit
1257 4743 1460 4800 bonum
1489 4759 1804 4814 commune3
1837 4751 1956 4800 tum

356 4831 523 4884 etiam
547 4832 676 4902 quia
695 4846 793 4901 per
815 4831 976 4887 talem
1003 4831 1174 4904 legem
1198 4847 1412 4903 semper
1424 4830 1737 4904 obligantur
1758 4832 1956 4906 singuli

357 4917 428 4973 de
455 4918 545 4975 illa
573 4921 966 4976 communitate
995 4921 1059 4976 ad
1091 4937 1195 4976 non
1234 4921 1607 4994 operandum,
1641 4922 1724 4978 vel
1761 4939 1959 4995 coope-

358 5008 596 5066 randum
625 5017 818 5068 contra
848 5010 1008 5066 talem
1043 5012 1233 5084 legem.

451 5104 540 5157 tt.
573 5099 678 5156 Sed
708 5107 940 5174 quaeret
967 5117 1071 5158 non
1104 5101 1371 5158 immerito
1403 5102 1625 5174 aliquis,
1655 5104 1830 5176 qualis
1867 5103 1960 5160 de·

359 5189 489 5245 beat
517 5205 642 5246 esse
679 5191 1045 5247 communitas
1069 5233 1084 5264 ,
1118 5199 1180 5248 ut
1209 5193 1279 5247 sit
1317 5207 1488 5264 capax
1523 5193 1776 5264 propriae
1803 5192 1954 5266 legis.

363 5279 690 5352 Respondeo
708 5280 966 5354 breviter,
999 5296 1100 5353 pro
1127 5280 1435 5339 diversitate
1461 5282 1661 5354 legum,
1689 5282 1958 5342 diversam

3455 390 3536 452 2¹7

2013 538 2463 596 communitatem
2488 534 2765 604 sufficere,
2782 533 2867 592 vel
2879 532 3170 607 postulari.
3192 530 3452 604 Distingui
3473 547 3607 605 ergo

2013 635 2196 702 potest
2224 627 2273 682 in
2302 627 2492 699 primis
2520 623 2922 696 communitas,
2951 622 3081 694 quia
3108 619 3375 694 quaedam
3401 628 3484 677 est
3514 637 3607 675 na·-

2014 718 2209 775 turalis
2237 733 2335 789 per
2364 714 2536 773 solam
2566 712 2998 770 convenientiam
3026 711 3077 767 in
3107 709 3351 767 rationali
3383 716 3605 777 natura,

2015 805 2324 864 cuiusmodi
2350 811 2436 862 est
2462 802 2829 860 communitas
2860 800 3081 857 humani
3103 800 3338 872 generis,
3362 815 3504 872 quae
3528 803 3609 854 in·

2012 903 2098 953 ter
2125 911 2313 951 omnes
2341 893 2585 950 homines
2623 890 2935 959 intervenit3
2977 889 3077 944 alia
3114 905 3244 945 vero
3282 889 3391 944 dici
3430 895 3610 960 potest

2013 984 2378 1040 communitas
2404 982 2620 1055 politica
2646 978 2730 1035 vel
2762 980 2994 1053 mystica
3034 992 3132 1048 per
3160 976 3446 1049 specialem
3476 993 3609 1032 con-

2016 1075 2347 1131 iunctionem
2370 1075 2422 1128 in
2454 1069 2874 1143 congregatione
2903 1067 3094 1125 morali
3117 1067 3279 1124 modo
3302 1083 3429 1124 una.
3458 1069 3610 1124 Prio-

2015 1180 2129 1220 rem
2161 1163 2606 1222 communitatem
2634 1161 2859 1240 respicit
2887 1159 2975 1215 lex
3017 1156 3317 1229 naturalis,
3348 1173 3486 1231 quae
3514 1160 3611 1229 per

2015 1235 2198 1310 lumen
2242 1254 2466 1310 rationis
2510 1250 2805 1322 unicuique
2848 1248 3047 1306 homini
3088 1249 3431 1318 proponitur.
3475 1249 3610 1315 Quia

2016 1359 2120 1398 non
2151 1343 2327 1400 fertur
2358 1342 2425 1399 ad
2450 1355 2907 1413 unumquemque
2932 1383 2943 1409 ,
2974 1354 3083 1411 qua
3122 1338 3243 1394 talis
3270 1345 3391 1410 est,
3419 1341 3613 1396 Petrus

2021 1449 2074 1486 v.
2102 1447 2157 1504 g.
2192 1432 2287 1489 sed
2309 1449 2420 1505 qua
2440 1431 2625 1486 home.
2652 1428 2804 1497 Quod
2829 1429 3120 1485 observare
3142 1427 3268 1484 licet
3290 1434 3399 1484 tam
3424 1427 3471 1482 in
3495 1428 3611 1501 lege

2015 1536 2152 1594 pure
2182 1522 2442 1592 naturali,
2474 1536 2640 1594 quam
2668 1520 2717 1574 in
2749 1518 3180 1590 supernaturali,
3213 1528 3485 1592 quatenus
3516 1519 3613 1590 ipsi
3655 1553 3658 1556 -

2015 1612 2223 1681 gratiae
2252 1608 2627 1667 connaturalis
2654 1616 2759 1665 est.
2787 1609 3062 1664 Posterior
3091 1609 3457 1664 communitas
3486 1607 3618 1665 sub-

2015 1699 2274 1774 distingui
2304 1707 2514 1773 potest3
2543 1715 2667 1754 nam
2696 1696 2965 1771 quaedam
2987 1696 3207 1768 intelligi
3229 1704 3410 1767 potest
3435 1696 3615 1753 addita

2017 1801 2386 1862 naturae,non
2411 1796 2589 1845 tamen
2612 1791 2732 1845 iure
2752 1786 3021 1859 humano,
3038 1784 3133 1843 sed
3154 1786 3353 1859 divino,
3378 1802 3444 1843 eo
3466 1787 3617 1860 quod

2017 1879 2083 1935 ab
2111 1879 2224 1950 ipso
2254 1881 2364 1935 Deo
2396 1879 2639 1934 instituta
2664 1879 2735 1932 sit
2755 1876 2859 1932 sub
2880 1875 3063 1948 aliquo
3084 1876 3265 1946 capite
3285 1876 3354 1932 ab
3381 1875 3499 1948 ipso
3522 1874 3615 1931 de-

2019 1969 2254 2041 signato,
2285 1973 2343 2024 et
2368 1967 2711 2046 cumaliqua
2739 1966 2939 2021 unione
2968 1965 3017 2020 in
3048 1965 3235 2021 ordine
3256 1964 3323 2021 ad
3355 1980 3615 2036 superna-

2020 2056 2252 2113 turalem
2280 2057 2458 2112 tinem.
2494 2054 2817 2113 Huiusmodi
2846 2053 2949 2109 fuit
2976 2052 3103 2108 olim
3130 2069 3431 2130 synagoga,
3468 2069 3617 2110 nunc

2017 2153 2205 2202 autem
2228 2145 2398 2202 multo
2428 2145 2718 2217 perfectior
2746 2149 2835 2198 est
2864 2141 3111 2198 Ecclesia
3148 2142 3447 2214 catholica,
3477 2158 3620 2217 quae

2020 2253 2126 2292 non
2158 2253 2259 2308 pro
2294 2251 2402 2291 uno
2432 2235 2514 2290 vel
2544 2235 2645 2289 alio
2672 2232 2902 2305 populo,
2927 2231 3019 2287 sed
3049 2248 3148 2304 pro
3176 2233 3430 2288 universo
3454 2248 3614 2288 mun-

2015 2325 2087 2382 do
2117 2325 2183 2382 ab
2214 2327 2447 2398 ipsomet
2474 2325 2687 2381 Christo
2716 2323 2966 2380 instituta
2994 2329 3103 2389 est,
3136 2323 3239 2378 sub
3265 2321 3453 2379 eadem
3484 2323 3610 2392 tide,

2018 2415 2122 2472 sub
2151 2416 2323 2471 certis
2360 2416 2523 2486 signis
2566 2414 2630 2469 ab
2667 2413 2856 2469 eodem
2894 2411 3395 2468 Christo-institutis
3434 2419 3615 2484 prote·

2018 2502 2228 2575 standa,
2252 2511 2307 2559 et
2334 2502 2437 2559 sub
2467 2501 2763 2559 obedientia
2788 2501 2949 2556 unius
2973 2501 3189 2572 capitis,
3214 2505 3307 2558 cui
3332 2504 3443 2573 ipse
3468 2503 3614 2558 vices

2023 2610 2151 2651 suas
2179 2596 2234 2650 in
2264 2595 2421 2649 terris
2450 2593 2743 2649 commisit.
2766 2589 2847 2648 Ad
2869 2589 3180 2647 huiusmodi
3200 2608 3332 2664 ergo
3362 2609 3608 2649 commu-

2018 2685 2240 2739 nitatem
2256 2683 2508 2740 l'eruntur
2528 2698 2626 2753 per
2649 2697 2706 2737 se
2728 2681 2903 2754 primo
2928 2681 3072 2754 leges
3090 2679 3301 2738 divinae
3324 2682 3609 2754 positivae,

2018 2775 2165 2830 sicut
2192 2773 2295 2830 luit
2320 2773 2406 2830 lex
2440 2780 2599 2830 vetus
2642 2772 2769 2827 data
2810 2770 3016 2843 populo
3046 2770 3371 2828 Iudaeorum
3393 2813 3408 2844 ,
3440 2778 3493 2828 et
3532 2771 3617 2828 lex

2016 2867 2227 2938 gratiae
2254 2863 2379 2921 data
2409 2880 2508 2936 pro
2536 2862 2789 2919 universa
2817 2860 3081 2918 Ecclesia.
3108 2863 3243 2918 Item
3275 2861 3340 2917 ad
3370 2863 3617 2919 eamdem

2017 2955 2274 3011 seruntur
2311 2955 2458 3028 leges
2497 2954 2829 3022 canonicae,
2860 2952 3113 3025 quamvis
3150 2968 3258 3009 non
3298 2968 3487 3008 omnes
3516 2968 3615 3022 pro

2019 3046 2273 3101 universa
2309 3044 2559 3101 Ecclesia
2588 3043 2995 3100 constituantur
3016 3087 3031 3118 ,
3062 3042 3154 3098 sed
3186 3041 3337 3098 iuxta
3366 3042 3615 3098 intentio-

2018 3149 2173 3204 nem,
2207 3134 2291 3190 vel
2333 3138 2653 3204 potestatem
2694 3132 2915 3190 ferentis
2957 3133 3105 3202 illas,
3140 3141 3203 3188 ut
3241 3138 3431 3203 postea
3470 3129 3617 3186 vide-

2017 3222 2217 3280 bimus.
2814 3261 2827 3276 .

2094 3314 2314 3368 Praeter
2344 3311 2440 3367 bas
2468 3317 2554 3367 est
2581 3311 2949 3367 communitas
2974 3309 3291 3366 humanitus
3314 3325 3617 3382 congrega-

2021 3409 2096 3472 ta,
2129 3417 2228 3458 seu
2258 3401 2471 3456 inventa
2490 3442 2505 3472 ,
2537 3416 2676 3473 quae
2705 3398 2912 3456 dicitur
2940 3416 3060 3456 esse
3090 3407 3288 3456 coetus
3312 3399 3615 3466 hominum,

2021 3490 2114 3564 qui
2163 3491 2347 3563 aliquo
2379 3493 2498 3546 iure
2528 3489 2830 3561 sociantur,
2863 3496 2927 3546 ut
2954 3489 3189 3545 sumitur
3216 3505 3280 3544 ex
3310 3488 3345 3543 l.
3381 3490 3611 3557 civitas,

2020 3579 2075 3635 ff.
2091 3581 2135 3634 si
2156 3586 2369 3634 certum
2393 3585 2633 3651 petatur,
2653 3584 2790 3634 etex
2812 3593 2935 3649 cap.
2957 3577 3206 3640 Dilecta,
3232 3580 3414 3634 iuncta
3428 3579 3618 3634 Glossa

2019 3669 2085 3726 de
2114 3669 2433 3727 excessibus
2462 3669 2854 3740 praelatorum,
2880 3668 2971 3724 ubi
2999 3667 3339 3740 declaratur,
3370 3667 3437 3722 ad
3466 3684 3619 3724 com-

2023 3761 2341 3816 munitatem
2364 3775 2471 3814 non
2494 3757 2751 3814 sufficere
2774 3757 3500 3828 hominummultitudinem,
3516 3759 3617 3814 nisi

2022 3853 2167 3906 inter
2200 3866 2259 3906 se
2288 3849 2471 3923 aliquo
2504 3847 2749 3920 foedere,
2782 3847 2833 3902 in
2857 3837 3141 3904 ordine'ad
3170 3847 3405 3920 aliquem
3434 3849 3612 3920 linem,

2020 3950 2078 3997 et
2097 3940 2203 3995 sub
2226 3940 2410 4012 aliquo
2432 3939 2611 4008 capite
2634 3938 2981 4009 copulentur.
3000 3937 3089 3993 Sic
3111 3937 3273 3993 etiam
3296 3936 3430 3993 dixit
3447 3938 3613 3992 Arist.

2025 4035 2077 4088 3.
2110 4028 2339 4086 Politic.
2377 4043 2498 4101 cap·
2536 4031 2633 4100 10,
2663 4027 2933 4084 civitatem
2961 4043 3081 4084 esse
3121 4029 3327 4084 civium
3366 4023 3616 4084 multitu-

2022 4119 2201 4175 dinem
2234 4117 2548 4174 habentium
2579 4117 2792 4174 scilicet
2822 4118 2962 4174 inter
2983 4132 3040 4173 se
3072 4116 3277 4172 morale
3304 4115 3609 4172 vinculum.

2021 4211 2167 4266 Haec
2198 4215 2379 4264 autem
2403 4207 2763 4264 communitas
2792 4207 3049 4280 distingui
3074 4206 3210 4262 solet
3231 4222 3261 4262 a
3282 4205 3617 4276 philosophis

2023 4297 2320 4354 moralibus
2342 4304 2397 4353 et
2418 4297 2739 4368 iurisperitis
2760 4297 2809 4351 in
2831 4295 3129 4368 perfectam
3140 4305 3197 4352 et
3216 4295 3613 4368 imperfectam.

2022 4389 2270 4446 Perfecta
2296 4391 2351 4443 in
2380 4403 2575 4460 genere
2601 4386 2833 4456 dicitur,
2866 4401 3007 4458 quae
3045 4393 3131 4442 est
3170 4401 3340 4456 capax
3371 4384 3617 4457 politicae

2024 4477 2455 4552 gubernationis,
2488 4492 2649 4550 quae,
2680 4481 2951 4550 quatenus
2983 4475 3100 4533 talis
3126 4481 3241 4547 est,
3272 4475 3474 4531 dicitur
3504 4474 3624 4531 sus-

2024 4571 2209 4625 ficiens
2231 4570 2283 4623 in
2308 4567 2411 4624 hoc
2430 4566 2640 4636 ordine,
2660 4566 2934 4639 quomodo
2959 4565 3093 4622 dixit
3112 4567 3276 4621 Arist.
3306 4571 3353 4623 1.
3380 4563 3616 4623 Politic.

2025 4675 2078 4716 c.
2121 4665 2169 4730 l,
2199 4665 2255 4714 et.
2279 4658 2335 4714 d.
2366 4658 2599 4713 Thomas
2631 4659 2679 4713 1.
2702 4661 2758 4727 2,
2782 4673 2838 4730 q.
2868 4661 2964 4724 90,
2987 4663 3094 4712 art.
3121 4661 3179 4724 2,
3204 4655 3475 4710 civitatem
3495 4670 3617 4710 esse

2027 4748 2476 4806 communitatem
2516 4746 2814 4816 perlectam
2834 4787 2849 4816 ,
2875 4751 2933 4801 et
2959 4761 2989 4800 a
3029 4744 3233 4800 fortiori
3268 4759 3529 4817 regnum,
3561 4751 3617 4800 et

2025 4834 2297 4910 quaelibet
2318 4834 2417 4890 alia
2440 4834 2689 4905 superior
2710 4835 3060 4907 congregatio
3089 4848 3187 4888 seu
3224 4835 3613 4904 communitas,

2027 4927 2186 4982 cuius
2216 4941 2343 4996 pars
2373 4924 2566 4981 civitas
2598 4925 2686 4988 sit,
2710 4925 2818 4980 erit
2838 4923 3199 4980 communitas
3230 4921 3489 4993 perfecta.
3518 4925 3617 4978 Po-

2030 5022 2136 5072 test
2176 5015 2320 5070 enim
2354 5016 2406 5068 in
2449 5013 2564 5069 aliis
2594 5011 3073 5069 communitatibus
3111 5027 3230 5066 esse
3275 5010 3531 5081 latitud03
3562 5017 3620 5068 et

2028 5105 2157 5162 licet
2185 5101 2431 5176 singulae
2460 5117 2555 5173 per
2584 5117 2639 5156 se
2667 5107 2945 5173 spectatae
2974 5100 3247 5172 perlectae
3276 5101 3401 5172 sint,
3434 5107 3615 5156 tamen

2027 5193 2152 5267 illa,
2184 5208 2325 5267 quae
2354 5198 2589 5264 estpars
2618 5191 2843 5248 alterius
2862 5232 2876 5261 ,
2910 5190 3013 5246 sub
3042 5189 3143 5245 hac
3174 5188 3380 5244 ratione
3420 5189 3617 5260 imper-

2029 5283 2170 5342 fecta
2199 5288 2303 5356 est,
2337 5297 2442 5338 non
2472 5279 2743 5356 absolute,
2774 5279 2867 5337 sed
2897 5283 3209 5350 comparate
3239 5293 3334 5335 seu
3360 5279 3618 5349 respecti·
