<?xml version="1.0" encoding="UTF-8"?>
<!DOCTYPE html PUBLIC "-//W3C//DTD XHTML 1.0 Transitional//EN"
    "http://www.w3.org/TR/xhtml1/DTD/xhtml1-transitional.dtd">
<html xmlns="http://www.w3.org/1999/xhtml" xml:lang="en" lang="en">
 <head>
  <title>
</title>
<meta http-equiv="Content-Type" content="text/html;charset=utf-8" />
  <meta name='ocr-system' content='tesseract 3.04.00' />
  <meta name='ocr-capabilities' content='ocr_page ocr_carea ocr_par ocr_line ocrx_word'/>
</head>
<body>
  <div class='ocr_page' id='page_1' title='image "./tractatusdelegi01sugoog_0223.png"; bbox 0 0 4325 6267; ppageno 0'>
   <div class='ocr_carea' id='block_1_1' title="bbox 1769 294 2122 348">
    <p class='ocr_par' dir='ltr' id='par_1_1' title="bbox 1769 294 2122 348">
     <span class='ocr_line' id='line_1_1' title="bbox 1769 294 2122 348; baseline -0.011 0"><span class='ocrx_word' id='word_1_1' title='bbox 1769 294 1979 348; x_wconf 68' lang='lat' dir='ltr'><strong>carm·</strong></span> <span class='ocrx_word' id='word_1_2' title='bbox 2005 295 2122 347; x_wconf 79' lang='lat' dir='ltr'><strong>XV·</strong></span> 
     </span>
    </p>
   </div>
   <div class='ocr_carea' id='block_1_2' title="bbox 331 421 1962 5300">
    <p class='ocr_par' dir='ltr' id='par_1_2' title="bbox 331 421 1962 2582">
     <span class='ocr_line' id='line_1_2' title="bbox 331 421 1919 500; baseline 0.001 -22"><span class='ocrx_word' id='word_1_3' title='bbox 331 425 390 478; x_wconf 90' lang='lat' dir='ltr'><strong>et</strong></span> <span class='ocrx_word' id='word_1_4' title='bbox 416 433 642 480; x_wconf 86' lang='lat' dir='ltr'><strong>sensum</strong></span> <span class='ocrx_word' id='word_1_5' title='bbox 679 435 782 480; x_wconf 87' lang='lat' dir='ltr'><strong>seu</strong></span> <span class='ocrx_word' id='word_1_6' title='bbox 818 421 1265 497; x_wconf 82' lang='lat' dir='ltr'><strong>significationem</strong></span> <span class='ocrx_word' id='word_1_7' title='bbox 1289 429 1550 500; x_wconf 89' lang='lat' dir='ltr'><strong>tanquam</strong></span> <span class='ocrx_word' id='word_1_8' title='bbox 1583 421 1810 482; x_wconf 78' lang='lat' dir='ltr'><strong>formale</strong></span> <span class='ocrx_word' id='word_1_9' title='bbox 1838 422 1919 481; x_wconf 90' lang='lat' dir='ltr'><strong>di-</strong></span> 
     </span>
     <span class='ocr_line' id='line_1_3' title="bbox 333 511 1962 589; baseline 0.003 -22"><span class='ocrx_word' id='word_1_10' title='bbox 333 511 666 588; x_wconf 83' lang='lat' dir='ltr'><strong>stinguimus</strong></span> <span class='ocrx_word' id='word_1_11' title='bbox 686 554 702 586; x_wconf 93' lang='lat'><strong>,</strong></span> <span class='ocrx_word' id='word_1_12' title='bbox 742 518 800 571; x_wconf 92' lang='lat' dir='ltr'><strong>et</strong></span> <span class='ocrx_word' id='word_1_13' title='bbox 835 528 904 571; x_wconf 90' lang='lat' dir='ltr'><strong>ex</strong></span> <span class='ocrx_word' id='word_1_14' title='bbox 945 519 1181 589; x_wconf 88' lang='lat' dir='ltr'><strong>utroque</strong></span> <span class='ocrx_word' id='word_1_15' title='bbox 1217 514 1443 573; x_wconf 79' lang='lat' dir='ltr'><strong>formam</strong></span> <span class='ocrx_word' id='word_1_16' title='bbox 1473 514 1919 574; x_wconf 73' lang='lat' dir='ltr'><strong>sacramentalem</strong></span> <span class='ocrx_word' id='word_1_17' title='bbox 1941 515 1962 534; x_wconf 81' lang='lat'>⁸</span> 
     </span>
     <span class='ocr_line' id='line_1_4' title="bbox 333 604 1917 680; baseline 0.001 -19"><span class='ocrx_word' id='word_1_18' title='bbox 333 604 596 663; x_wconf 88' lang='lat' dir='ltr'><strong>constitui</strong></span> <span class='ocrx_word' id='word_1_19' title='bbox 637 604 890 663; x_wconf 84' lang='lat' dir='ltr'><strong>dicimus.</strong></span> <span class='ocrx_word' id='word_1_20' title='bbox 932 607 1012 663; x_wconf 88' lang='lat' dir='ltr'><strong>Ita</strong></span> <span class='ocrx_word' id='word_1_21' title='bbox 1050 621 1181 680; x_wconf 88' lang='lat' dir='ltr'><strong>ergo</strong></span> <span class='ocrx_word' id='word_1_22' title='bbox 1221 611 1308 664; x_wconf 91' lang='lat' dir='ltr'><strong>est</strong></span> <span class='ocrx_word' id='word_1_23' title='bbox 1347 622 1448 664; x_wconf 89' lang='lat' dir='ltr'><strong>suo</strong></span> <span class='ocrx_word' id='word_1_24' title='bbox 1487 604 1650 664; x_wconf 90' lang='lat' dir='ltr'><strong>modo</strong></span> <span class='ocrx_word' id='word_1_25' title='bbox 1689 607 1744 663; x_wconf 91' lang='lat' dir='ltr'><strong>in</strong></span> <span class='ocrx_word' id='word_1_26' title='bbox 1769 605 1917 679; x_wconf 86' lang='lat' dir='ltr'><strong>lege;</strong></span> 
     </span>
     <span class='ocr_line' id='line_1_5' title="bbox 335 695 1920 770; baseline 0.001 -18"><span class='ocrx_word' id='word_1_27' title='bbox 335 695 590 754; x_wconf 75' lang='lat' dir='ltr'><strong>consistit</strong></span> <span class='ocrx_word' id='word_1_28' title='bbox 615 696 758 754; x_wconf 91' lang='lat' dir='ltr'><strong>enim</strong></span> <span class='ocrx_word' id='word_1_29' title='bbox 787 695 840 753; x_wconf 91' lang='lat' dir='ltr'><strong>in</strong></span> <span class='ocrx_word' id='word_1_30' title='bbox 870 696 1020 770; x_wconf 88' lang='lat' dir='ltr'><strong>signo</strong></span> <span class='ocrx_word' id='word_1_31' title='bbox 1052 702 1306 768; x_wconf 87' lang='lat' dir='ltr'><strong>externo,</strong></span> <span class='ocrx_word' id='word_1_32' title='bbox 1339 696 1487 770; x_wconf 89' lang='lat' dir='ltr'><strong>quod</strong></span> <span class='ocrx_word' id='word_1_33' title='bbox 1515 697 1795 754; x_wconf 76' lang='lat' dir='ltr'><strong>materiam</strong></span> <span class='ocrx_word' id='word_1_34' title='bbox 1824 696 1920 754; x_wconf 91' lang='lat' dir='ltr'><strong>ali-</strong></span> 
     </span>
     <span class='ocr_line' id='line_1_6' title="bbox 334 787 1919 862; baseline 0.002 -20"><span class='ocrx_word' id='word_1_35' title='bbox 334 799 504 859; x_wconf 86' lang='lat' dir='ltr'><strong>quam</strong></span> <span class='ocrx_word' id='word_1_36' title='bbox 539 788 806 861; x_wconf 81' lang='lat' dir='ltr'>requirit,</span> <span class='ocrx_word' id='word_1_37' title='bbox 838 787 956 844; x_wconf 88' lang='lat' dir='ltr'><strong>eius</strong></span> <span class='ocrx_word' id='word_1_38' title='bbox 983 795 1160 845; x_wconf 88' lang='lat' dir='ltr'><strong>tamen</strong></span> <span class='ocrx_word' id='word_1_39' title='bbox 1186 789 1420 847; x_wconf 73' lang='lat' dir='ltr'><strong>essentia</strong></span> <span class='ocrx_word' id='word_1_40' title='bbox 1449 788 1500 844; x_wconf 90' lang='lat' dir='ltr'><strong>in</strong></span> <span class='ocrx_word' id='word_1_41' title='bbox 1527 787 1919 862; x_wconf 85' lang='lat' dir='ltr'><strong>significatione</strong></span> 
     </span>
     <span class='ocr_line' id='line_1_7' title="bbox 331 876 1920 953; baseline 0.002 -20"><span class='ocrx_word' id='word_1_42' title='bbox 331 882 394 933; x_wconf 86' lang='lat' dir='ltr'><strong>et</strong></span> <span class='ocrx_word' id='word_1_43' title='bbox 433 893 600 935; x_wconf 86' lang='lat' dir='ltr'><strong>sensu</strong></span> <span class='ocrx_word' id='word_1_44' title='bbox 637 880 812 951; x_wconf 88' lang='lat' dir='ltr'><strong>posita</strong></span> <span class='ocrx_word' id='word_1_45' title='bbox 853 885 956 936; x_wconf 91' lang='lat' dir='ltr'><strong>est.</strong></span> <span class='ocrx_word' id='word_1_46' title='bbox 995 877 1150 936; x_wconf 79' lang='lat' dir='ltr'><strong>Unde</strong></span> <span class='ocrx_word' id='word_1_47' title='bbox 1186 877 1333 953; x_wconf 90' lang='lat' dir='ltr'><strong>quod</strong></span> <span class='ocrx_word' id='word_1_48' title='bbox 1360 880 1699 952; x_wconf 78' lang='lat' dir='ltr'><strong>Augustinus</strong></span> <span class='ocrx_word' id='word_1_49' title='bbox 1725 877 1818 934; x_wconf 90' lang='lat' dir='ltr'><strong>lib.</strong></span> <span class='ocrx_word' id='word_1_50' title='bbox 1849 876 1920 936; x_wconf 78' lang='lat' dir='ltr'><strong>de</strong></span> 
     </span>
     <span class='ocr_line' id='line_1_8' title="bbox 335 967 1921 1044; baseline 0 -18"><span class='ocrx_word' id='word_1_51' title='bbox 335 969 625 1028; x_wconf 69' lang='lat' dir='ltr'><strong>‹ratechis-</strong></span> <span class='ocrx_word' id='word_1_52' title='bbox 663 967 802 1028; x_wconf 80' lang='lat' dir='ltr'><strong>rud.</strong></span> <span class='ocrx_word' id='word_1_53' title='bbox 843 985 964 1042; x_wconf 87' lang='lat' dir='ltr'><strong>cap.</strong></span> <span class='ocrx_word' id='word_1_54' title='bbox 997 973 1052 1028; x_wconf 83' lang='lat'><strong>9.</strong></span> <span class='ocrx_word' id='word_1_55' title='bbox 1083 970 1380 1044; x_wconf 79' lang='lat' dir='ltr'><strong>generatim</strong></span> <span class='ocrx_word' id='word_1_56' title='bbox 1405 968 1573 1038; x_wconf 81' lang='lat' dir='ltr'><strong>dixit,</strong></span> <span class='ocrx_word' id='word_1_57' title='bbox 1602 973 1656 1027; x_wconf 87' lang='lat' dir='ltr'><strong>et</strong></span> <span class='ocrx_word' id='word_1_58' title='bbox 1682 968 1921 1027; x_wconf 76' lang='lat' dir='ltr'><strong>refertur</strong></span> 
     </span>
     <span class='ocr_line' id='line_1_9' title="bbox 335 1057 1919 1135; baseline 0.001 -20"><span class='ocrx_word' id='word_1_59' title='bbox 335 1060 392 1115; x_wconf 88' lang='lat' dir='ltr'><strong>in</strong></span> <span class='ocrx_word' id='word_1_60' title='bbox 423 1075 547 1132; x_wconf 89' lang='lat' dir='ltr'><strong>cap.</strong></span> <span class='ocrx_word' id='word_1_61' title='bbox 577 1058 818 1130; x_wconf 80' lang='lat' dir='ltr'><strong>Sedulo,</strong></span> <span class='ocrx_word' id='word_1_62' title='bbox 851 1058 978 1117; x_wconf 88' lang='lat' dir='ltr'><strong>dist.</strong></span> <span class='ocrx_word' id='word_1_63' title='bbox 1012 1063 1116 1133; x_wconf 82' lang='lat'><strong>38,</strong></span> <span class='ocrx_word' id='word_1_64' title='bbox 1141 1057 1624 1135; x_wconf 79' lang='lat' dir='ltr'><strong>praeponendam</strong></span> <span class='ocrx_word' id='word_1_65' title='bbox 1649 1074 1770 1117; x_wconf 82' lang='lat' dir='ltr'><strong>esse</strong></span> <span class='ocrx_word' id='word_1_66' title='bbox 1795 1074 1919 1116; x_wconf 85' lang='lat' dir='ltr'><strong>ver-</strong></span> 
     </span>
     <span class='ocr_line' id='line_1_10' title="bbox 337 1149 1914 1226; baseline -0.001 -19"><span class='ocrx_word' id='word_1_67' title='bbox 337 1149 428 1207; x_wconf 77' lang='lat' dir='ltr'><strong>bis</strong></span> <span class='ocrx_word' id='word_1_68' title='bbox 467 1153 848 1218; x_wconf 74' lang='lat' dir='ltr'><strong>sententiam,</strong></span> <span class='ocrx_word' id='word_1_69' title='bbox 881 1154 949 1208; x_wconf 80' lang='lat' dir='ltr'><strong>ut</strong></span> <span class='ocrx_word' id='word_1_70' title='bbox 978 1153 1374 1226; x_wconf 76' lang='lat' dir='ltr'><strong>praeponitur</strong></span> <span class='ocrx_word' id='word_1_71' title='bbox 1399 1151 1638 1207; x_wconf 78' lang='lat' dir='ltr'><strong>animus</strong></span> <span class='ocrx_word' id='word_1_72' title='bbox 1667 1151 1914 1224; x_wconf 79' lang='lat' dir='ltr'><strong>corpori,</strong></span> 
     </span>
     <span class='ocr_line' id='line_1_11' title="bbox 338 1238 1916 1320; baseline -0.002 -22"><span class='ocrx_word' id='word_1_73' title='bbox 338 1247 402 1298; x_wconf 90' lang='lat' dir='ltr'><strong>et</strong></span> <span class='ocrx_word' id='word_1_74' title='bbox 437 1239 586 1314; x_wconf 92' lang='lat' dir='ltr'><strong>quod</strong></span> <span class='ocrx_word' id='word_1_75' title='bbox 635 1238 702 1298; x_wconf 92' lang='lat' dir='ltr'><strong>de</strong></span> <span class='ocrx_word' id='word_1_76' title='bbox 741 1239 1022 1314; x_wconf 85' lang='lat' dir='ltr'><strong>evangelio</strong></span> <span class='ocrx_word' id='word_1_77' title='bbox 1062 1241 1198 1299; x_wconf 80' lang='lat' dir='ltr'><strong>dixit</strong></span> <span class='ocrx_word' id='word_1_78' title='bbox 1233 1243 1596 1320; x_wconf 76' lang='lat' dir='ltr'><strong>Hieronymus</strong></span> <span class='ocrx_word' id='word_1_79' title='bbox 1635 1239 1702 1297; x_wconf 90' lang='lat' dir='ltr'><strong>ad</strong></span> <span class='ocrx_word' id='word_1_80' title='bbox 1741 1239 1916 1298; x_wconf 82' lang='lat' dir='ltr'><strong>Galat.</strong></span> 
     </span>
     <span class='ocr_line' id='line_1_12' title="bbox 345 1329 1914 1408; baseline -0.002 -17"><span class='ocrx_word' id='word_1_81' title='bbox 345 1336 404 1406; x_wconf 91' lang='lat'><strong>1,</strong></span> <span class='ocrx_word' id='word_1_82' title='bbox 433 1333 644 1389; x_wconf 79' lang='lat' dir='ltr'><strong>nonin</strong></span> <span class='ocrx_word' id='word_1_83' title='bbox 675 1330 864 1389; x_wconf 75' lang='lat' dir='ltr'><strong>verbis</strong></span> <span class='ocrx_word' id='word_1_84' title='bbox 891 1333 1344 1408; x_wconf 71' lang='lat' dir='ltr'><strong>Scripturas-um</strong></span> <span class='ocrx_word' id='word_1_85' title='bbox 1380 1347 1504 1388; x_wconf 80' lang='lat' dir='ltr'><strong>esse</strong></span> <span class='ocrx_word' id='word_1_86' title='bbox 1528 1329 1914 1404; x_wconf 65' lang='lat' dir='ltr'><strong>momeliam,</strong></span> 
     </span>
     <span class='ocr_line' id='line_1_13' title="bbox 337 1419 1920 1496; baseline 0 -18"><span class='ocrx_word' id='word_1_87' title='bbox 337 1419 446 1479; x_wconf 80' lang='lat' dir='ltr'><strong>sed</strong></span> <span class='ocrx_word' id='word_1_88' title='bbox 479 1423 545 1477; x_wconf 78' lang='lat' dir='ltr'><strong>in</strong></span> <span class='ocrx_word' id='word_1_89' title='bbox 579 1435 774 1490; x_wconf 56' lang='lat' dir='ltr'><strong>sensae</strong></span> <span class='ocrx_word' id='word_1_90' title='bbox 814 1435 941 1494; x_wconf 88' lang='lat' dir='ltr'><strong>cap.</strong></span> <span class='ocrx_word' id='word_1_91' title='bbox 985 1423 1286 1482; x_wconf 78' lang='lat' dir='ltr'><strong>Marcion.</strong></span> <span class='ocrx_word' id='word_1_92' title='bbox 1323 1426 1378 1494; x_wconf 88' lang='lat'><strong>1,</strong></span> <span class='ocrx_word' id='word_1_93' title='bbox 1408 1438 1466 1496; x_wconf 90' lang='lat' dir='ltr'><strong>q.</strong></span> <span class='ocrx_word' id='word_1_94' title='bbox 1505 1425 1567 1495; x_wconf 83' lang='lat'><strong>1,</strong></span> <span class='ocrx_word' id='word_1_95' title='bbox 1607 1422 1712 1478; x_wconf 89' lang='lat' dir='ltr'><strong>hoc</strong></span> <span class='ocrx_word' id='word_1_96' title='bbox 1743 1421 1920 1494; x_wconf 91' lang='lat' dir='ltr'><strong>ipsum</strong></span> 
     </span>
     <span class='ocr_line' id='line_1_14' title="bbox 340 1511 1922 1586; baseline 0.001 -18"><span class='ocrx_word' id='word_1_97' title='bbox 340 1527 476 1568; x_wconf 89' lang='lat' dir='ltr'><strong>cum</strong></span> <span class='ocrx_word' id='word_1_98' title='bbox 513 1512 860 1584; x_wconf 81' lang='lat' dir='ltr'><strong>proportione</strong></span> <span class='ocrx_word' id='word_1_99' title='bbox 900 1512 968 1570; x_wconf 90' lang='lat' dir='ltr'><strong>de</strong></span> <span class='ocrx_word' id='word_1_100' title='bbox 1007 1512 1123 1586; x_wconf 86' lang='lat' dir='ltr'><strong>lege</strong></span> <span class='ocrx_word' id='word_1_101' title='bbox 1160 1511 1395 1570; x_wconf 89' lang='lat' dir='ltr'><strong>humana</strong></span> <span class='ocrx_word' id='word_1_102' title='bbox 1421 1511 1525 1570; x_wconf 89' lang='lat' dir='ltr'><strong>diei</strong></span> <span class='ocrx_word' id='word_1_103' title='bbox 1555 1519 1754 1584; x_wconf 87' lang='lat' dir='ltr'><strong>potest.</strong></span> <span class='ocrx_word' id='word_1_104' title='bbox 1786 1514 1922 1570; x_wconf 88' lang='lat' dir='ltr'><strong>Nam</strong></span> 
     </span>
     <span class='ocr_line' id='line_1_15' title="bbox 340 1601 1921 1678; baseline 0.001 -19"><span class='ocrx_word' id='word_1_105' title='bbox 340 1601 640 1660; x_wconf 86' lang='lat' dir='ltr'><strong>materialia</strong></span> <span class='ocrx_word' id='word_1_106' title='bbox 688 1603 853 1659; x_wconf 81' lang='lat' dir='ltr'><strong>verba</strong></span> <span class='ocrx_word' id='word_1_107' title='bbox 896 1618 999 1661; x_wconf 89' lang='lat' dir='ltr'><strong>nec</strong></span> <span class='ocrx_word' id='word_1_108' title='bbox 1047 1602 1428 1678; x_wconf 79' lang='lat' dir='ltr'><strong>obligationem</strong></span> <span class='ocrx_word' id='word_1_109' title='bbox 1479 1602 1772 1670; x_wconf 85' lang='lat' dir='ltr'><strong>inducere,</strong></span> <span class='ocrx_word' id='word_1_110' title='bbox 1820 1616 1921 1661; x_wconf 90' lang='lat' dir='ltr'><strong>nec</strong></span> 
     </span>
     <span class='ocr_line' id='line_1_16' title="bbox 339 1692 1920 1770; baseline 0.001 -21"><span class='ocrx_word' id='word_1_111' title='bbox 339 1692 512 1749; x_wconf 88' lang='lat' dir='ltr'><strong>alium</strong></span> <span class='ocrx_word' id='word_1_112' title='bbox 546 1693 802 1752; x_wconf 79' lang='lat' dir='ltr'><strong>effectum</strong></span> <span class='ocrx_word' id='word_1_113' title='bbox 840 1693 975 1767; x_wconf 88' lang='lat' dir='ltr'><strong>legis</strong></span> <span class='ocrx_word' id='word_1_114' title='bbox 1011 1693 1208 1751; x_wconf 88' lang='lat' dir='ltr'><strong>babere</strong></span> <span class='ocrx_word' id='word_1_115' title='bbox 1235 1700 1487 1766; x_wconf 83' lang='lat' dir='ltr'><strong>possunt,</strong></span> <span class='ocrx_word' id='word_1_116' title='bbox 1516 1696 1618 1754; x_wconf 90' lang='lat' dir='ltr'><strong>nisi</strong></span> <span class='ocrx_word' id='word_1_117' title='bbox 1646 1701 1920 1770; x_wconf 90' lang='lat' dir='ltr'><strong>quatenus</strong></span> 
     </span>
     <span class='ocr_line' id='line_1_17' title="bbox 339 1781 1923 1858; baseline 0.001 -18"><span class='ocrx_word' id='word_1_118' title='bbox 339 1781 584 1840; x_wconf 87' lang='lat' dir='ltr'><strong>indicant</strong></span> <span class='ocrx_word' id='word_1_119' title='bbox 609 1783 870 1855; x_wconf 87' lang='lat' dir='ltr'><strong>principis</strong></span> <span class='ocrx_word' id='word_1_120' title='bbox 897 1782 1232 1842; x_wconf 85' lang='lat' dir='ltr'><strong>voluntatem</strong></span> <span class='ocrx_word' id='word_1_121' title='bbox 1257 1791 1312 1841; x_wconf 91' lang='lat' dir='ltr'><strong>et</strong></span> <span class='ocrx_word' id='word_1_122' title='bbox 1334 1785 1651 1857; x_wconf 79' lang='lat' dir='ltr'><strong>imperium3</strong></span> <span class='ocrx_word' id='word_1_123' title='bbox 1682 1791 1767 1842; x_wconf 90' lang='lat' dir='ltr'><strong>est</strong></span> <span class='ocrx_word' id='word_1_124' title='bbox 1791 1799 1923 1858; x_wconf 89' lang='lat' dir='ltr'><strong>ergo</strong></span> 
     </span>
     <span class='ocr_line' id='line_1_18' title="bbox 341 1871 1922 1948; baseline 0.002 -19"><span class='ocrx_word' id='word_1_125' title='bbox 341 1871 411 1929; x_wconf 91' lang='lat' dir='ltr'><strong>de</strong></span> <span class='ocrx_word' id='word_1_126' title='bbox 439 1871 651 1930; x_wconf 78' lang='lat' dir='ltr'><strong>formali</strong></span> <span class='ocrx_word' id='word_1_127' title='bbox 678 1875 892 1931; x_wconf 88' lang='lat' dir='ltr'><strong>ratione</strong></span> <span class='ocrx_word' id='word_1_128' title='bbox 917 1873 1071 1948; x_wconf 87' lang='lat' dir='ltr'><strong>legis,</strong></span> <span class='ocrx_word' id='word_1_129' title='bbox 1103 1879 1164 1932; x_wconf 90' lang='lat' dir='ltr'><strong>ut</strong></span> <span class='ocrx_word' id='word_1_130' title='bbox 1189 1877 1263 1932; x_wconf 91' lang='lat' dir='ltr'><strong>sit</strong></span> <span class='ocrx_word' id='word_1_131' title='bbox 1283 1873 1533 1932; x_wconf 83' lang='lat' dir='ltr'><strong>sensibile</strong></span> <span class='ocrx_word' id='word_1_132' title='bbox 1555 1876 1788 1948; x_wconf 90' lang='lat' dir='ltr'><strong>signum.</strong></span> <span class='ocrx_word' id='word_1_133' title='bbox 1814 1875 1922 1932; x_wconf 82' lang='lat' dir='ltr'><strong>Ex·</strong></span> 
     </span>
     <span class='ocr_line' id='line_1_19' title="bbox 340 1955 1923 2039; baseline 0.002 -20"><span class='ocrx_word' id='word_1_134' title='bbox 340 1961 664 2034; x_wconf 87' lang='lat' dir='ltr'><strong>plicandum</strong></span> <span class='ocrx_word' id='word_1_135' title='bbox 691 1977 823 2021; x_wconf 81' lang='lat' dir='ltr'><strong>vero</strong></span> <span class='ocrx_word' id='word_1_136' title='bbox 867 1971 1142 2038; x_wconf 83' lang='lat' dir='ltr'><strong>superest,</strong></span> <span class='ocrx_word' id='word_1_137' title='bbox 1182 1963 1343 2039; x_wconf 91' lang='lat' dir='ltr'><strong>quale</strong></span> <span class='ocrx_word' id='word_1_138' title='bbox 1369 1955 1490 2022; x_wconf 82' lang='lat' dir='ltr'><strong>esse</strong></span> <span class='ocrx_word' id='word_1_139' title='bbox 1517 1963 1739 2034; x_wconf 88' lang='lat' dir='ltr'><strong>debeat,</strong></span> <span class='ocrx_word' id='word_1_140' title='bbox 1773 1971 1828 2023; x_wconf 87' lang='lat' dir='ltr'><strong>et</strong></span> <span class='ocrx_word' id='word_1_141' title='bbox 1854 1980 1923 2022; x_wconf 89' lang='lat' dir='ltr'><strong>an</strong></span> 
     </span>
     <span class='ocr_line' id='line_1_20' title="bbox 343 2051 1922 2131; baseline 0.003 -23"><span class='ocrx_word' id='word_1_142' title='bbox 343 2051 744 2117; x_wconf 79' lang='lat' dir='ltr'><strong>solemnitatem</strong></span> <span class='ocrx_word' id='word_1_143' title='bbox 773 2055 1070 2126; x_wconf 85' lang='lat' dir='ltr'><strong>specialem</strong></span> <span class='ocrx_word' id='word_1_144' title='bbox 1095 2056 1360 2130; x_wconf 88' lang='lat' dir='ltr'><strong>requirat,</strong></span> <span class='ocrx_word' id='word_1_145' title='bbox 1391 2061 1453 2112; x_wconf 89' lang='lat' dir='ltr'><strong>ut</strong></span> <span class='ocrx_word' id='word_1_146' title='bbox 1480 2054 1534 2112; x_wconf 90' lang='lat' dir='ltr'><strong>in</strong></span> <span class='ocrx_word' id='word_1_147' title='bbox 1558 2055 1765 2114; x_wconf 85' lang='lat' dir='ltr'><strong>ratione</strong></span> <span class='ocrx_word' id='word_1_148' title='bbox 1786 2055 1922 2131; x_wconf 91' lang='lat' dir='ltr'><strong>legis</strong></span> 
     </span>
     <span class='ocr_line' id='line_1_21' title="bbox 342 2143 1923 2220; baseline 0.002 -20"><span class='ocrx_word' id='word_1_149' title='bbox 342 2143 500 2218; x_wconf 89' lang='lat' dir='ltr'><strong>plene</strong></span> <span class='ocrx_word' id='word_1_150' title='bbox 541 2146 938 2214; x_wconf 88' lang='lat' dir='ltr'><strong>constituatur,</strong></span> <span class='ocrx_word' id='word_1_151' title='bbox 974 2145 1200 2220; x_wconf 90' lang='lat' dir='ltr'><strong>ideoque</strong></span> <span class='ocrx_word' id='word_1_152' title='bbox 1237 2145 1304 2204; x_wconf 87' lang='lat' dir='ltr'><strong>ad</strong></span> <span class='ocrx_word' id='word_1_153' title='bbox 1342 2152 1618 2205; x_wconf 82' lang='lat' dir='ltr'><strong>externam</strong></span> <span class='ocrx_word' id='word_1_154' title='bbox 1653 2145 1785 2220; x_wconf 88' lang='lat' dir='ltr'><strong>legis</strong></span> <span class='ocrx_word' id='word_1_155' title='bbox 1813 2145 1923 2205; x_wconf 76' lang='lat' dir='ltr'><strong>sor-</strong></span> 
     </span>
     <span class='ocr_line' id='line_1_22' title="bbox 342 2236 1922 2311; baseline 0.001 -18"><span class='ocrx_word' id='word_1_156' title='bbox 342 2252 488 2293; x_wconf 88' lang='lat' dir='ltr'><strong>mam</strong></span> <span class='ocrx_word' id='word_1_157' title='bbox 516 2237 800 2310; x_wconf 82' lang='lat' dir='ltr'><strong>pertineat.</strong></span> <span class='ocrx_word' id='word_1_158' title='bbox 835 2238 1176 2311; x_wconf 85' lang='lat' dir='ltr'><strong>Distinguere</strong></span> <span class='ocrx_word' id='word_1_159' title='bbox 1205 2243 1385 2296; x_wconf 91' lang='lat' dir='ltr'><strong>autem</strong></span> <span class='ocrx_word' id='word_1_160' title='bbox 1406 2253 1699 2310; x_wconf 86' lang='lat' dir='ltr'><strong>possumus</strong></span> <span class='ocrx_word' id='word_1_161' title='bbox 1727 2236 1922 2295; x_wconf 91' lang='lat' dir='ltr'><strong>solem-</strong></span> 
     </span>
     <span class='ocr_line' id='line_1_23' title="bbox 345 2327 1922 2395; baseline 0.001 -12"><span class='ocrx_word' id='word_1_162' title='bbox 345 2328 579 2384; x_wconf 87' lang='lat' dir='ltr'><strong>nitatem</strong></span> <span class='ocrx_word' id='word_1_163' title='bbox 603 2327 746 2384; x_wconf 88' lang='lat' dir='ltr'><strong>hanc</strong></span> <span class='ocrx_word' id='word_1_164' title='bbox 775 2327 859 2385; x_wconf 82' lang='lat' dir='ltr'><strong>vel</strong></span> <span class='ocrx_word' id='word_1_165' title='bbox 888 2327 1319 2395; x_wconf 84' lang='lat' dir='ltr'><strong>antecedentem,</strong></span> <span class='ocrx_word' id='word_1_166' title='bbox 1350 2327 1435 2385; x_wconf 81' lang='lat' dir='ltr'><strong>vel</strong></span> <span class='ocrx_word' id='word_1_167' title='bbox 1462 2329 1922 2386; x_wconf 89' lang='lat' dir='ltr'><strong>concomitantem</strong></span> 
     </span>
     <span class='ocr_line' id='line_1_24' title="bbox 343 2416 1922 2491; baseline 0.003 -19"><span class='ocrx_word' id='word_1_168' title='bbox 343 2433 443 2474; x_wconf 88' lang='lat' dir='ltr'><strong>seu</strong></span> <span class='ocrx_word' id='word_1_169' title='bbox 471 2417 847 2475; x_wconf 82' lang='lat' dir='ltr'><strong>inexistentem</strong></span> <span class='ocrx_word' id='word_1_170' title='bbox 883 2417 984 2490; x_wconf 91' lang='lat' dir='ltr'><strong>ipsi</strong></span> <span class='ocrx_word' id='word_1_171' title='bbox 1010 2417 1141 2491; x_wconf 88' lang='lat' dir='ltr'><strong>legi,</strong></span> <span class='ocrx_word' id='word_1_172' title='bbox 1173 2416 1258 2475; x_wconf 85' lang='lat' dir='ltr'><strong>vel</strong></span> <span class='ocrx_word' id='word_1_173' title='bbox 1285 2417 1742 2491; x_wconf 83' lang='lat' dir='ltr'><strong>subsequentem3</strong></span> <span class='ocrx_word' id='word_1_174' title='bbox 1774 2418 1922 2477; x_wconf 90' lang='lat' dir='ltr'><strong>etde</strong></span> 
     </span>
     <span class='ocr_line' id='line_1_25' title="bbox 345 2508 1113 2582; baseline 0.001 -18"><span class='ocrx_word' id='word_1_175' title='bbox 345 2508 576 2582; x_wconf 86' lang='lat' dir='ltr'><strong>singulis</strong></span> <span class='ocrx_word' id='word_1_176' title='bbox 603 2509 986 2582; x_wconf 90' lang='lat' dir='ltr'><strong>inquirendum</strong></span> <span class='ocrx_word' id='word_1_177' title='bbox 1011 2514 1113 2566; x_wconf 87' lang='lat' dir='ltr'><strong>est.</strong></span> 
     </span>
    </p>

    <p class='ocr_par' dir='ltr' id='par_1_3' title="bbox 339 2597 1926 5300">
     <span class='ocr_line' id='line_1_26' title="bbox 419 2597 1923 2672; baseline 0 -16"><span class='ocrx_word' id='word_1_178' title='bbox 419 2604 477 2656; x_wconf 85' lang='grc'><strong>2.</strong></span> <span class='ocrx_word' id='word_1_179' title='bbox 508 2599 668 2657; x_wconf 90' lang='lat' dir='ltr'><strong>Circa</strong></span> <span class='ocrx_word' id='word_1_180' title='bbox 695 2599 922 2672; x_wconf 87' lang='lat' dir='ltr'><strong>primam</strong></span> <span class='ocrx_word' id='word_1_181' title='bbox 952 2597 1188 2656; x_wconf 90' lang='lat' dir='ltr'><strong>dubitari</strong></span> <span class='ocrx_word' id='word_1_182' title='bbox 1215 2604 1417 2672; x_wconf 89' lang='lat' dir='ltr'><strong>potest,</strong></span> <span class='ocrx_word' id='word_1_183' title='bbox 1446 2603 1633 2656; x_wconf 91' lang='lat' dir='ltr'><strong>utrum</strong></span> <span class='ocrx_word' id='word_1_184' title='bbox 1660 2597 1727 2657; x_wconf 90' lang='lat' dir='ltr'><strong>ad</strong></span> <span class='ocrx_word' id='word_1_185' title='bbox 1748 2597 1923 2656; x_wconf 73' lang='lat' dir='ltr'><strong>teren-</strong></span> 
     </span>
     <span class='ocr_line' id='line_1_27' title="bbox 343 2687 1923 2761; baseline 0.001 -16"><span class='ocrx_word' id='word_1_186' title='bbox 343 2687 470 2745; x_wconf 90' lang='lat' dir='ltr'><strong>dam</strong></span> <span class='ocrx_word' id='word_1_187' title='bbox 504 2688 681 2761; x_wconf 89' lang='lat' dir='ltr'><strong>legem</strong></span> <span class='ocrx_word' id='word_1_188' title='bbox 709 2687 1037 2761; x_wconf 87' lang='lat' dir='ltr'><strong>praecedere</strong></span> <span class='ocrx_word' id='word_1_189' title='bbox 1064 2691 1378 2746; x_wconf 84' lang='lat' dir='ltr'><strong>necessario</strong></span> <span class='ocrx_word' id='word_1_190' title='bbox 1403 2687 1599 2747; x_wconf 89' lang='lat' dir='ltr'><strong>debeat</strong></span> <span class='ocrx_word' id='word_1_191' title='bbox 1625 2690 1923 2748; x_wconf 86' lang='lat' dir='ltr'><strong>multorum</strong></span> 
     </span>
     <span class='ocr_line' id='line_1_28' title="bbox 345 2777 1921 2854; baseline 0.002 -19"><span class='ocrx_word' id='word_1_192' title='bbox 345 2777 633 2836; x_wconf 90' lang='lat' dir='ltr'><strong>consilium</strong></span> <span class='ocrx_word' id='word_1_193' title='bbox 676 2783 839 2853; x_wconf 89' lang='lat' dir='ltr'><strong>atque</strong></span> <span class='ocrx_word' id='word_1_194' title='bbox 867 2777 1215 2852; x_wconf 79' lang='lat' dir='ltr'><strong>suffragium3</strong></span> <span class='ocrx_word' id='word_1_195' title='bbox 1248 2778 1299 2836; x_wconf 92' lang='lat' dir='ltr'><strong>in</strong></span> <span class='ocrx_word' id='word_1_196' title='bbox 1337 2793 1449 2854; x_wconf 91' lang='lat' dir='ltr'><strong>quo</strong></span> <span class='ocrx_word' id='word_1_197' title='bbox 1477 2781 1715 2838; x_wconf 81' lang='lat' dir='ltr'><strong>breviter</strong></span> <span class='ocrx_word' id='word_1_198' title='bbox 1737 2780 1921 2838; x_wconf 90' lang='lat' dir='ltr'><strong>dicen-</strong></span> 
     </span>
     <span class='ocr_line' id='line_1_29' title="bbox 343 2867 1924 2942; baseline 0.002 -16"><span class='ocrx_word' id='word_1_199' title='bbox 343 2868 478 2926; x_wconf 88' lang='lat' dir='ltr'><strong>dum</strong></span> <span class='ocrx_word' id='word_1_200' title='bbox 516 2874 636 2942; x_wconf 86' lang='lat' dir='ltr'><strong>est,</strong></span> <span class='ocrx_word' id='word_1_201' title='bbox 679 2867 818 2926; x_wconf 88' lang='lat' dir='ltr'><strong>hanc</strong></span> <span class='ocrx_word' id='word_1_202' title='bbox 859 2867 1187 2942; x_wconf 80' lang='lat' dir='ltr'><strong>diligentiam</strong></span> <span class='ocrx_word' id='word_1_203' title='bbox 1225 2885 1347 2928; x_wconf 85' lang='lat' dir='ltr'><strong>esse</strong></span> <span class='ocrx_word' id='word_1_204' title='bbox 1373 2869 1643 2928; x_wconf 83' lang='lat' dir='ltr'><strong>moraliter</strong></span> <span class='ocrx_word' id='word_1_205' title='bbox 1671 2884 1924 2929; x_wconf 85' lang='lat' dir='ltr'><strong>necessa-</strong></span> 
     </span>
     <span class='ocr_line' id='line_1_30' title="bbox 343 2957 1924 3032; baseline 0.003 -17"><span class='ocrx_word' id='word_1_206' title='bbox 343 2961 512 3029; x_wconf 85' lang='lat' dir='ltr'><strong>riam,</strong></span> <span class='ocrx_word' id='word_1_207' title='bbox 555 2963 616 3016; x_wconf 91' lang='lat' dir='ltr'><strong>ut</strong></span> <span class='ocrx_word' id='word_1_208' title='bbox 655 2957 741 3016; x_wconf 86' lang='lat' dir='ltr'><strong>lex</strong></span> <span class='ocrx_word' id='word_1_209' title='bbox 779 2959 1074 3032; x_wconf 90' lang='lat' dir='ltr'><strong>prudenter</strong></span> <span class='ocrx_word' id='word_1_210' title='bbox 1113 2963 1170 3016; x_wconf 89' lang='lat' dir='ltr'><strong>et</strong></span> <span class='ocrx_word' id='word_1_211' title='bbox 1197 2966 1346 3018; x_wconf 89' lang='lat' dir='ltr'><strong>recte</strong></span> <span class='ocrx_word' id='word_1_212' title='bbox 1371 2961 1757 3019; x_wconf 88' lang='lat' dir='ltr'><strong>constituatur.</strong></span> <span class='ocrx_word' id='word_1_213' title='bbox 1789 2962 1924 3031; x_wconf 87' lang='lat' dir='ltr'><strong>Quia</strong></span> 
     </span>
     <span class='ocr_line' id='line_1_31' title="bbox 343 3047 1926 3122; baseline 0.003 -16"><span class='ocrx_word' id='word_1_214' title='bbox 343 3065 432 3106; x_wconf 89' lang='lat' dir='ltr'><strong>res</strong></span> <span class='ocrx_word' id='word_1_215' title='bbox 461 3056 547 3107; x_wconf 92' lang='lat' dir='ltr'><strong>est</strong></span> <span class='ocrx_word' id='word_1_216' title='bbox 572 3047 728 3106; x_wconf 86' lang='lat' dir='ltr'><strong>valde</strong></span> <span class='ocrx_word' id='word_1_217' title='bbox 756 3050 960 3122; x_wconf 81' lang='lat' dir='ltr'><strong>gravis,</strong></span> <span class='ocrx_word' id='word_1_218' title='bbox 984 3057 1040 3107; x_wconf 91' lang='lat' dir='ltr'><strong>et</strong></span> <span class='ocrx_word' id='word_1_219' title='bbox 1059 3049 1259 3122; x_wconf 86' lang='lat' dir='ltr'><strong>pendet</strong></span> <span class='ocrx_word' id='word_1_220' title='bbox 1278 3067 1344 3108; x_wconf 85' lang='lat' dir='ltr'><strong>ex</strong></span> <span class='ocrx_word' id='word_1_221' title='bbox 1364 3050 1662 3108; x_wconf 90' lang='lat' dir='ltr'><strong>multarum</strong></span> <span class='ocrx_word' id='word_1_222' title='bbox 1684 3051 1926 3110; x_wconf 88' lang='lat' dir='ltr'><strong>circum-</strong></span> 
     </span>
     <span class='ocr_line' id='line_1_32' title="bbox 343 3138 1918 3218; baseline 0.003 -22"><span class='ocrx_word' id='word_1_223' title='bbox 343 3140 668 3198; x_wconf 81' lang='lat' dir='ltr'><strong>stantiarum</strong></span> <span class='ocrx_word' id='word_1_224' title='bbox 709 3138 1172 3214; x_wconf 87' lang='lat' dir='ltr'><strong>consideratione,</strong></span> <span class='ocrx_word' id='word_1_225' title='bbox 1216 3155 1357 3214; x_wconf 89' lang='lat' dir='ltr'><strong>quae</strong></span> <span class='ocrx_word' id='word_1_226' title='bbox 1393 3139 1604 3199; x_wconf 76' lang='lat' dir='ltr'><strong>facilius</strong></span> <span class='ocrx_word' id='word_1_227' title='bbox 1641 3157 1674 3200; x_wconf 89' lang='lat' dir='ltr'><strong>a</strong></span> <span class='ocrx_word' id='word_1_228' title='bbox 1713 3142 1918 3218; x_wconf 88' lang='lat' dir='ltr'><strong>multis,</strong></span> 
     </span>
     <span class='ocr_line' id='line_1_33' title="bbox 342 3229 1922 3305; baseline 0.003 -17"><span class='ocrx_word' id='word_1_229' title='bbox 342 3247 510 3305; x_wconf 89' lang='lat' dir='ltr'><strong>quam</strong></span> <span class='ocrx_word' id='word_1_230' title='bbox 545 3230 614 3287; x_wconf 92' lang='lat' dir='ltr'><strong>ab</strong></span> <span class='ocrx_word' id='word_1_231' title='bbox 660 3247 766 3287; x_wconf 92' lang='lat' dir='ltr'><strong>uno</strong></span> <span class='ocrx_word' id='word_1_232' title='bbox 807 3229 1190 3304; x_wconf 88' lang='lat' dir='ltr'><strong>attenduntur,</strong></span> <span class='ocrx_word' id='word_1_233' title='bbox 1227 3237 1286 3289; x_wconf 91' lang='lat' dir='ltr'><strong>et</strong></span> <span class='ocrx_word' id='word_1_234' title='bbox 1323 3229 1393 3288; x_wconf 88' lang='lat' dir='ltr'><strong>ob</strong></span> <span class='ocrx_word' id='word_1_235' title='bbox 1427 3230 1672 3290; x_wconf 88' lang='lat' dir='ltr'><strong>eamdem</strong></span> <span class='ocrx_word' id='word_1_236' title='bbox 1700 3248 1922 3293; x_wconf 88' lang='lat' dir='ltr'><strong>causam</strong></span> 
     </span>
     <span class='ocr_line' id='line_1_34' title="bbox 342 3320 1920 3396; baseline 0.003 -18"><span class='ocrx_word' id='word_1_237' title='bbox 342 3335 566 3378; x_wconf 89' lang='lat' dir='ltr'><strong>necesse</strong></span> <span class='ocrx_word' id='word_1_238' title='bbox 588 3326 696 3392; x_wconf 89' lang='lat' dir='ltr'><strong>est,</strong></span> <span class='ocrx_word' id='word_1_239' title='bbox 721 3327 785 3379; x_wconf 94' lang='lat' dir='ltr'><strong>ut</strong></span> <span class='ocrx_word' id='word_1_240' title='bbox 803 3322 896 3379; x_wconf 82' lang='lat' dir='ltr'><strong>fiat</strong></span> <span class='ocrx_word' id='word_1_241' title='bbox 916 3321 998 3378; x_wconf 84' lang='lat' dir='ltr'><strong>lex</strong></span> <span class='ocrx_word' id='word_1_242' title='bbox 1022 3320 1280 3393; x_wconf 82' lang='lat' dir='ltr'><strong>suffragio</strong></span> <span class='ocrx_word' id='word_1_243' title='bbox 1303 3321 1544 3378; x_wconf 81' lang='lat' dir='ltr'><strong>virorum</strong></span> <span class='ocrx_word' id='word_1_244' title='bbox 1566 3322 1920 3396; x_wconf 87' lang='lat' dir='ltr'><strong>prudentum,</strong></span> 
     </span>
     <span class='ocr_line' id='line_1_35' title="bbox 341 3410 1922 3486; baseline 0.003 -18"><span class='ocrx_word' id='word_1_245' title='bbox 341 3412 439 3486; x_wconf 91' lang='lat' dir='ltr'><strong>qui</strong></span> <span class='ocrx_word' id='word_1_246' title='bbox 473 3416 530 3468; x_wconf 91' lang='lat' dir='ltr'><strong>et</strong></span> <span class='ocrx_word' id='word_1_247' title='bbox 569 3411 724 3484; x_wconf 88' lang='lat' dir='ltr'><strong>periti</strong></span> <span class='ocrx_word' id='word_1_248' title='bbox 764 3411 899 3483; x_wconf 89' lang='lat' dir='ltr'><strong>sint,</strong></span> <span class='ocrx_word' id='word_1_249' title='bbox 940 3418 998 3469; x_wconf 92' lang='lat' dir='ltr'><strong>et</strong></span> <span class='ocrx_word' id='word_1_250' title='bbox 1026 3411 1292 3483; x_wconf 88' lang='lat' dir='ltr'><strong>timorati,</strong></span> <span class='ocrx_word' id='word_1_251' title='bbox 1323 3417 1387 3470; x_wconf 91' lang='lat' dir='ltr'><strong>ut</strong></span> <span class='ocrx_word' id='word_1_252' title='bbox 1413 3410 1642 3469; x_wconf 89' lang='lat' dir='ltr'><strong>habetur</strong></span> <span class='ocrx_word' id='word_1_253' title='bbox 1668 3413 1719 3469; x_wconf 90' lang='lat' dir='ltr'><strong>in</strong></span> <span class='ocrx_word' id='word_1_254' title='bbox 1748 3413 1786 3472; x_wconf 95' lang='grc'><strong>1.</strong></span> <span class='ocrx_word' id='word_1_255' title='bbox 1815 3415 1922 3472; x_wconf 77' lang='lat' dir='ltr'><strong>hu-</strong></span> 
     </span>
     <span class='ocr_line' id='line_1_36' title="bbox 341 3501 1925 3577; baseline 0.003 -20"><span class='ocrx_word' id='word_1_256' title='bbox 341 3517 613 3570; x_wconf 78' lang='lat' dir='ltr'><strong>manum,</strong></span> <span class='ocrx_word' id='word_1_257' title='bbox 651 3502 713 3559; x_wconf 92' lang='lat' dir='ltr'><strong>C.</strong></span> <span class='ocrx_word' id='word_1_258' title='bbox 736 3501 802 3559; x_wconf 92' lang='lat' dir='ltr'><strong>de</strong></span> <span class='ocrx_word' id='word_1_259' title='bbox 824 3503 930 3577; x_wconf 89' lang='lat' dir='ltr'><strong>leg.</strong></span> <span class='ocrx_word' id='word_1_260' title='bbox 963 3502 1053 3558; x_wconf 91' lang='lat' dir='ltr'><strong>ubi</strong></span> <span class='ocrx_word' id='word_1_261' title='bbox 1073 3504 1427 3574; x_wconf 88' lang='lat' dir='ltr'><strong>imperatores</strong></span> <span class='ocrx_word' id='word_1_262' title='bbox 1451 3503 1792 3576; x_wconf 81' lang='lat' dir='ltr'><strong>profitentur,</strong></span> <span class='ocrx_word' id='word_1_263' title='bbox 1817 3520 1925 3562; x_wconf 88' lang='lat' dir='ltr'><strong>non</strong></span> 
     </span>
     <span class='ocr_line' id='line_1_37' title="bbox 343 3591 1922 3668; baseline 0.003 -21"><span class='ocrx_word' id='word_1_264' title='bbox 343 3591 498 3649; x_wconf 87' lang='lat' dir='ltr'><strong>aliter</strong></span> <span class='ocrx_word' id='word_1_265' title='bbox 535 3607 658 3650; x_wconf 90' lang='lat' dir='ltr'><strong>esse</strong></span> <span class='ocrx_word' id='word_1_266' title='bbox 697 3591 870 3666; x_wconf 89' lang='lat' dir='ltr'><strong>legem</strong></span> <span class='ocrx_word' id='word_1_267' title='bbox 905 3592 1140 3667; x_wconf 89' lang='lat' dir='ltr'><strong>aliquam</strong></span> <span class='ocrx_word' id='word_1_268' title='bbox 1181 3592 1643 3668; x_wconf 85' lang='lat' dir='ltr'><strong>promulgaturos,</strong></span> <span class='ocrx_word' id='word_1_269' title='bbox 1675 3596 1922 3668; x_wconf 88' lang='lat' dir='ltr'><strong>quamvis</strong></span> 
     </span>
     <span class='ocr_line' id='line_1_38' title="bbox 341 3681 1923 3761; baseline 0.004 -23"><span class='ocrx_word' id='word_1_270' title='bbox 341 3681 616 3755; x_wconf 87' lang='lat' dir='ltr'><strong>indicent,</strong></span> <span class='ocrx_word' id='word_1_271' title='bbox 658 3682 765 3740; x_wconf 91' lang='lat' dir='ltr'><strong>hoc</strong></span> <span class='ocrx_word' id='word_1_272' title='bbox 801 3699 908 3742; x_wconf 91' lang='lat' dir='ltr'><strong>non</strong></span> <span class='ocrx_word' id='word_1_273' title='bbox 947 3699 1068 3740; x_wconf 90' lang='lat' dir='ltr'><strong>esse</strong></span> <span class='ocrx_word' id='word_1_274' title='bbox 1107 3683 1388 3742; x_wconf 85' lang='lat' dir='ltr'><strong>absolutae</strong></span> <span class='ocrx_word' id='word_1_275' title='bbox 1417 3687 1796 3761; x_wconf 82' lang='lat' dir='ltr'><strong>necessitatis,</strong></span> <span class='ocrx_word' id='word_1_276' title='bbox 1829 3685 1923 3744; x_wconf 90' lang='lat' dir='ltr'><strong>sed</strong></span> 
     </span>
     <span class='ocr_line' id='line_1_39' title="bbox 341 3773 1918 3851; baseline 0.003 -20"><span class='ocrx_word' id='word_1_277' title='bbox 341 3773 660 3846; x_wconf 88' lang='lat' dir='ltr'><strong>prudentiae</strong></span> <span class='ocrx_word' id='word_1_278' title='bbox 689 3781 743 3832; x_wconf 90' lang='lat' dir='ltr'><strong>et</strong></span> <span class='ocrx_word' id='word_1_279' title='bbox 769 3774 1130 3850; x_wconf 80' lang='lat' dir='ltr'><strong>benignitatis.</strong></span> <span class='ocrx_word' id='word_1_280' title='bbox 1162 3775 1316 3833; x_wconf 90' lang='lat' dir='ltr'><strong>Unde</strong></span> <span class='ocrx_word' id='word_1_281' title='bbox 1341 3777 1394 3833; x_wconf 89' lang='lat' dir='ltr'><strong>in</strong></span> <span class='ocrx_word' id='word_1_282' title='bbox 1422 3778 1605 3851; x_wconf 88' lang='lat' dir='ltr'><strong>rigore</strong></span> <span class='ocrx_word' id='word_1_283' title='bbox 1623 3776 1918 3851; x_wconf 88' lang='lat' dir='ltr'><strong>loquendo,</strong></span> 
     </span>
     <span class='ocr_line' id='line_1_40' title="bbox 344 3864 1924 3940; baseline 0.003 -19"><span class='ocrx_word' id='word_1_284' title='bbox 344 3864 480 3922; x_wconf 90' lang='lat' dir='ltr'><strong>haec</strong></span> <span class='ocrx_word' id='word_1_285' title='bbox 509 3865 822 3922; x_wconf 89' lang='lat' dir='ltr'><strong>solemnitas</strong></span> <span class='ocrx_word' id='word_1_286' title='bbox 850 3881 957 3922; x_wconf 90' lang='lat' dir='ltr'><strong>non</strong></span> <span class='ocrx_word' id='word_1_287' title='bbox 984 3873 1072 3923; x_wconf 89' lang='lat' dir='ltr'><strong>est</strong></span> <span class='ocrx_word' id='word_1_288' title='bbox 1096 3865 1164 3924; x_wconf 90' lang='lat' dir='ltr'><strong>de</strong></span> <span class='ocrx_word' id='word_1_289' title='bbox 1192 3867 1518 3924; x_wconf 87' lang='lat' dir='ltr'><strong>necessitate</strong></span> <span class='ocrx_word' id='word_1_290' title='bbox 1546 3865 1708 3940; x_wconf 68' lang='lat' dir='ltr'><strong>legis,</strong></span> <span class='ocrx_word' id='word_1_291' title='bbox 1733 3883 1858 3925; x_wconf 90' lang='lat' dir='ltr'><strong>nam</strong></span> <span class='ocrx_word' id='word_1_292' title='bbox 1879 3869 1924 3925; x_wconf 91' lang='lat' dir='ltr'><strong>si</strong></span> 
     </span>
     <span class='ocr_line' id='line_1_41' title="bbox 341 3955 1922 4032; baseline 0.001 -18"><span class='ocrx_word' id='word_1_293' title='bbox 341 3957 601 4030; x_wconf 87' lang='lat' dir='ltr'><strong>princeps</strong></span> <span class='ocrx_word' id='word_1_294' title='bbox 641 3957 758 4014; x_wconf 91' lang='lat' dir='ltr'><strong>solo</strong></span> <span class='ocrx_word' id='word_1_295' title='bbox 797 3957 1016 4014; x_wconf 88' lang='lat' dir='ltr'><strong>arbitrio</strong></span> <span class='ocrx_word' id='word_1_296' title='bbox 1058 3957 1278 4030; x_wconf 88' lang='lat' dir='ltr'><strong>proprio</strong></span> <span class='ocrx_word' id='word_1_297' title='bbox 1326 3955 1463 4014; x_wconf 85' lang='lat' dir='ltr'><strong>serat</strong></span> <span class='ocrx_word' id='word_1_298' title='bbox 1491 3955 1703 4032; x_wconf 87' lang='lat' dir='ltr'><strong>legem,</strong></span> <span class='ocrx_word' id='word_1_299' title='bbox 1748 3957 1922 4016; x_wconf 84' lang='lat' dir='ltr'><strong>valida</strong></span> 
     </span>
     <span class='ocr_line' id='line_1_42' title="bbox 341 4046 1922 4121; baseline 0.001 -17"><span class='ocrx_word' id='word_1_300' title='bbox 341 4048 468 4120; x_wconf 88' lang='lat' dir='ltr'><strong>erit,</strong></span> <span class='ocrx_word' id='word_1_301' title='bbox 497 4047 796 4104; x_wconf 88' lang='lat' dir='ltr'><strong>dummodo</strong></span> <span class='ocrx_word' id='word_1_302' title='bbox 821 4046 952 4104; x_wconf 90' lang='lat' dir='ltr'><strong>alias</strong></span> <span class='ocrx_word' id='word_1_303' title='bbox 979 4049 1124 4104; x_wconf 89' lang='lat' dir='ltr'><strong>iusta</strong></span> <span class='ocrx_word' id='word_1_304' title='bbox 1151 4048 1238 4105; x_wconf 89' lang='lat' dir='ltr'><strong>sit.</strong></span> <span class='ocrx_word' id='word_1_305' title='bbox 1269 4047 1402 4116; x_wconf 86' lang='lat' dir='ltr'><strong>Quia</strong></span> <span class='ocrx_word' id='word_1_306' title='bbox 1429 4063 1606 4121; x_wconf 88' lang='lat' dir='ltr'><strong>neque</strong></span> <span class='ocrx_word' id='word_1_307' title='bbox 1631 4063 1698 4106; x_wconf 87' lang='lat' dir='ltr'><strong>ex</strong></span> <span class='ocrx_word' id='word_1_308' title='bbox 1727 4055 1922 4107; x_wconf 89' lang='lat' dir='ltr'><strong>natura</strong></span> 
     </span>
     <span class='ocr_line' id='line_1_43' title="bbox 341 4136 1922 4213; baseline 0.002 -19"><span class='ocrx_word' id='word_1_309' title='bbox 341 4139 422 4195; x_wconf 89' lang='lat' dir='ltr'><strong>rei</strong></span> <span class='ocrx_word' id='word_1_310' title='bbox 461 4136 550 4194; x_wconf 88' lang='lat' dir='ltr'><strong>illa</strong></span> <span class='ocrx_word' id='word_1_311' title='bbox 578 4137 886 4196; x_wconf 85' lang='lat' dir='ltr'><strong>solemnitas</strong></span> <span class='ocrx_word' id='word_1_312' title='bbox 918 4143 1002 4195; x_wconf 90' lang='lat' dir='ltr'><strong>est</strong></span> <span class='ocrx_word' id='word_1_313' title='bbox 1029 4137 1356 4211; x_wconf 86' lang='lat' dir='ltr'><strong>necessaria,</strong></span> <span class='ocrx_word' id='word_1_314' title='bbox 1385 4153 1562 4212; x_wconf 89' lang='lat' dir='ltr'><strong>neque</strong></span> <span class='ocrx_word' id='word_1_315' title='bbox 1591 4138 1772 4213; x_wconf 87' lang='lat' dir='ltr'><strong>aliquo</strong></span> <span class='ocrx_word' id='word_1_316' title='bbox 1799 4154 1922 4213; x_wconf 88' lang='lat' dir='ltr'><strong>spe·</strong></span> 
     </span>
     <span class='ocr_line' id='line_1_44' title="bbox 342 4227 1922 4303; baseline 0.001 -18"><span class='ocrx_word' id='word_1_317' title='bbox 342 4227 469 4286; x_wconf 89' lang='lat' dir='ltr'><strong>ciali</strong></span> <span class='ocrx_word' id='word_1_318' title='bbox 509 4229 628 4285; x_wconf 90' lang='lat' dir='ltr'><strong>iure</strong></span> <span class='ocrx_word' id='word_1_319' title='bbox 666 4233 752 4284; x_wconf 86' lang='lat' dir='ltr'><strong>est</strong></span> <span class='ocrx_word' id='word_1_320' title='bbox 790 4229 1144 4301; x_wconf 86' lang='lat' dir='ltr'><strong>praescripta.</strong></span> <span class='ocrx_word' id='word_1_321' title='bbox 1187 4227 1529 4286; x_wconf 81' lang='lat' dir='ltr'><strong>Antecedens</strong></span> <span class='ocrx_word' id='word_1_322' title='bbox 1571 4229 1750 4302; x_wconf 90' lang='lat' dir='ltr'><strong>quoad</strong></span> <span class='ocrx_word' id='word_1_323' title='bbox 1780 4231 1922 4303; x_wconf 91' lang='lat' dir='ltr'><strong>prio-</strong></span> 
     </span>
     <span class='ocr_line' id='line_1_45' title="bbox 339 4317 1920 4394; baseline 0.003 -20"><span class='ocrx_word' id='word_1_324' title='bbox 339 4333 462 4375; x_wconf 88' lang='lat' dir='ltr'><strong>rem</strong></span> <span class='ocrx_word' id='word_1_325' title='bbox 497 4324 707 4391; x_wconf 88' lang='lat' dir='ltr'><strong>partem</strong></span> <span class='ocrx_word' id='word_1_326' title='bbox 734 4317 801 4376; x_wconf 93' lang='lat' dir='ltr'><strong>de</strong></span> <span class='ocrx_word' id='word_1_327' title='bbox 827 4318 943 4376; x_wconf 92' lang='lat' dir='ltr'><strong>iure</strong></span> <span class='ocrx_word' id='word_1_328' title='bbox 971 4318 1206 4376; x_wconf 86' lang='lat' dir='ltr'><strong>naturali</strong></span> <span class='ocrx_word' id='word_1_329' title='bbox 1234 4325 1404 4392; x_wconf 89' lang='lat' dir='ltr'><strong>patet,</strong></span> <span class='ocrx_word' id='word_1_330' title='bbox 1435 4318 1561 4394; x_wconf 90' lang='lat' dir='ltr'><strong>quia</strong></span> <span class='ocrx_word' id='word_1_331' title='bbox 1585 4318 1674 4377; x_wconf 90' lang='lat' dir='ltr'><strong>illa</strong></span> <span class='ocrx_word' id='word_1_332' title='bbox 1702 4321 1920 4378; x_wconf 86' lang='lat' dir='ltr'><strong>consul·</strong></span> 
     </span>
     <span class='ocr_line' id='line_1_46' title="bbox 340 4407 1919 4484; baseline 0.001 -18"><span class='ocrx_word' id='word_1_333' title='bbox 340 4409 477 4466; x_wconf 86' lang='lat' dir='ltr'><strong>tatio</strong></span> <span class='ocrx_word' id='word_1_334' title='bbox 507 4407 688 4468; x_wconf 89' lang='lat' dir='ltr'><strong>solum</strong></span> <span class='ocrx_word' id='word_1_335' title='bbox 714 4409 918 4484; x_wconf 88' lang='lat' dir='ltr'><strong>requiri</strong></span> <span class='ocrx_word' id='word_1_336' title='bbox 944 4414 1145 4482; x_wconf 84' lang='lat' dir='ltr'><strong>potest,</strong></span> <span class='ocrx_word' id='word_1_337' title='bbox 1177 4416 1242 4467; x_wconf 81' lang='lat' dir='ltr'><strong>nt</strong></span> <span class='ocrx_word' id='word_1_338' title='bbox 1270 4409 1353 4466; x_wconf 85' lang='lat' dir='ltr'><strong>lex</strong></span> <span class='ocrx_word' id='word_1_339' title='bbox 1384 4409 1453 4467; x_wconf 91' lang='lat' dir='ltr'><strong>sit</strong></span> <span class='ocrx_word' id='word_1_340' title='bbox 1478 4410 1627 4466; x_wconf 89' lang='lat' dir='ltr'><strong>iusta</strong></span> <span class='ocrx_word' id='word_1_341' title='bbox 1653 4415 1710 4468; x_wconf 90' lang='lat' dir='ltr'><strong>et</strong></span> <span class='ocrx_word' id='word_1_342' title='bbox 1729 4411 1919 4468; x_wconf 90' lang='lat' dir='ltr'><strong>rationi</strong></span> 
     </span>
     <span class='ocr_line' id='line_1_47' title="bbox 341 4497 1920 4574; baseline 0.002 -18"><span class='ocrx_word' id='word_1_343' title='bbox 341 4505 740 4572; x_wconf 82' lang='lat' dir='ltr'><strong>consentanea3</strong></span> <span class='ocrx_word' id='word_1_344' title='bbox 779 4499 825 4557; x_wconf 85' lang='lat' dir='ltr'><strong>si</strong></span> <span class='ocrx_word' id='word_1_345' title='bbox 860 4515 993 4574; x_wconf 90' lang='lat' dir='ltr'><strong>ergo</strong></span> <span class='ocrx_word' id='word_1_346' title='bbox 1018 4500 1316 4573; x_wconf 89' lang='lat' dir='ltr'><strong>contingat,</strong></span> <span class='ocrx_word' id='word_1_347' title='bbox 1347 4499 1458 4557; x_wconf 88' lang='lat' dir='ltr'><strong>sine</strong></span> <span class='ocrx_word' id='word_1_348' title='bbox 1487 4497 1716 4558; x_wconf 90' lang='lat' dir='ltr'><strong>aliorum</strong></span> <span class='ocrx_word' id='word_1_349' title='bbox 1742 4501 1920 4559; x_wconf 91' lang='lat' dir='ltr'><strong>consi·</strong></span> 
     </span>
     <span class='ocr_line' id='line_1_48' title="bbox 343 4588 1919 4667; baseline 0.001 -19"><span class='ocrx_word' id='word_1_350' title='bbox 343 4589 418 4648; x_wconf 89' lang='lat' dir='ltr'><strong>lio</strong></span> <span class='ocrx_word' id='word_1_351' title='bbox 447 4591 746 4664; x_wconf 88' lang='lat' dir='ltr'><strong>principem</strong></span> <span class='ocrx_word' id='word_1_352' title='bbox 772 4591 1037 4664; x_wconf 87' lang='lat' dir='ltr'><strong>attingere</strong></span> <span class='ocrx_word' id='word_1_353' title='bbox 1059 4588 1289 4647; x_wconf 89' lang='lat' dir='ltr'><strong>iustitiae</strong></span> <span class='ocrx_word' id='word_1_354' title='bbox 1319 4591 1640 4667; x_wconf 85' lang='lat' dir='ltr'><strong>aequitatem</strong></span> <span class='ocrx_word' id='word_1_355' title='bbox 1661 4597 1720 4648; x_wconf 89' lang='lat' dir='ltr'><strong>et</strong></span> <span class='ocrx_word' id='word_1_356' title='bbox 1738 4591 1919 4664; x_wconf 89' lang='lat' dir='ltr'><strong>publi-</strong></span> 
     </span>
     <span class='ocr_line' id='line_1_49' title="bbox 342 4679 1918 4754; baseline 0.001 -15"><span class='ocrx_word' id='word_1_357' title='bbox 342 4697 466 4739; x_wconf 89' lang='lat' dir='ltr'><strong>cam</strong></span> <span class='ocrx_word' id='word_1_358' title='bbox 491 4681 770 4740; x_wconf 87' lang='lat' dir='ltr'><strong>utilitatem</strong></span> <span class='ocrx_word' id='word_1_359' title='bbox 799 4682 855 4738; x_wconf 91' lang='lat' dir='ltr'><strong>in</strong></span> <span class='ocrx_word' id='word_1_360' title='bbox 883 4681 1000 4754; x_wconf 88' lang='lat' dir='ltr'><strong>lege</strong></span> <span class='ocrx_word' id='word_1_361' title='bbox 1020 4679 1263 4752; x_wconf 74' lang='lat' dir='ltr'><strong>ferenda,</strong></span> <span class='ocrx_word' id='word_1_362' title='bbox 1287 4695 1393 4740; x_wconf 89' lang='lat' dir='ltr'><strong>non</strong></span> <span class='ocrx_word' id='word_1_363' title='bbox 1415 4680 1588 4739; x_wconf 90' lang='lat' dir='ltr'><strong>oberit</strong></span> <span class='ocrx_word' id='word_1_364' title='bbox 1606 4681 1776 4740; x_wconf 84' lang='lat' dir='ltr'><strong>valeri</strong></span> <span class='ocrx_word' id='word_1_365' title='bbox 1797 4685 1918 4741; x_wconf 86' lang='lat' dir='ltr'><strong>eius</strong></span> 
     </span>
     <span class='ocr_line' id='line_1_50' title="bbox 345 4770 1920 4845; baseline 0.003 -17"><span class='ocrx_word' id='word_1_366' title='bbox 345 4772 565 4829; x_wconf 88' lang='lat' dir='ltr'><strong>omissio</strong></span> <span class='ocrx_word' id='word_1_367' title='bbox 608 4773 858 4845; x_wconf 83' lang='lat' dir='ltr'><strong>praeviae</strong></span> <span class='ocrx_word' id='word_1_368' title='bbox 883 4770 1327 4844; x_wconf 81' lang='lat' dir='ltr'><strong>consultationis3</strong></span> <span class='ocrx_word' id='word_1_369' title='bbox 1358 4771 1488 4829; x_wconf 90' lang='lat' dir='ltr'><strong>licet</strong></span> <span class='ocrx_word' id='word_1_370' title='bbox 1512 4771 1744 4830; x_wconf 85' lang='lat' dir='ltr'><strong>sortasse</strong></span> <span class='ocrx_word' id='word_1_371' title='bbox 1781 4775 1920 4833; x_wconf 88' lang='lat' dir='ltr'><strong>male</strong></span> 
     </span>
     <span class='ocr_line' id='line_1_51' title="bbox 342 4860 1919 4936; baseline 0.003 -18"><span class='ocrx_word' id='word_1_372' title='bbox 342 4863 549 4920; x_wconf 72' lang='lat' dir='ltr'><strong>faceret</strong></span> <span class='ocrx_word' id='word_1_373' title='bbox 569 4863 820 4936; x_wconf 86' lang='lat' dir='ltr'><strong>princeps</strong></span> <span class='ocrx_word' id='word_1_374' title='bbox 851 4876 1010 4919; x_wconf 89' lang='lat' dir='ltr'><strong>suam</strong></span> <span class='ocrx_word' id='word_1_375' title='bbox 1033 4860 1434 4934; x_wconf 88' lang='lat' dir='ltr'><strong>praecipitando</strong></span> <span class='ocrx_word' id='word_1_376' title='bbox 1451 4862 1771 4922; x_wconf 89' lang='lat' dir='ltr'><strong>sententiam</strong></span> <span class='ocrx_word' id='word_1_377' title='bbox 1789 4879 1919 4923; x_wconf 90' lang='lat' dir='ltr'><strong>cum</strong></span> 
     </span>
     <span class='ocr_line' id='line_1_52' title="bbox 343 4950 1920 5025; baseline 0.002 -15"><span class='ocrx_word' id='word_1_378' title='bbox 343 4951 589 5025; x_wconf 89' lang='lat' dir='ltr'><strong>periculo</strong></span> <span class='ocrx_word' id='word_1_379' title='bbox 628 4950 843 5011; x_wconf 88' lang='lat' dir='ltr'><strong>errandi</strong></span> <span class='ocrx_word' id='word_1_380' title='bbox 881 4958 940 5009; x_wconf 91' lang='lat' dir='ltr'><strong>et</strong></span> <span class='ocrx_word' id='word_1_381' title='bbox 977 4967 1106 5009; x_wconf 92' lang='lat' dir='ltr'><strong>cum</strong></span> <span class='ocrx_word' id='word_1_382' title='bbox 1151 4950 1426 5010; x_wconf 89' lang='lat' dir='ltr'><strong>scandalo.</strong></span> <span class='ocrx_word' id='word_1_383' title='bbox 1464 4950 1657 5021; x_wconf 88' lang='lat' dir='ltr'><strong>Quoad</strong></span> <span class='ocrx_word' id='word_1_384' title='bbox 1695 4952 1920 5013; x_wconf 88' lang='lat' dir='ltr'><strong>alteram</strong></span> 
     </span>
     <span class='ocr_line' id='line_1_53' title="bbox 344 5040 1922 5118; baseline 0.004 -20"><span class='ocrx_word' id='word_1_385' title='bbox 344 5058 476 5101; x_wconf 85' lang='lat' dir='ltr'><strong>vero</strong></span> <span class='ocrx_word' id='word_1_386' title='bbox 518 5051 727 5116; x_wconf 88' lang='lat' dir='ltr'><strong>partem</strong></span> <span class='ocrx_word' id='word_1_387' title='bbox 765 5040 832 5099; x_wconf 90' lang='lat' dir='ltr'><strong>de</strong></span> <span class='ocrx_word' id='word_1_388' title='bbox 869 5043 988 5099; x_wconf 90' lang='lat' dir='ltr'><strong>iure</strong></span> <span class='ocrx_word' id='word_1_389' title='bbox 1027 5041 1259 5114; x_wconf 85' lang='lat' dir='ltr'><strong>positivo</strong></span> <span class='ocrx_word' id='word_1_390' title='bbox 1299 5041 1595 5115; x_wconf 89' lang='lat' dir='ltr'><strong>probatur,</strong></span> <span class='ocrx_word' id='word_1_391' title='bbox 1638 5049 1756 5102; x_wconf 90' lang='lat' dir='ltr'><strong>tum</strong></span> <span class='ocrx_word' id='word_1_392' title='bbox 1791 5046 1922 5118; x_wconf 86' lang='lat' dir='ltr'><strong>quia</strong></span> 
     </span>
     <span class='ocr_line' id='line_1_54' title="bbox 343 5132 1918 5214; baseline 0.001 -22"><span class='ocrx_word' id='word_1_393' title='bbox 343 5134 558 5196; x_wconf 83' lang='lat' dir='ltr'><strong>nullum</strong></span> <span class='ocrx_word' id='word_1_394' title='bbox 582 5139 762 5205; x_wconf 81' lang='lat' dir='ltr'><strong>extat3</strong></span> <span class='ocrx_word' id='word_1_395' title='bbox 794 5138 927 5214; x_wconf 47' lang='lat' dir='ltr'><strong>tum·</strong></span> <span class='ocrx_word' id='word_1_396' title='bbox 947 5134 1141 5207; x_wconf 89' lang='lat' dir='ltr'><strong>etiam,</strong></span> <span class='ocrx_word' id='word_1_397' title='bbox 1177 5133 1307 5206; x_wconf 87' lang='lat' dir='ltr'><strong>quia</strong></span> <span class='ocrx_word' id='word_1_398' title='bbox 1330 5132 1463 5191; x_wconf 85' lang='lat' dir='ltr'><strong>licet</strong></span> <span class='ocrx_word' id='word_1_399' title='bbox 1489 5134 1776 5206; x_wconf 87' lang='lat' dir='ltr'><strong>existeret,</strong></span> <span class='ocrx_word' id='word_1_400' title='bbox 1801 5136 1918 5210; x_wconf 88' lang='lat' dir='ltr'><strong>ipse</strong></span> 
     </span>
     <span class='ocr_line' id='line_1_55' title="bbox 343 5221 1918 5300; baseline 0 -15"><span class='ocrx_word' id='word_1_401' title='bbox 343 5227 597 5300; x_wconf 84' lang='lat' dir='ltr'><strong>princeps</strong></span> <span class='ocrx_word' id='word_1_402' title='bbox 635 5227 824 5300; x_wconf 85' lang='lat' dir='ltr'><strong>posset</strong></span> <span class='ocrx_word' id='word_1_403' title='bbox 859 5222 996 5282; x_wconf 90' lang='lat' dir='ltr'><strong>illud</strong></span> <span class='ocrx_word' id='word_1_404' title='bbox 1029 5227 1272 5298; x_wconf 87' lang='lat' dir='ltr'><strong>mutare,</strong></span> <span class='ocrx_word' id='word_1_405' title='bbox 1311 5221 1398 5281; x_wconf 82' lang='lat' dir='ltr'><strong>vel</strong></span> <span class='ocrx_word' id='word_1_406' title='bbox 1437 5237 1630 5282; x_wconf 88' lang='lat' dir='ltr'><strong>secum</strong></span> <span class='ocrx_word' id='word_1_407' title='bbox 1653 5240 1756 5299; x_wconf 93' lang='lat' dir='ltr'><strong>pro</strong></span> <span class='ocrx_word' id='word_1_408' title='bbox 1784 5229 1918 5285; x_wconf 90' lang='lat' dir='ltr'><strong>tunc</strong></span> 
     </span>
    </p>
   </div>
   <div class='ocr_carea' id='block_1_3' title="bbox 3382 273 3502 340">
    <p class='ocr_par' dir='ltr' id='par_1_4' title="bbox 3382 273 3502 340">
     <span class='ocr_line' id='line_1_56' title="bbox 3382 273 3502 340; baseline 0 0"><span class='ocrx_word' id='word_1_409' title='bbox 3382 273 3502 340; x_wconf 75' lang='lat'><strong>211</strong></span> 
     </span>
    </p>
   </div>
   <div class='ocr_carea' id='block_1_4' title="bbox 1985 420 3588 5297">
    <p class='ocr_par' dir='ltr' id='par_1_5' title="bbox 1985 420 3575 681">
     <span class='ocr_line' id='line_1_57' title="bbox 1985 420 3573 498; baseline -0.003 -17"><span class='ocrx_word' id='word_1_410' title='bbox 1985 420 2307 498; x_wconf 86' lang='lat' dir='ltr'><strong>dispensare</strong></span> <span class='ocrx_word' id='word_1_411' title='bbox 2344 421 2551 495; x_wconf 82' lang='lat' dir='ltr'><strong>valide,</strong></span> <span class='ocrx_word' id='word_1_412' title='bbox 2593 421 2800 482; x_wconf 87' lang='lat' dir='ltr'><strong>etiamsi</strong></span> <span class='ocrx_word' id='word_1_413' title='bbox 2832 423 2889 481; x_wconf 83' lang='lat' dir='ltr'><strong>in</strong></span> <span class='ocrx_word' id='word_1_414' title='bbox 2916 421 3022 480; x_wconf 89' lang='lat' dir='ltr'><strong>hoc</strong></span> <span class='ocrx_word' id='word_1_415' title='bbox 3047 424 3331 496; x_wconf 88' lang='lat' dir='ltr'><strong>peccaret.</strong></span> <span class='ocrx_word' id='word_1_416' title='bbox 3356 421 3434 478; x_wconf 85' lang='lat' dir='ltr'><strong>De</strong></span> <span class='ocrx_word' id='word_1_417' title='bbox 3458 433 3573 494; x_wconf 88' lang='lat' dir='ltr'><strong>quo</strong></span> 
     </span>
     <span class='ocr_line' id='line_1_58' title="bbox 1986 508 3575 589; baseline -0.002 -18"><span class='ocrx_word' id='word_1_418' title='bbox 1986 521 2199 588; x_wconf 87' lang='lat' dir='ltr'><strong>puncto</strong></span> <span class='ocrx_word' id='word_1_419' title='bbox 2226 512 2397 573; x_wconf 86' lang='lat' dir='ltr'><strong>videri</strong></span> <span class='ocrx_word' id='word_1_420' title='bbox 2432 519 2612 589; x_wconf 88' lang='lat' dir='ltr'><strong>potest</strong></span> <span class='ocrx_word' id='word_1_421' title='bbox 2649 514 2855 573; x_wconf 88' lang='lat' dir='ltr'><strong>Bartol.</strong></span> <span class='ocrx_word' id='word_1_422' title='bbox 2886 514 2939 572; x_wconf 91' lang='lat' dir='ltr'><strong>in</strong></span> <span class='ocrx_word' id='word_1_423' title='bbox 2963 513 3003 571; x_wconf 92' lang='grc'><strong>1.</strong></span> <span class='ocrx_word' id='word_1_424' title='bbox 3034 527 3233 571; x_wconf 75' lang='lat' dir='ltr'><strong>omnes</strong></span> <span class='ocrx_word' id='word_1_425' title='bbox 3258 508 3484 588; x_wconf 78' lang='lat' dir='ltr'><strong>populi.</strong></span> <span class='ocrx_word' id='word_1_426' title='bbox 3517 509 3575 569; x_wconf 74' lang='lat' dir='ltr'><strong>ff.</strong></span> 
     </span>
     <span class='ocr_line' id='line_1_59' title="bbox 1985 601 3572 681; baseline -0.006 -16"><span class='ocrx_word' id='word_1_427' title='bbox 1985 604 2052 665; x_wconf 89' lang='lat' dir='ltr'><strong>de</strong></span> <span class='ocrx_word' id='word_1_428' title='bbox 2080 605 2243 681; x_wconf 83' lang='lat' dir='ltr'><strong>legib.</strong></span> <span class='ocrx_word' id='word_1_429' title='bbox 2268 613 2325 663; x_wconf 91' lang='lat' dir='ltr'><strong>et</strong></span> <span class='ocrx_word' id='word_1_430' title='bbox 2352 608 2531 664; x_wconf 83' lang='lat' dir='ltr'><strong>Iason.</strong></span> <span class='ocrx_word' id='word_1_431' title='bbox 2564 606 2614 663; x_wconf 91' lang='lat' dir='ltr'><strong>in</strong></span> <span class='ocrx_word' id='word_1_432' title='bbox 2637 605 2675 662; x_wconf 90' lang='grc'><strong>1.</strong></span> <span class='ocrx_word' id='word_1_433' title='bbox 2707 607 2758 679; x_wconf 98' lang='grc'><strong>1,</strong></span> <span class='ocrx_word' id='word_1_434' title='bbox 2783 605 2838 663; x_wconf 74' lang='lat' dir='ltr'><strong>ff.</strong></span> <span class='ocrx_word' id='word_1_435' title='bbox 2865 604 2931 662; x_wconf 91' lang='lat' dir='ltr'><strong>de</strong></span> <span class='ocrx_word' id='word_1_436' title='bbox 2953 605 3241 662; x_wconf 83' lang='lat' dir='ltr'><strong>constitut.</strong></span> <span class='ocrx_word' id='word_1_437' title='bbox 3269 601 3413 675; x_wconf 87' lang='lat' dir='ltr'><strong>prin.</strong></span> <span class='ocrx_word' id='word_1_438' title='bbox 3431 617 3487 658; x_wconf 90' lang='lat' dir='ltr'><strong>n.</strong></span> <span class='ocrx_word' id='word_1_439' title='bbox 3520 603 3572 661; x_wconf 87' lang='grc'><strong>1.</strong></span> 
     </span>
    </p>

    <p class='ocr_par' dir='ltr' id='par_1_6' title="bbox 1985 687 3588 3938">
     <span class='ocr_line' id='line_1_60' title="bbox 2061 687 3573 770; baseline -0.004 -16"><span class='ocrx_word' id='word_1_440' title='bbox 2061 699 2241 770; x_wconf 76' lang='lat' dir='ltr'><strong>Atque</strong></span> <span class='ocrx_word' id='word_1_441' title='bbox 2260 694 2384 753; x_wconf 87' lang='lat' dir='ltr'><strong>hinc</strong></span> <span class='ocrx_word' id='word_1_442' title='bbox 2405 695 2634 754; x_wconf 88' lang='lat' dir='ltr'><strong>ulterius</strong></span> <span class='ocrx_word' id='word_1_443' title='bbox 2656 695 2926 769; x_wconf 89' lang='lat' dir='ltr'><strong>sequitur,</strong></span> <span class='ocrx_word' id='word_1_444' title='bbox 2940 687 3019 754; x_wconf 67' lang='lat' dir='ltr'><strong>&#39;ad</strong></span> <span class='ocrx_word' id='word_1_445' title='bbox 3041 695 3215 768; x_wconf 89' lang='lat' dir='ltr'><strong>legem</strong></span> <span class='ocrx_word' id='word_1_446' title='bbox 3235 695 3573 751; x_wconf 88' lang='lat' dir='ltr'><strong>constituen-</strong></span> 
     </span>
     <span class='ocr_line' id='line_1_61' title="bbox 1985 781 3573 859; baseline -0.004 -14"><span class='ocrx_word' id='word_1_447' title='bbox 1985 785 2112 845; x_wconf 88' lang='lat' dir='ltr'><strong>dam</strong></span> <span class='ocrx_word' id='word_1_448' title='bbox 2139 800 2246 844; x_wconf 92' lang='lat' dir='ltr'><strong>non</strong></span> <span class='ocrx_word' id='word_1_449' title='bbox 2275 799 2395 842; x_wconf 87' lang='lat' dir='ltr'><strong>esse</strong></span> <span class='ocrx_word' id='word_1_450' title='bbox 2421 801 2520 859; x_wconf 91' lang='lat' dir='ltr'><strong>per</strong></span> <span class='ocrx_word' id='word_1_451' title='bbox 2546 801 2604 842; x_wconf 91' lang='lat' dir='ltr'><strong>se</strong></span> <span class='ocrx_word' id='word_1_452' title='bbox 2628 785 2937 843; x_wconf 83' lang='lat' dir='ltr'><strong>necessaria</strong></span> <span class='ocrx_word' id='word_1_453' title='bbox 2962 783 3221 858; x_wconf 76' lang='lat' dir='ltr'><strong>suffragia</strong></span> <span class='ocrx_word' id='word_1_454' title='bbox 3248 781 3573 855; x_wconf 80' lang='lat' dir='ltr'><strong>multorum,</strong></span> 
     </span>
     <span class='ocr_line' id='line_1_62' title="bbox 1988 853 3577 952; baseline -0.003 -18"><span class='ocrx_word' id='word_1_455' title='bbox 1988 878 2116 952; x_wconf 88' lang='lat' dir='ltr'><strong>quia</strong></span> <span class='ocrx_word' id='word_1_456' title='bbox 2154 873 2406 935; x_wconf 78' lang='lat' dir='ltr'><strong>voluntas</strong></span> <span class='ocrx_word' id='word_1_457' title='bbox 2442 875 2703 948; x_wconf 89' lang='lat' dir='ltr'><strong>principis</strong></span> <span class='ocrx_word' id='word_1_458' title='bbox 2731 853 2956 932; x_wconf 52' lang='lat' dir='ltr'><strong>sufficit</strong></span> <span class='ocrx_word' id='word_1_459' title='bbox 2988 877 3103 933; x_wconf 86' lang='lat' dir='ltr'><strong>Hoc</strong></span> <span class='ocrx_word' id='word_1_460' title='bbox 3132 880 3317 933; x_wconf 89' lang='lat' dir='ltr'><strong>autem</strong></span> <span class='ocrx_word' id='word_1_461' title='bbox 3357 873 3441 931; x_wconf 75' lang='lat' dir='ltr'><strong>vel</strong></span> <span class='ocrx_word' id='word_1_462' title='bbox 3467 873 3577 931; x_wconf 85' lang='lat' dir='ltr'><strong>sor-</strong></span> 
     </span>
     <span class='ocr_line' id='line_1_63' title="bbox 1985 963 3573 1039; baseline -0.003 -15"><span class='ocrx_word' id='word_1_463' title='bbox 1985 965 2216 1038; x_wconf 89' lang='lat' dir='ltr'><strong>maliter,</strong></span> <span class='ocrx_word' id='word_1_464' title='bbox 2246 971 2310 1024; x_wconf 92' lang='lat' dir='ltr'><strong>ut</strong></span> <span class='ocrx_word' id='word_1_465' title='bbox 2334 965 2412 1022; x_wconf 90' lang='lat' dir='ltr'><strong>sic</strong></span> <span class='ocrx_word' id='word_1_466' title='bbox 2441 964 2641 1037; x_wconf 90' lang='lat' dir='ltr'><strong>dicam,</strong></span> <span class='ocrx_word' id='word_1_467' title='bbox 2671 963 3081 1039; x_wconf 83' lang='lat' dir='ltr'><strong>intelligendum</strong></span> <span class='ocrx_word' id='word_1_468' title='bbox 3106 971 3210 1038; x_wconf 88' lang='lat' dir='ltr'><strong>est,</strong></span> <span class='ocrx_word' id='word_1_469' title='bbox 3240 964 3326 1021; x_wconf 84' lang='lat' dir='ltr'><strong>vel</strong></span> <span class='ocrx_word' id='word_1_470' title='bbox 3363 963 3432 1021; x_wconf 90' lang='lat' dir='ltr'><strong>ad</strong></span> <span class='ocrx_word' id='word_1_471' title='bbox 3458 979 3573 1020; x_wconf 90' lang='lat' dir='ltr'><strong>mo·</strong></span> 
     </span>
     <span class='ocr_line' id='line_1_64' title="bbox 1986 1053 3575 1130; baseline -0.002 -17"><span class='ocrx_word' id='word_1_472' title='bbox 1986 1055 2267 1115; x_wconf 89' lang='lat' dir='ltr'><strong>narcbiam</strong></span> <span class='ocrx_word' id='word_1_473' title='bbox 2294 1061 2379 1114; x_wconf 85' lang='lat' dir='ltr'><strong>est</strong></span> <span class='ocrx_word' id='word_1_474' title='bbox 2404 1053 2864 1130; x_wconf 88' lang='lat' dir='ltr'><strong>restringendum,</strong></span> <span class='ocrx_word' id='word_1_475' title='bbox 2887 1055 2939 1111; x_wconf 91' lang='lat' dir='ltr'><strong>in</strong></span> <span class='ocrx_word' id='word_1_476' title='bbox 2960 1071 3070 1130; x_wconf 92' lang='lat' dir='ltr'><strong>qua</strong></span> <span class='ocrx_word' id='word_1_477' title='bbox 3092 1059 3334 1128; x_wconf 89' lang='lat' dir='ltr'><strong>potestas</strong></span> <span class='ocrx_word' id='word_1_478' title='bbox 3362 1054 3575 1130; x_wconf 88' lang='lat' dir='ltr'><strong>legisla-</strong></span> 
     </span>
     <span class='ocr_line' id='line_1_65' title="bbox 1988 1142 3579 1219; baseline -0.003 -14"><span class='ocrx_word' id='word_1_479' title='bbox 1988 1147 2097 1206; x_wconf 81' lang='lat' dir='ltr'><strong>tiva</strong></span> <span class='ocrx_word' id='word_1_480' title='bbox 2123 1149 2276 1205; x_wconf 87' lang='lat' dir='ltr'><strong>sitin</strong></span> <span class='ocrx_word' id='word_1_481' title='bbox 2308 1163 2417 1204; x_wconf 90' lang='lat' dir='ltr'><strong>una</strong></span> <span class='ocrx_word' id='word_1_482' title='bbox 2444 1161 2697 1219; x_wconf 70' lang='lat' dir='ltr'><strong>persona,</strong></span> <span class='ocrx_word' id='word_1_483' title='bbox 2723 1162 2849 1204; x_wconf 89' lang='lat' dir='ltr'><strong>nam</strong></span> <span class='ocrx_word' id='word_1_484' title='bbox 2877 1156 3011 1203; x_wconf 97' lang='grc' dir='ltr'><strong>ωηο</strong></span> <span class='ocrx_word' id='word_1_485' title='bbox 3042 1145 3157 1202; x_wconf 89' lang='lat' dir='ltr'><strong>sola</strong></span> <span class='ocrx_word' id='word_1_486' title='bbox 3181 1142 3433 1203; x_wconf 84' lang='lat' dir='ltr'><strong>voluntas</strong></span> <span class='ocrx_word' id='word_1_487' title='bbox 3459 1145 3579 1203; x_wconf 91' lang='lat' dir='ltr'><strong>eius</strong></span> 
     </span>
     <span class='ocr_line' id='line_1_66' title="bbox 1988 1235 3585 1310; baseline -0.002 -15"><span class='ocrx_word' id='word_1_488' title='bbox 1988 1244 2074 1295; x_wconf 84' lang='lat' dir='ltr'><strong>est</strong></span> <span class='ocrx_word' id='word_1_489' title='bbox 2099 1235 2169 1294; x_wconf 90' lang='lat' dir='ltr'><strong>de</strong></span> <span class='ocrx_word' id='word_1_490' title='bbox 2195 1235 2495 1294; x_wconf 87' lang='lat' dir='ltr'><strong>substantia</strong></span> <span class='ocrx_word' id='word_1_491' title='bbox 2524 1236 2677 1310; x_wconf 88' lang='lat' dir='ltr'><strong>legis.</strong></span> <span class='ocrx_word' id='word_1_492' title='bbox 2709 1235 2811 1295; x_wconf 90' lang='lat' dir='ltr'><strong>Ubi</strong></span> <span class='ocrx_word' id='word_1_493' title='bbox 2847 1252 2976 1294; x_wconf 80' lang='lat' dir='ltr'><strong>vero</strong></span> <span class='ocrx_word' id='word_1_494' title='bbox 3004 1237 3243 1310; x_wconf 90' lang='lat' dir='ltr'><strong>regimen</strong></span> <span class='ocrx_word' id='word_1_495' title='bbox 3269 1241 3357 1293; x_wconf 88' lang='lat' dir='ltr'><strong>est</strong></span> <span class='ocrx_word' id='word_1_496' title='bbox 3384 1235 3585 1294; x_wconf 90' lang='lat' dir='ltr'><strong>multo-</strong></span> 
     </span>
     <span class='ocr_line' id='line_1_67' title="bbox 1987 1325 3580 1399; baseline 0 -15"><span class='ocrx_word' id='word_1_497' title='bbox 1987 1342 2114 1385; x_wconf 91' lang='lat' dir='ltr'><strong>rum</strong></span> <span class='ocrx_word' id='word_1_498' title='bbox 2141 1327 2592 1385; x_wconf 89' lang='lat' dir='ltr'><strong>constituentium</strong></span> <span class='ocrx_word' id='word_1_499' title='bbox 2620 1342 2796 1384; x_wconf 89' lang='lat' dir='ltr'><strong>unum</strong></span> <span class='ocrx_word' id='word_1_500' title='bbox 2822 1325 3082 1399; x_wconf 90' lang='lat' dir='ltr'><strong>tribunal,</strong></span> <span class='ocrx_word' id='word_1_501' title='bbox 3112 1332 3247 1383; x_wconf 92' lang='lat' dir='ltr'><strong>tunc</strong></span> <span class='ocrx_word' id='word_1_502' title='bbox 3276 1325 3580 1384; x_wconf 88' lang='lat' dir='ltr'><strong>multorum</strong></span> 
     </span>
     <span class='ocr_line' id='line_1_68' title="bbox 1989 1415 3583 1492; baseline 0 -18"><span class='ocrx_word' id='word_1_503' title='bbox 1989 1417 2308 1492; x_wconf 83' lang='lat' dir='ltr'><strong>suffragium</strong></span> <span class='ocrx_word' id='word_1_504' title='bbox 2328 1417 2699 1476; x_wconf 89' lang='lat' dir='ltr'><strong>necessarium</strong></span> <span class='ocrx_word' id='word_1_505' title='bbox 2720 1424 2827 1491; x_wconf 88' lang='lat' dir='ltr'><strong>est,</strong></span> <span class='ocrx_word' id='word_1_506' title='bbox 2844 1433 2947 1474; x_wconf 91' lang='lat' dir='ltr'><strong>non</strong></span> <span class='ocrx_word' id='word_1_507' title='bbox 2969 1431 3065 1490; x_wconf 89' lang='lat' dir='ltr'><strong>per</strong></span> <span class='ocrx_word' id='word_1_508' title='bbox 3087 1415 3308 1474; x_wconf 89' lang='lat' dir='ltr'><strong>modum</strong></span> <span class='ocrx_word' id='word_1_509' title='bbox 3326 1415 3583 1474; x_wconf 89' lang='lat' dir='ltr'><strong>solemni-</strong></span> 
     </span>
     <span class='ocr_line' id='line_1_69' title="bbox 1989 1505 3581 1581; baseline -0.003 -14"><span class='ocrx_word' id='word_1_510' title='bbox 1989 1508 2116 1567; x_wconf 86' lang='lat' dir='ltr'><strong>tatis</strong></span> <span class='ocrx_word' id='word_1_511' title='bbox 2143 1507 2544 1566; x_wconf 87' lang='lat' dir='ltr'><strong>accidentariae</strong></span> <span class='ocrx_word' id='word_1_512' title='bbox 2571 1513 2627 1565; x_wconf 90' lang='lat' dir='ltr'><strong>et</strong></span> <span class='ocrx_word' id='word_1_513' title='bbox 2654 1507 3056 1581; x_wconf 87' lang='lat' dir='ltr'><strong>praeambulae,</strong></span> <span class='ocrx_word' id='word_1_514' title='bbox 3083 1505 3176 1564; x_wconf 90' lang='lat' dir='ltr'><strong>sed</strong></span> <span class='ocrx_word' id='word_1_515' title='bbox 3202 1513 3425 1580; x_wconf 90' lang='lat' dir='ltr'><strong>propter</strong></span> <span class='ocrx_word' id='word_1_516' title='bbox 3450 1506 3581 1564; x_wconf 90' lang='lat' dir='ltr'><strong>sub-</strong></span> 
     </span>
     <span class='ocr_line' id='line_1_70' title="bbox 1989 1595 3583 1674; baseline -0.001 -18"><span class='ocrx_word' id='word_1_517' title='bbox 1989 1598 2295 1657; x_wconf 90' lang='lat' dir='ltr'><strong>stantialem</strong></span> <span class='ocrx_word' id='word_1_518' title='bbox 2322 1598 2775 1674; x_wconf 84' lang='lat' dir='ltr'><strong>constitutionem</strong></span> <span class='ocrx_word' id='word_1_519' title='bbox 2800 1596 2955 1671; x_wconf 88' lang='lat' dir='ltr'><strong>legis,</strong></span> <span class='ocrx_word' id='word_1_520' title='bbox 2986 1613 3129 1672; x_wconf 88' lang='lat' dir='ltr'><strong>quae</strong></span> <span class='ocrx_word' id='word_1_521' title='bbox 3157 1612 3267 1654; x_wconf 90' lang='lat' dir='ltr'><strong>non</strong></span> <span class='ocrx_word' id='word_1_522' title='bbox 3293 1595 3490 1670; x_wconf 91' lang='lat' dir='ltr'><strong>pendet</strong></span> <span class='ocrx_word' id='word_1_523' title='bbox 3514 1613 3583 1654; x_wconf 85' lang='lat' dir='ltr'><strong>ex</strong></span> 
     </span>
     <span class='ocr_line' id='line_1_71' title="bbox 1990 1687 3579 1764; baseline 0 -18"><span class='ocrx_word' id='word_1_524' title='bbox 1990 1705 2098 1747; x_wconf 90' lang='lat' dir='ltr'><strong>una</strong></span> <span class='ocrx_word' id='word_1_525' title='bbox 2125 1695 2337 1747; x_wconf 91' lang='lat' dir='ltr'><strong>tantum</strong></span> <span class='ocrx_word' id='word_1_526' title='bbox 2360 1705 2615 1764; x_wconf 89' lang='lat' dir='ltr'><strong>persona,</strong></span> <span class='ocrx_word' id='word_1_527' title='bbox 2642 1687 2737 1746; x_wconf 88' lang='lat' dir='ltr'><strong>sed</strong></span> <span class='ocrx_word' id='word_1_528' title='bbox 2758 1703 2824 1746; x_wconf 85' lang='lat' dir='ltr'><strong>ex</strong></span> <span class='ocrx_word' id='word_1_529' title='bbox 2848 1689 3271 1762; x_wconf 85' lang='lat' dir='ltr'><strong>congregatione</strong></span> <span class='ocrx_word' id='word_1_530' title='bbox 3292 1692 3579 1746; x_wconf 82' lang='lat' dir='ltr'><strong>constante</strong></span> 
     </span>
     <span class='ocr_line' id='line_1_72' title="bbox 1989 1776 3581 1853; baseline -0.003 -15"><span class='ocrx_word' id='word_1_531' title='bbox 1989 1796 2056 1838; x_wconf 91' lang='lat' dir='ltr'><strong>ex</strong></span> <span class='ocrx_word' id='word_1_532' title='bbox 2075 1780 2284 1839; x_wconf 88' lang='lat' dir='ltr'><strong>multis.</strong></span> <span class='ocrx_word' id='word_1_533' title='bbox 2317 1781 2467 1838; x_wconf 88' lang='lat' dir='ltr'><strong>Tunc</strong></span> <span class='ocrx_word' id='word_1_534' title='bbox 2497 1786 2682 1837; x_wconf 91' lang='lat' dir='ltr'><strong>autem</strong></span> <span class='ocrx_word' id='word_1_535' title='bbox 2711 1778 2970 1842; x_wconf 84' lang='lat' dir='ltr'><strong>dicimus.</strong></span> <span class='ocrx_word' id='word_1_536' title='bbox 3002 1779 3177 1853; x_wconf 90' lang='lat' dir='ltr'><strong>legem</strong></span> <span class='ocrx_word' id='word_1_537' title='bbox 3206 1776 3351 1834; x_wconf 91' lang='lat' dir='ltr'><strong>illam</strong></span> <span class='ocrx_word' id='word_1_538' title='bbox 3378 1779 3581 1835; x_wconf 87' lang='lat' dir='ltr'><strong>consti-</strong></span> 
     </span>
     <span class='ocr_line' id='line_1_73' title="bbox 1988 1865 3584 1945; baseline -0.003 -16"><span class='ocrx_word' id='word_1_539' title='bbox 1988 1873 2071 1929; x_wconf 88' lang='lat' dir='ltr'><strong>tui</strong></span> <span class='ocrx_word' id='word_1_540' title='bbox 2099 1871 2167 1929; x_wconf 91' lang='lat' dir='ltr'><strong>ab</strong></span> <span class='ocrx_word' id='word_1_541' title='bbox 2196 1887 2308 1928; x_wconf 91' lang='lat' dir='ltr'><strong>una</strong></span> <span class='ocrx_word' id='word_1_542' title='bbox 2333 1886 2566 1945; x_wconf 87' lang='lat' dir='ltr'><strong>persona</strong></span> <span class='ocrx_word' id='word_1_543' title='bbox 2591 1870 2740 1942; x_wconf 84' lang='lat' dir='ltr'><strong>ficta,</strong></span> <span class='ocrx_word' id='word_1_544' title='bbox 2768 1874 2825 1926; x_wconf 90' lang='lat' dir='ltr'><strong>et</strong></span> <span class='ocrx_word' id='word_1_545' title='bbox 2852 1868 2925 1926; x_wconf 89' lang='lat' dir='ltr'><strong>ita</strong></span> <span class='ocrx_word' id='word_1_546' title='bbox 2953 1865 3277 1938; x_wconf 78' lang='lat' dir='ltr'><strong>formaliter,</strong></span> <span class='ocrx_word' id='word_1_547' title='bbox 3306 1874 3373 1925; x_wconf 92' lang='lat' dir='ltr'><strong>ut</strong></span> <span class='ocrx_word' id='word_1_548' title='bbox 3398 1869 3477 1925; x_wconf 86' lang='lat' dir='ltr'><strong>sic</strong></span> <span class='ocrx_word' id='word_1_549' title='bbox 3504 1865 3584 1925; x_wconf 89' lang='lat' dir='ltr'><strong>di·</strong></span> 
     </span>
     <span class='ocr_line' id='line_1_74' title="bbox 1991 1957 3581 2036; baseline -0.003 -16"><span class='ocrx_word' id='word_1_550' title='bbox 1991 1977 2136 2036; x_wconf 91' lang='lat' dir='ltr'><strong>cam,</strong></span> <span class='ocrx_word' id='word_1_551' title='bbox 2170 1978 2281 2020; x_wconf 88' lang='lat' dir='ltr'><strong>uno</strong></span> <span class='ocrx_word' id='word_1_552' title='bbox 2324 1975 2597 2019; x_wconf 85' lang='lat' dir='ltr'><strong>consensu</strong></span> <span class='ocrx_word' id='word_1_553' title='bbox 2638 1959 2927 2017; x_wconf 89' lang='lat' dir='ltr'><strong>constitui.</strong></span> <span class='ocrx_word' id='word_1_554' title='bbox 2958 1960 3029 2016; x_wconf 92' lang='lat' dir='ltr'><strong>Et</strong></span> <span class='ocrx_word' id='word_1_555' title='bbox 3067 1957 3187 2016; x_wconf 91' lang='lat' dir='ltr'><strong>ideo</strong></span> <span class='ocrx_word' id='word_1_556' title='bbox 3224 1973 3451 2016; x_wconf 88' lang='lat' dir='ltr'><strong>necesse</strong></span> <span class='ocrx_word' id='word_1_557' title='bbox 3476 1963 3581 2030; x_wconf 86' lang='lat' dir='ltr'><strong>est,</strong></span> 
     </span>
     <span class='ocr_line' id='line_1_75' title="bbox 1991 2048 3579 2128; baseline -0.003 -17"><span class='ocrx_word' id='word_1_558' title='bbox 1991 2059 2056 2111; x_wconf 91' lang='lat' dir='ltr'><strong>ut</strong></span> <span class='ocrx_word' id='word_1_559' title='bbox 2080 2069 2291 2126; x_wconf 88' lang='lat' dir='ltr'><strong>omnes,</strong></span> <span class='ocrx_word' id='word_1_560' title='bbox 2322 2053 2417 2128; x_wconf 91' lang='lat' dir='ltr'><strong>qui</strong></span> <span class='ocrx_word' id='word_1_561' title='bbox 2446 2052 2765 2125; x_wconf 84' lang='lat' dir='ltr'><strong>suffragium</strong></span> <span class='ocrx_word' id='word_1_562' title='bbox 2794 2050 3097 2109; x_wconf 82' lang='lat' dir='ltr'><strong>decisivum</strong></span> <span class='ocrx_word' id='word_1_563' title='bbox 3124 2048 3341 2125; x_wconf 89' lang='lat' dir='ltr'><strong>habent,</strong></span> <span class='ocrx_word' id='word_1_564' title='bbox 3372 2066 3579 2109; x_wconf 81' lang='lat' dir='ltr'><strong>vocen-</strong></span> 
     </span>
     <span class='ocr_line' id='line_1_76' title="bbox 1990 2141 3583 2218; baseline -0.001 -16"><span class='ocrx_word' id='word_1_565' title='bbox 1990 2151 2104 2218; x_wconf 90' lang='lat' dir='ltr'><strong>tur,</strong></span> <span class='ocrx_word' id='word_1_566' title='bbox 2136 2150 2404 2218; x_wconf 89' lang='lat' dir='ltr'><strong>quantum</strong></span> <span class='ocrx_word' id='word_1_567' title='bbox 2435 2141 2722 2200; x_wconf 90' lang='lat' dir='ltr'><strong>commode</strong></span> <span class='ocrx_word' id='word_1_568' title='bbox 2749 2142 2859 2199; x_wconf 84' lang='lat' dir='ltr'><strong>fieri</strong></span> <span class='ocrx_word' id='word_1_569' title='bbox 2887 2142 3074 2214; x_wconf 90' lang='lat' dir='ltr'><strong>possit,</strong></span> <span class='ocrx_word' id='word_1_570' title='bbox 3110 2146 3431 2217; x_wconf 89' lang='lat' dir='ltr'><strong>argumento</strong></span> <span class='ocrx_word' id='word_1_571' title='bbox 3458 2141 3497 2199; x_wconf 97' lang='grc'><strong>1.</strong></span> <span class='ocrx_word' id='word_1_572' title='bbox 3523 2147 3583 2214; x_wconf 88' lang='grc'><strong>2,</strong></span> 
     </span>
     <span class='ocr_line' id='line_1_77' title="bbox 1990 2232 3587 2309; baseline 0.001 -17"><span class='ocrx_word' id='word_1_573' title='bbox 1990 2235 2052 2292; x_wconf 90' lang='lat' dir='ltr'><strong>C.</strong></span> <span class='ocrx_word' id='word_1_574' title='bbox 2084 2233 2151 2292; x_wconf 90' lang='lat' dir='ltr'><strong>de</strong></span> <span class='ocrx_word' id='word_1_575' title='bbox 2178 2233 2370 2292; x_wconf 91' lang='lat' dir='ltr'><strong>decur.</strong></span> <span class='ocrx_word' id='word_1_576' title='bbox 2406 2232 2500 2292; x_wconf 87' lang='lat' dir='ltr'><strong>lib.</strong></span> <span class='ocrx_word' id='word_1_577' title='bbox 2538 2237 2625 2305; x_wconf 90' lang='grc'><strong>10,</strong></span> <span class='ocrx_word' id='word_1_578' title='bbox 2658 2233 2741 2291; x_wconf 87' lang='lat' dir='ltr'><strong>vel</strong></span> <span class='ocrx_word' id='word_1_579' title='bbox 2770 2233 3007 2291; x_wconf 84' lang='lat' dir='ltr'><strong>sufficiet</strong></span> <span class='ocrx_word' id='word_1_580' title='bbox 3028 2247 3335 2291; x_wconf 86' lang='lat' dir='ltr'><strong>convocare</strong></span> <span class='ocrx_word' id='word_1_581' title='bbox 3355 2237 3587 2309; x_wconf 89' lang='lat' dir='ltr'><strong>eos,qui</strong></span> 
     </span>
     <span class='ocr_line' id='line_1_78' title="bbox 1991 2322 3587 2398; baseline -0.001 -15"><span class='ocrx_word' id='word_1_582' title='bbox 1991 2327 2047 2383; x_wconf 89' lang='lat' dir='ltr'><strong>in</strong></span> <span class='ocrx_word' id='word_1_583' title='bbox 2075 2325 2213 2382; x_wconf 86' lang='lat' dir='ltr'><strong>urbe</strong></span> <span class='ocrx_word' id='word_1_584' title='bbox 2235 2340 2337 2382; x_wconf 89' lang='lat' dir='ltr'><strong>suo</strong></span> <span class='ocrx_word' id='word_1_585' title='bbox 2359 2323 2482 2381; x_wconf 88' lang='lat' dir='ltr'><strong>loco</strong></span> <span class='ocrx_word' id='word_1_586' title='bbox 2504 2330 2639 2382; x_wconf 91' lang='lat' dir='ltr'><strong>tunc</strong></span> <span class='ocrx_word' id='word_1_587' title='bbox 2668 2322 2890 2396; x_wconf 91' lang='lat' dir='ltr'><strong>adsunt,</strong></span> <span class='ocrx_word' id='word_1_588' title='bbox 2920 2322 3220 2382; x_wconf 91' lang='lat' dir='ltr'><strong>dummodo</strong></span> <span class='ocrx_word' id='word_1_589' title='bbox 3240 2323 3381 2383; x_wconf 87' lang='lat' dir='ltr'><strong>duae</strong></span> <span class='ocrx_word' id='word_1_590' title='bbox 3399 2332 3587 2398; x_wconf 89' lang='lat' dir='ltr'><strong>partes</strong></span> 
     </span>
     <span class='ocr_line' id='line_1_79' title="bbox 1991 2413 3585 2490; baseline 0.001 -17"><span class='ocrx_word' id='word_1_591' title='bbox 1991 2415 2159 2474; x_wconf 88' lang='lat' dir='ltr'><strong>totius</strong></span> <span class='ocrx_word' id='word_1_592' title='bbox 2189 2414 2436 2490; x_wconf 86' lang='lat' dir='ltr'><strong>corporis</strong></span> <span class='ocrx_word' id='word_1_593' title='bbox 2465 2421 2782 2488; x_wconf 88' lang='lat' dir='ltr'><strong>praesentes</strong></span> <span class='ocrx_word' id='word_1_594' title='bbox 2805 2416 2944 2484; x_wconf 86' lang='lat' dir='ltr'><strong>sint,</strong></span> <span class='ocrx_word' id='word_1_595' title='bbox 2972 2420 3295 2490; x_wconf 84' lang='lat' dir='ltr'><strong>argumento</strong></span> <span class='ocrx_word' id='word_1_596' title='bbox 3330 2413 3367 2471; x_wconf 95' lang='grc'><strong>1.</strong></span> <span class='ocrx_word' id='word_1_597' title='bbox 3400 2420 3585 2474; x_wconf 77' lang='lat' dir='ltr'><strong>nomi-</strong></span> 
     </span>
     <span class='ocr_line' id='line_1_80' title="bbox 1989 2503 3583 2581; baseline 0.002 -19"><span class='ocrx_word' id='word_1_598' title='bbox 1989 2509 2319 2572; x_wconf 72' lang='lat' dir='ltr'><strong>nationum,</strong></span> <span class='ocrx_word' id='word_1_599' title='bbox 2352 2503 2544 2564; x_wconf 90' lang='lat' dir='ltr'><strong>eodem</strong></span> <span class='ocrx_word' id='word_1_600' title='bbox 2576 2505 2661 2564; x_wconf 91' lang='lat' dir='ltr'><strong>tit.</strong></span> <span class='ocrx_word' id='word_1_601' title='bbox 2692 2512 2751 2563; x_wconf 92' lang='lat' dir='ltr'><strong>et</strong></span> <span class='ocrx_word' id='word_1_602' title='bbox 2778 2506 2814 2563; x_wconf 89' lang='grc'><strong>1.</strong></span> <span class='ocrx_word' id='word_1_603' title='bbox 2846 2503 3017 2572; x_wconf 72' lang='lat' dir='ltr'><strong>nulli,</strong></span> <span class='ocrx_word' id='word_1_604' title='bbox 3055 2505 3109 2562; x_wconf 81' lang='lat' dir='ltr'><strong>ff.</strong></span> <span class='ocrx_word' id='word_1_605' title='bbox 3140 2504 3287 2580; x_wconf 89' lang='lat' dir='ltr'><strong>quod</strong></span> <span class='ocrx_word' id='word_1_606' title='bbox 3309 2506 3583 2581; x_wconf 89' lang='lat' dir='ltr'><strong>cuiusque</strong></span> 
     </span>
     <span class='ocr_line' id='line_1_81' title="bbox 1991 2595 3588 2671; baseline 0.001 -16"><span class='ocrx_word' id='word_1_607' title='bbox 1991 2600 2233 2656; x_wconf 86' lang='lat' dir='ltr'><strong>univers.</strong></span> <span class='ocrx_word' id='word_1_608' title='bbox 2266 2598 2338 2655; x_wconf 88' lang='lat' dir='ltr'><strong>Et</strong></span> <span class='ocrx_word' id='word_1_609' title='bbox 2360 2612 2429 2654; x_wconf 84' lang='lat' dir='ltr'><strong>ex</strong></span> <span class='ocrx_word' id='word_1_610' title='bbox 2474 2595 2679 2654; x_wconf 86' lang='lat' dir='ltr'><strong>eisdem</strong></span> <span class='ocrx_word' id='word_1_611' title='bbox 2723 2596 2935 2654; x_wconf 90' lang='lat' dir='ltr'><strong>iuribus</strong></span> <span class='ocrx_word' id='word_1_612' title='bbox 2973 2603 3189 2654; x_wconf 85' lang='lat' dir='ltr'><strong>constat</strong></span> <span class='ocrx_word' id='word_1_613' title='bbox 3222 2604 3494 2671; x_wconf 86' lang='lat' dir='ltr'><strong>oportere,</strong></span> <span class='ocrx_word' id='word_1_614' title='bbox 3522 2604 3588 2656; x_wconf 93' lang='lat' dir='ltr'><strong>ut</strong></span> 
     </span>
     <span class='ocr_line' id='line_1_82' title="bbox 1991 2685 3584 2762; baseline 0.001 -17"><span class='ocrx_word' id='word_1_615' title='bbox 1991 2689 2153 2747; x_wconf 87' lang='lat' dir='ltr'><strong>simul</strong></span> <span class='ocrx_word' id='word_1_616' title='bbox 2178 2693 2583 2762; x_wconf 89' lang='lat' dir='ltr'><strong>congregentur</strong></span> <span class='ocrx_word' id='word_1_617' title='bbox 2605 2685 2673 2745; x_wconf 92' lang='lat' dir='ltr'><strong>ad</strong></span> <span class='ocrx_word' id='word_1_618' title='bbox 2693 2686 2866 2761; x_wconf 87' lang='lat' dir='ltr'><strong>legem</strong></span> <span class='ocrx_word' id='word_1_619' title='bbox 2885 2686 3325 2746; x_wconf 88' lang='lat' dir='ltr'><strong>constituendam</strong></span> <span class='ocrx_word' id='word_1_620' title='bbox 3346 2704 3446 2761; x_wconf 88' lang='lat' dir='ltr'><strong>per</strong></span> <span class='ocrx_word' id='word_1_621' title='bbox 3466 2705 3584 2746; x_wconf 89' lang='lat' dir='ltr'><strong>mo·</strong></span> 
     </span>
     <span class='ocr_line' id='line_1_83' title="bbox 1991 2779 3579 2853; baseline -0.001 -14"><span class='ocrx_word' id='word_1_622' title='bbox 1991 2781 2124 2839; x_wconf 90' lang='lat' dir='ltr'><strong>dum</strong></span> <span class='ocrx_word' id='word_1_623' title='bbox 2146 2781 2313 2837; x_wconf 87' lang='lat' dir='ltr'><strong>unius</strong></span> <span class='ocrx_word' id='word_1_624' title='bbox 2331 2779 2730 2853; x_wconf 82' lang='lat' dir='ltr'><strong>corporis.Non</strong></span> <span class='ocrx_word' id='word_1_625' title='bbox 2754 2793 2880 2836; x_wconf 86' lang='lat' dir='ltr'><strong>vero</strong></span> <span class='ocrx_word' id='word_1_626' title='bbox 2900 2784 3139 2851; x_wconf 88' lang='lat' dir='ltr'><strong>oportet,</strong></span> <span class='ocrx_word' id='word_1_627' title='bbox 3156 2784 3424 2836; x_wconf 55' lang='lat' dir='ltr'><strong>ut-omnes</strong></span> <span class='ocrx_word' id='word_1_628' title='bbox 3445 2794 3579 2838; x_wconf 89' lang='lat' dir='ltr'><strong>con·</strong></span> 
     </span>
     <span class='ocr_line' id='line_1_84' title="bbox 1991 2869 3585 2944; baseline 0.001 -15"><span class='ocrx_word' id='word_1_629' title='bbox 1991 2872 2241 2944; x_wconf 89' lang='lat' dir='ltr'><strong>sentiant,</strong></span> <span class='ocrx_word' id='word_1_630' title='bbox 2273 2871 2370 2928; x_wconf 90' lang='lat' dir='ltr'><strong>sed</strong></span> <span class='ocrx_word' id='word_1_631' title='bbox 2396 2869 2546 2944; x_wconf 90' lang='lat' dir='ltr'><strong>quod</strong></span> <span class='ocrx_word' id='word_1_632' title='bbox 2571 2870 2742 2928; x_wconf 89' lang='lat' dir='ltr'><strong>maior</strong></span> <span class='ocrx_word' id='word_1_633' title='bbox 2770 2886 2897 2943; x_wconf 91' lang='lat' dir='ltr'><strong>pars</strong></span> <span class='ocrx_word' id='word_1_634' title='bbox 2916 2869 3102 2927; x_wconf 89' lang='lat' dir='ltr'><strong>curiae</strong></span> <span class='ocrx_word' id='word_1_635' title='bbox 3126 2869 3336 2944; x_wconf 79' lang='lat' dir='ltr'><strong>fecerit,</strong></span> <span class='ocrx_word' id='word_1_636' title='bbox 3359 2871 3585 2943; x_wconf 89' lang='lat' dir='ltr'><strong>perinde</strong></span> 
     </span>
     <span class='ocr_line' id='line_1_85' title="bbox 1990 2959 3583 3036; baseline 0 -17"><span class='ocrx_word' id='word_1_637' title='bbox 1990 2961 2225 3019; x_wconf 88' lang='lat' dir='ltr'><strong>habetur</strong></span> <span class='ocrx_word' id='word_1_638' title='bbox 2240 2977 2304 3019; x_wconf 88' lang='lat' dir='ltr'><strong>ac</strong></span> <span class='ocrx_word' id='word_1_639' title='bbox 2321 2962 2365 3018; x_wconf 90' lang='lat' dir='ltr'><strong>si</strong></span> <span class='ocrx_word' id='word_1_640' title='bbox 2385 2960 2450 3018; x_wconf 90' lang='lat' dir='ltr'><strong>ab</strong></span> <span class='ocrx_word' id='word_1_641' title='bbox 2474 2961 2727 3018; x_wconf 88' lang='lat' dir='ltr'><strong>omnibus</strong></span> <span class='ocrx_word' id='word_1_642' title='bbox 2745 2959 2951 3017; x_wconf 85' lang='lat' dir='ltr'><strong>sactum</strong></span> <span class='ocrx_word' id='word_1_643' title='bbox 2970 2959 3178 3031; x_wconf 79' lang='lat' dir='ltr'><strong>suisset,</strong></span> <span class='ocrx_word' id='word_1_644' title='bbox 3191 2959 3345 3018; x_wconf 85' lang='lat' dir='ltr'><strong>iuxta</strong></span> <span class='ocrx_word' id='word_1_645' title='bbox 3372 2960 3409 3017; x_wconf 91' lang='grc'><strong>1.</strong></span> <span class='ocrx_word' id='word_1_646' title='bbox 3423 2960 3583 3036; x_wconf 76' lang='lat' dir='ltr'><strong>quod</strong></span> 
     </span>
     <span class='ocr_line' id='line_1_86' title="bbox 1990 3047 3580 3125; baseline -0.001 -13"><span class='ocrx_word' id='word_1_647' title='bbox 1990 3055 2205 3118; x_wconf 84' lang='lat' dir='ltr'><strong>maior,</strong></span> <span class='ocrx_word' id='word_1_648' title='bbox 2241 3052 2297 3109; x_wconf 80' lang='lat' dir='ltr'><strong>ff.</strong></span> <span class='ocrx_word' id='word_1_649' title='bbox 2329 3050 2397 3109; x_wconf 91' lang='lat' dir='ltr'><strong>ad</strong></span> <span class='ocrx_word' id='word_1_650' title='bbox 2426 3051 2686 3124; x_wconf 90' lang='lat' dir='ltr'><strong>municip.</strong></span> <span class='ocrx_word' id='word_1_651' title='bbox 2718 3047 2866 3125; x_wconf 85' lang='lat' dir='ltr'><strong>q&#39;uod</strong></span> <span class='ocrx_word' id='word_1_652' title='bbox 2893 3054 3042 3107; x_wconf 92' lang='lat' dir='ltr'><strong>recte</strong></span> <span class='ocrx_word' id='word_1_653' title='bbox 3064 3050 3254 3108; x_wconf 87' lang='lat' dir='ltr'><strong>Glossa</strong></span> <span class='ocrx_word' id='word_1_654' title='bbox 3272 3052 3491 3125; x_wconf 87' lang='lat' dir='ltr'><strong>exponit</strong></span> <span class='ocrx_word' id='word_1_655' title='bbox 3510 3051 3580 3110; x_wconf 91' lang='lat' dir='ltr'><strong>de</strong></span> 
     </span>
     <span class='ocr_line' id='line_1_87' title="bbox 1990 3138 3572 3218; baseline -0.003 -15"><span class='ocrx_word' id='word_1_656' title='bbox 1990 3146 2094 3217; x_wconf 86' lang='lat' dir='ltr'><strong>his,</strong></span> <span class='ocrx_word' id='word_1_657' title='bbox 2126 3143 2222 3218; x_wconf 89' lang='lat' dir='ltr'><strong>qui</strong></span> <span class='ocrx_word' id='word_1_658' title='bbox 2248 3146 2642 3200; x_wconf 86' lang='lat' dir='ltr'><strong>convenerunt.</strong></span> <span class='ocrx_word' id='word_1_659' title='bbox 2676 3139 2822 3198; x_wconf 83' lang='lat' dir='ltr'><strong>Idem</strong></span> <span class='ocrx_word' id='word_1_660' title='bbox 2852 3141 2905 3197; x_wconf 90' lang='lat' dir='ltr'><strong>in</strong></span> <span class='ocrx_word' id='word_1_661' title='bbox 2931 3140 2972 3198; x_wconf 96' lang='grc'><strong>1.</strong></span> <span class='ocrx_word' id='word_1_662' title='bbox 3004 3138 3190 3208; x_wconf 76' lang='lat' dir='ltr'><strong>aliud,</strong></span> <span class='ocrx_word' id='word_1_663' title='bbox 3226 3139 3280 3198; x_wconf 82' lang='lat' dir='ltr'><strong>ff.</strong></span> <span class='ocrx_word' id='word_1_664' title='bbox 3312 3139 3379 3197; x_wconf 89' lang='lat' dir='ltr'><strong>de</strong></span> <span class='ocrx_word' id='word_1_665' title='bbox 3406 3157 3572 3216; x_wconf 89' lang='lat' dir='ltr'><strong>regu-</strong></span> 
     </span>
     <span class='ocr_line' id='line_1_88' title="bbox 1989 3230 3577 3303; baseline -0.001 -10"><span class='ocrx_word' id='word_1_666' title='bbox 1989 3235 2054 3294; x_wconf 88' lang='lat' dir='ltr'><strong>lis</strong></span> <span class='ocrx_word' id='word_1_667' title='bbox 2080 3235 2235 3292; x_wconf 88' lang='lat' dir='ltr'><strong>iuris.</strong></span> <span class='ocrx_word' id='word_1_668' title='bbox 2268 3235 2328 3292; x_wconf 87' lang='lat' dir='ltr'><strong>ln</strong></span> <span class='ocrx_word' id='word_1_669' title='bbox 2357 3232 2473 3291; x_wconf 89' lang='lat' dir='ltr'><strong>iure</strong></span> <span class='ocrx_word' id='word_1_670' title='bbox 2500 3238 2685 3290; x_wconf 88' lang='lat' dir='ltr'><strong>autem</strong></span> <span class='ocrx_word' id='word_1_671' title='bbox 2712 3231 2978 3289; x_wconf 89' lang='lat' dir='ltr'><strong>canonico</strong></span> <span class='ocrx_word' id='word_1_672' title='bbox 3006 3230 3131 3289; x_wconf 90' lang='lat' dir='ltr'><strong>addi</strong></span> <span class='ocrx_word' id='word_1_673' title='bbox 3158 3231 3321 3303; x_wconf 88' lang='lat' dir='ltr'><strong>solet,</strong></span> <span class='ocrx_word' id='word_1_674' title='bbox 3353 3238 3419 3290; x_wconf 91' lang='lat' dir='ltr'><strong>ut</strong></span> <span class='ocrx_word' id='word_1_675' title='bbox 3443 3247 3577 3291; x_wconf 89' lang='lat' dir='ltr'><strong>con-</strong></span> 
     </span>
     <span class='ocr_line' id='line_1_89' title="bbox 1991 3321 3580 3397; baseline 0 -15"><span class='ocrx_word' id='word_1_676' title='bbox 1991 3325 2192 3384; x_wconf 89' lang='lat' dir='ltr'><strong>sentiat</strong></span> <span class='ocrx_word' id='word_1_677' title='bbox 2218 3326 2379 3382; x_wconf 90' lang='lat' dir='ltr'><strong>etiam</strong></span> <span class='ocrx_word' id='word_1_678' title='bbox 2407 3324 2583 3381; x_wconf 86' lang='lat' dir='ltr'><strong>sanior</strong></span> <span class='ocrx_word' id='word_1_679' title='bbox 2610 3336 2768 3395; x_wconf 91' lang='lat' dir='ltr'><strong>pars,</strong></span> <span class='ocrx_word' id='word_1_680' title='bbox 2798 3321 2971 3395; x_wconf 87' lang='lat' dir='ltr'><strong>capite</strong></span> <span class='ocrx_word' id='word_1_681' title='bbox 3009 3325 3055 3380; x_wconf 92' lang='grc'><strong>1.</strong></span> <span class='ocrx_word' id='word_1_682' title='bbox 3090 3321 3159 3380; x_wconf 90' lang='lat' dir='ltr'><strong>de</strong></span> <span class='ocrx_word' id='word_1_683' title='bbox 3186 3321 3272 3394; x_wconf 89' lang='lat' dir='ltr'><strong>iis,</strong></span> <span class='ocrx_word' id='word_1_684' title='bbox 3295 3337 3438 3397; x_wconf 90' lang='lat' dir='ltr'><strong>quae</strong></span> <span class='ocrx_word' id='word_1_685' title='bbox 3466 3323 3510 3380; x_wconf 88' lang='lat' dir='ltr'><strong>si</strong></span> <span class='ocrx_word' id='word_1_686' title='bbox 3547 3341 3580 3382; x_wconf 91' lang='lat' dir='ltr'><strong>a</strong></span> 
     </span>
     <span class='ocr_line' id='line_1_90' title="bbox 1990 3409 3577 3488; baseline -0.002 -14"><span class='ocrx_word' id='word_1_687' title='bbox 1990 3415 2175 3474; x_wconf 90' lang='lat' dir='ltr'><strong>maiori</strong></span> <span class='ocrx_word' id='word_1_688' title='bbox 2200 3420 2357 3488; x_wconf 85' lang='lat' dir='ltr'><strong>parte</strong></span> <span class='ocrx_word' id='word_1_689' title='bbox 2384 3428 2505 3487; x_wconf 86' lang='lat' dir='ltr'><strong>cap.</strong></span> <span class='ocrx_word' id='word_1_690' title='bbox 2540 3411 2645 3472; x_wconf 87' lang='lat' dir='ltr'><strong>Sed</strong></span> <span class='ocrx_word' id='word_1_691' title='bbox 2672 3410 2805 3470; x_wconf 90' lang='lat' dir='ltr'><strong>illud</strong></span> <span class='ocrx_word' id='word_1_692' title='bbox 2832 3418 2919 3469; x_wconf 88' lang='lat' dir='ltr'><strong>est</strong></span> <span class='ocrx_word' id='word_1_693' title='bbox 2944 3409 3175 3485; x_wconf 88' lang='lat' dir='ltr'><strong>speciale</strong></span> <span class='ocrx_word' id='word_1_694' title='bbox 3202 3413 3256 3468; x_wconf 93' lang='lat' dir='ltr'><strong>in</strong></span> <span class='ocrx_word' id='word_1_695' title='bbox 3288 3411 3455 3469; x_wconf 89' lang='lat' dir='ltr'><strong>rebus</strong></span> <span class='ocrx_word' id='word_1_696' title='bbox 3482 3428 3577 3473; x_wconf 91' lang='lat' dir='ltr'><strong>ec-</strong></span> 
     </span>
     <span class='ocr_line' id='line_1_91' title="bbox 1991 3501 3575 3578; baseline -0.001 -14"><span class='ocrx_word' id='word_1_697' title='bbox 1991 3506 2335 3578; x_wconf 88' lang='lat' dir='ltr'><strong>clesiasticis,</strong></span> <span class='ocrx_word' id='word_1_698' title='bbox 2368 3511 2433 3564; x_wconf 91' lang='lat' dir='ltr'><strong>ut</strong></span> <span class='ocrx_word' id='word_1_699' title='bbox 2476 3504 2529 3563; x_wconf 90' lang='lat' dir='ltr'><strong>bi</strong></span> <span class='ocrx_word' id='word_1_700' title='bbox 2555 3501 2903 3562; x_wconf 83' lang='lat' dir='ltr'><strong>notatAbbas</strong></span> <span class='ocrx_word' id='word_1_701' title='bbox 2929 3519 3085 3561; x_wconf 90' lang='lat' dir='ltr'><strong>num.</strong></span> <span class='ocrx_word' id='word_1_702' title='bbox 3121 3507 3175 3576; x_wconf 82' lang='lat'><strong>3,</strong></span> <span class='ocrx_word' id='word_1_703' title='bbox 3193 3509 3249 3561; x_wconf 91' lang='lat' dir='ltr'><strong>et</strong></span> <span class='ocrx_word' id='word_1_704' title='bbox 3272 3504 3358 3577; x_wconf 92' lang='grc'><strong>11,</strong></span> <span class='ocrx_word' id='word_1_705' title='bbox 3378 3519 3575 3564; x_wconf 86' lang='lat' dir='ltr'><strong>seeun-</strong></span> 
     </span>
     <span class='ocr_line' id='line_1_92' title="bbox 1988 3592 3575 3669; baseline -0.001 -13"><span class='ocrx_word' id='word_1_706' title='bbox 1988 3596 2122 3656; x_wconf 90' lang='lat' dir='ltr'><strong>dum</strong></span> <span class='ocrx_word' id='word_1_707' title='bbox 2148 3595 2304 3654; x_wconf 86' lang='lat' dir='ltr'><strong>civile</strong></span> <span class='ocrx_word' id='word_1_708' title='bbox 2332 3601 2517 3653; x_wconf 90' lang='lat' dir='ltr'><strong>autem</strong></span> <span class='ocrx_word' id='word_1_709' title='bbox 2558 3610 2628 3651; x_wconf 89' lang='lat' dir='ltr'><strong>us</strong></span> <span class='ocrx_word' id='word_1_710' title='bbox 2654 3593 2745 3651; x_wconf 91' lang='lat' dir='ltr'><strong>illa</strong></span> <span class='ocrx_word' id='word_1_711' title='bbox 2773 3599 3030 3651; x_wconf 88' lang='lat' dir='ltr'><strong>censetur</strong></span> <span class='ocrx_word' id='word_1_712' title='bbox 3059 3592 3239 3651; x_wconf 89' lang='lat' dir='ltr'><strong>sanior</strong></span> <span class='ocrx_word' id='word_1_713' title='bbox 3259 3609 3407 3668; x_wconf 88' lang='lat' dir='ltr'><strong>pars,</strong></span> <span class='ocrx_word' id='word_1_714' title='bbox 3431 3611 3575 3669; x_wconf 88' lang='lat' dir='ltr'><strong>quae</strong></span> 
     </span>
     <span class='ocr_line' id='line_1_93' title="bbox 1989 3683 3581 3761; baseline 0 -16"><span class='ocrx_word' id='word_1_715' title='bbox 1989 3692 2076 3745; x_wconf 90' lang='lat' dir='ltr'><strong>est</strong></span> <span class='ocrx_word' id='word_1_716' title='bbox 2101 3687 2271 3744; x_wconf 87' lang='lat' dir='ltr'><strong>maior</strong></span> <span class='ocrx_word' id='word_1_717' title='bbox 2298 3685 2461 3743; x_wconf 90' lang='lat' dir='ltr'><strong>totius</strong></span> <span class='ocrx_word' id='word_1_718' title='bbox 2490 3700 2807 3758; x_wconf 89' lang='lat' dir='ltr'><strong>consessus,</strong></span> <span class='ocrx_word' id='word_1_719' title='bbox 2838 3689 2903 3742; x_wconf 93' lang='lat' dir='ltr'><strong>ut</strong></span> <span class='ocrx_word' id='word_1_720' title='bbox 2928 3683 3134 3742; x_wconf 84' lang='lat' dir='ltr'><strong>notavit</strong></span> <span class='ocrx_word' id='word_1_721' title='bbox 3158 3684 3374 3743; x_wconf 88' lang='lat' dir='ltr'><strong>Felinus</strong></span> <span class='ocrx_word' id='word_1_722' title='bbox 3401 3689 3581 3761; x_wconf 87' lang='lat' dir='ltr'><strong>capite</strong></span> 
     </span>
     <span class='ocr_line' id='line_1_94' title="bbox 1997 3773 3578 3849; baseline -0.001 -13"><span class='ocrx_word' id='word_1_723' title='bbox 1997 3778 2153 3836; x_wconf 77' lang='lat' dir='ltr'><strong>Cum</strong></span> <span class='ocrx_word' id='word_1_724' title='bbox 2182 3791 2395 3842; x_wconf 69' lang='lat' dir='ltr'><strong>ovines,</strong></span> <span class='ocrx_word' id='word_1_725' title='bbox 2428 3773 2495 3832; x_wconf 94' lang='lat' dir='ltr'><strong>de</strong></span> <span class='ocrx_word' id='word_1_726' title='bbox 2522 3775 2746 3832; x_wconf 85' lang='lat' dir='ltr'><strong>constit.</strong></span> <span class='ocrx_word' id='word_1_727' title='bbox 2778 3789 2931 3832; x_wconf 90' lang='lat' dir='ltr'><strong>num.</strong></span> <span class='ocrx_word' id='word_1_728' title='bbox 2971 3777 3056 3833; x_wconf 88' lang='grc'><strong>19.</strong></span> <span class='ocrx_word' id='word_1_729' title='bbox 3082 3779 3140 3832; x_wconf 89' lang='lat' dir='ltr'><strong>et</strong></span> <span class='ocrx_word' id='word_1_730' title='bbox 3165 3788 3280 3848; x_wconf 90' lang='lat' dir='ltr'><strong>seq.</strong></span> <span class='ocrx_word' id='word_1_731' title='bbox 3307 3774 3399 3832; x_wconf 93' lang='lat' dir='ltr'><strong>ubi</strong></span> <span class='ocrx_word' id='word_1_732' title='bbox 3419 3775 3578 3849; x_wconf 92' lang='lat' dir='ltr'><strong>plura</strong></span> 
     </span>
     <span class='ocr_line' id='line_1_95' title="bbox 1991 3863 2897 3938; baseline -0.006 -14"><span class='ocrx_word' id='word_1_733' title='bbox 1991 3865 2058 3925; x_wconf 91' lang='lat' dir='ltr'><strong>de</strong></span> <span class='ocrx_word' id='word_1_734' title='bbox 2087 3864 2191 3924; x_wconf 87' lang='lat' dir='ltr'><strong>hoc</strong></span> <span class='ocrx_word' id='word_1_735' title='bbox 2218 3870 2421 3938; x_wconf 90' lang='lat' dir='ltr'><strong>puncto</strong></span> <span class='ocrx_word' id='word_1_736' title='bbox 2450 3863 2619 3921; x_wconf 82' lang='lat' dir='ltr'><strong>videri</strong></span> <span class='ocrx_word' id='word_1_737' title='bbox 2647 3869 2897 3937; x_wconf 89' lang='lat' dir='ltr'><strong>possunt.</strong></span> 
     </span>
    </p>

    <p class='ocr_par' dir='ltr' id='par_1_7' title="bbox 1985 3952 3575 5297">
     <span class='ocr_line' id='line_1_96' title="bbox 2067 3952 3575 4030; baseline -0.001 -14"><span class='ocrx_word' id='word_1_738' title='bbox 2067 3961 2121 4016; x_wconf 88' lang='grc'><strong>3.</strong></span> <span class='ocrx_word' id='word_1_739' title='bbox 2153 3957 2312 4014; x_wconf 89' lang='lat' dir='ltr'><strong>Circa</strong></span> <span class='ocrx_word' id='word_1_740' title='bbox 2347 3953 2643 4012; x_wconf 88' lang='lat' dir='ltr'><strong>secundam</strong></span> <span class='ocrx_word' id='word_1_741' title='bbox 2678 3953 3073 4012; x_wconf 85' lang='lat' dir='ltr'><strong>solemnitatem</strong></span> <span class='ocrx_word' id='word_1_742' title='bbox 3108 3952 3309 4030; x_wconf 89' lang='lat' dir='ltr'><strong>inquiri</strong></span> <span class='ocrx_word' id='word_1_743' title='bbox 3350 3955 3575 4014; x_wconf 84' lang='lat' dir='ltr'><strong>maxime</strong></span> 
     </span>
     <span class='ocr_line' id='line_1_97' title="bbox 1989 4043 3572 4120; baseline -0.001 -15"><span class='ocrx_word' id='word_1_744' title='bbox 1989 4047 2154 4120; x_wconf 89' lang='lat' dir='ltr'><strong>solet,</strong></span> <span class='ocrx_word' id='word_1_745' title='bbox 2180 4062 2248 4104; x_wconf 91' lang='lat' dir='ltr'><strong>an</strong></span> <span class='ocrx_word' id='word_1_746' title='bbox 2275 4059 2498 4103; x_wconf 89' lang='lat' dir='ltr'><strong>necesse</strong></span> <span class='ocrx_word' id='word_1_747' title='bbox 2526 4044 2613 4118; x_wconf 91' lang='lat' dir='ltr'><strong>sit,</strong></span> <span class='ocrx_word' id='word_1_748' title='bbox 2639 4043 2812 4119; x_wconf 88' lang='lat' dir='ltr'><strong>legem</strong></span> <span class='ocrx_word' id='word_1_749' title='bbox 2834 4043 3125 4102; x_wconf 87' lang='lat' dir='ltr'><strong>humanam</strong></span> <span class='ocrx_word' id='word_1_750' title='bbox 3146 4059 3268 4103; x_wconf 87' lang='lat' dir='ltr'><strong>esse</strong></span> <span class='ocrx_word' id='word_1_751' title='bbox 3290 4046 3572 4120; x_wconf 70' lang='lat' dir='ltr'><strong>scriptam,</strong></span> 
     </span>
     <span class='ocr_line' id='line_1_98' title="bbox 1989 4134 3573 4213; baseline -0.001 -17"><span class='ocrx_word' id='word_1_752' title='bbox 1989 4139 2041 4196; x_wconf 89' lang='lat' dir='ltr'><strong>in</strong></span> <span class='ocrx_word' id='word_1_753' title='bbox 2063 4153 2175 4213; x_wconf 91' lang='lat' dir='ltr'><strong>quo</strong></span> <span class='ocrx_word' id='word_1_754' title='bbox 2196 4135 2473 4195; x_wconf 88' lang='lat' dir='ltr'><strong>sciendum</strong></span> <span class='ocrx_word' id='word_1_755' title='bbox 2487 4142 2593 4209; x_wconf 90' lang='lat' dir='ltr'><strong>est,</strong></span> <span class='ocrx_word' id='word_1_756' title='bbox 2610 4135 2833 4192; x_wconf 87' lang='lat' dir='ltr'><strong>iuristas</strong></span> <span class='ocrx_word' id='word_1_757' title='bbox 2855 4134 3215 4193; x_wconf 89' lang='lat' dir='ltr'><strong>communiter</strong></span> <span class='ocrx_word' id='word_1_758' title='bbox 3235 4135 3573 4211; x_wconf 88' lang='lat' dir='ltr'><strong>distinguere</strong></span> 
     </span>
     <span class='ocr_line' id='line_1_99' title="bbox 1987 4224 3574 4304; baseline 0 -18"><span class='ocrx_word' id='word_1_759' title='bbox 1987 4227 2163 4304; x_wconf 87' lang='lat' dir='ltr'><strong>legem</strong></span> <span class='ocrx_word' id='word_1_760' title='bbox 2190 4227 2484 4287; x_wconf 87' lang='lat' dir='ltr'><strong>humanam</strong></span> <span class='ocrx_word' id='word_1_761' title='bbox 2512 4226 2564 4282; x_wconf 90' lang='lat' dir='ltr'><strong>in</strong></span> <span class='ocrx_word' id='word_1_762' title='bbox 2604 4224 2865 4298; x_wconf 87' lang='lat' dir='ltr'><strong>scriptam</strong></span> <span class='ocrx_word' id='word_1_763' title='bbox 2903 4231 2961 4283; x_wconf 90' lang='lat' dir='ltr'><strong>et</strong></span> <span class='ocrx_word' id='word_1_764' title='bbox 2996 4241 3104 4283; x_wconf 90' lang='lat' dir='ltr'><strong>non</strong></span> <span class='ocrx_word' id='word_1_765' title='bbox 3145 4227 3442 4300; x_wconf 82' lang='lat' dir='ltr'><strong>scriptam3</strong></span> <span class='ocrx_word' id='word_1_766' title='bbox 3476 4225 3574 4286; x_wconf 85' lang='lat' dir='ltr'><strong>scd</strong></span> 
     </span>
     <span class='ocr_line' id='line_1_100' title="bbox 1985 4316 3571 4394; baseline -0.001 -16"><span class='ocrx_word' id='word_1_767' title='bbox 1985 4336 2085 4394; x_wconf 88' lang='lat' dir='ltr'><strong>per</strong></span> <span class='ocrx_word' id='word_1_768' title='bbox 2113 4319 2285 4394; x_wconf 87' lang='lat' dir='ltr'><strong>legem</strong></span> <span class='ocrx_word' id='word_1_769' title='bbox 2309 4334 2417 4376; x_wconf 93' lang='lat' dir='ltr'><strong>non</strong></span> <span class='ocrx_word' id='word_1_770' title='bbox 2447 4317 2704 4390; x_wconf 89' lang='lat' dir='ltr'><strong>scriptam</strong></span> <span class='ocrx_word' id='word_1_771' title='bbox 2730 4316 3094 4374; x_wconf 89' lang='lat' dir='ltr'><strong>communiter</strong></span> <span class='ocrx_word' id='word_1_772' title='bbox 3112 4317 3419 4391; x_wconf 88' lang='lat' dir='ltr'><strong>intelligunt</strong></span> <span class='ocrx_word' id='word_1_773' title='bbox 3438 4333 3571 4376; x_wconf 90' lang='lat' dir='ltr'><strong>con·</strong></span> 
     </span>
     <span class='ocr_line' id='line_1_101' title="bbox 1987 4404 3572 4482; baseline -0.001 -14"><span class='ocrx_word' id='word_1_774' title='bbox 1987 4410 2353 4482; x_wconf 88' lang='lat' dir='ltr'><strong>suetudinem,</strong></span> <span class='ocrx_word' id='word_1_775' title='bbox 2383 4422 2523 4482; x_wconf 87' lang='lat' dir='ltr'><strong>quae</strong></span> <span class='ocrx_word' id='word_1_776' title='bbox 2551 4406 2658 4464; x_wconf 85' lang='lat' dir='ltr'><strong>vim</strong></span> <span class='ocrx_word' id='word_1_777' title='bbox 2685 4405 2847 4464; x_wconf 85' lang='lat' dir='ltr'><strong>habet</strong></span> <span class='ocrx_word' id='word_1_778' title='bbox 2873 4405 3036 4480; x_wconf 82' lang='lat' dir='ltr'><strong>legis3</strong></span> <span class='ocrx_word' id='word_1_779' title='bbox 3068 4404 3135 4464; x_wconf 91' lang='lat' dir='ltr'><strong>de</strong></span> <span class='ocrx_word' id='word_1_780' title='bbox 3155 4406 3245 4464; x_wconf 92' lang='lat' dir='ltr'><strong>illa</strong></span> <span class='ocrx_word' id='word_1_781' title='bbox 3270 4422 3401 4466; x_wconf 85' lang='lat' dir='ltr'><strong>vero</strong></span> <span class='ocrx_word' id='word_1_782' title='bbox 3422 4423 3572 4467; x_wconf 89' lang='lat' dir='ltr'><strong>nunc</strong></span> 
     </span>
     <span class='ocr_line' id='line_1_102' title="bbox 1987 4495 3571 4573; baseline -0.003 -15"><span class='ocrx_word' id='word_1_783' title='bbox 1987 4517 2094 4559; x_wconf 91' lang='lat' dir='ltr'><strong>non</strong></span> <span class='ocrx_word' id='word_1_784' title='bbox 2120 4505 2460 4573; x_wconf 79' lang='lat' dir='ltr'><strong>tractamus3</strong></span> <span class='ocrx_word' id='word_1_785' title='bbox 2488 4496 2621 4554; x_wconf 79' lang='lat' dir='ltr'><strong>inira</strong></span> <span class='ocrx_word' id='word_1_786' title='bbox 2657 4497 2799 4555; x_wconf 91' lang='lat' dir='ltr'><strong>enim</strong></span> <span class='ocrx_word' id='word_1_787' title='bbox 2838 4495 2905 4554; x_wconf 92' lang='lat' dir='ltr'><strong>de</strong></span> <span class='ocrx_word' id='word_1_788' title='bbox 2934 4495 3021 4553; x_wconf 85' lang='lat' dir='ltr'><strong>illa</strong></span> <span class='ocrx_word' id='word_1_789' title='bbox 3048 4495 3351 4569; x_wconf 82' lang='lat' dir='ltr'><strong>specialiter</strong></span> <span class='ocrx_word' id='word_1_790' title='bbox 3387 4497 3571 4556; x_wconf 89' lang='lat' dir='ltr'><strong>dicen-</strong></span> 
     </span>
     <span class='ocr_line' id='line_1_103' title="bbox 1986 4584 3569 4665; baseline -0.002 -17"><span class='ocrx_word' id='word_1_791' title='bbox 1986 4590 2118 4649; x_wconf 90' lang='lat' dir='ltr'><strong>dum</strong></span> <span class='ocrx_word' id='word_1_792' title='bbox 2143 4595 2249 4665; x_wconf 89' lang='lat' dir='ltr'><strong>est,</strong></span> <span class='ocrx_word' id='word_1_793' title='bbox 2278 4586 2373 4646; x_wconf 91' lang='lat' dir='ltr'><strong>sed</strong></span> <span class='ocrx_word' id='word_1_794' title='bbox 2402 4588 2615 4663; x_wconf 90' lang='lat' dir='ltr'><strong>agimus</strong></span> <span class='ocrx_word' id='word_1_795' title='bbox 2647 4585 2715 4644; x_wconf 90' lang='lat' dir='ltr'><strong>de</strong></span> <span class='ocrx_word' id='word_1_796' title='bbox 2743 4584 2959 4660; x_wconf 89' lang='lat' dir='ltr'><strong>propria</strong></span> <span class='ocrx_word' id='word_1_797' title='bbox 2980 4586 3117 4658; x_wconf 88' lang='lat' dir='ltr'><strong>lege,</strong></span> <span class='ocrx_word' id='word_1_798' title='bbox 3146 4601 3287 4659; x_wconf 89' lang='lat' dir='ltr'><strong>quae</strong></span> <span class='ocrx_word' id='word_1_799' title='bbox 3314 4601 3569 4660; x_wconf 85' lang='lat' dir='ltr'><strong>expresse</strong></span> 
     </span>
     <span class='ocr_line' id='line_1_104' title="bbox 1985 4674 3572 4752; baseline -0.002 -14"><span class='ocrx_word' id='word_1_800' title='bbox 1985 4687 2040 4739; x_wconf 93' lang='lat' dir='ltr'><strong>et</strong></span> <span class='ocrx_word' id='word_1_801' title='bbox 2063 4679 2271 4738; x_wconf 92' lang='lat' dir='ltr'><strong>directe</strong></span> <span class='ocrx_word' id='word_1_802' title='bbox 2298 4695 2327 4736; x_wconf 88' lang='lat' dir='ltr'><strong>a</strong></span> <span class='ocrx_word' id='word_1_803' title='bbox 2354 4679 2595 4752; x_wconf 88' lang='lat' dir='ltr'><strong>principe</strong></span> <span class='ocrx_word' id='word_1_804' title='bbox 2616 4676 2985 4733; x_wconf 89' lang='lat' dir='ltr'><strong>constituitur.</strong></span> <span class='ocrx_word' id='word_1_805' title='bbox 3010 4674 3163 4734; x_wconf 90' lang='lat' dir='ltr'><strong>Unde</strong></span> <span class='ocrx_word' id='word_1_806' title='bbox 3181 4675 3359 4733; x_wconf 82' lang='lat' dir='ltr'><strong>exilia</strong></span> <span class='ocrx_word' id='word_1_807' title='bbox 3379 4676 3572 4735; x_wconf 88' lang='lat' dir='ltr'><strong>distin·</strong></span> 
     </span>
     <span class='ocr_line' id='line_1_105' title="bbox 1985 4765 3571 4843; baseline -0.003 -13"><span class='ocrx_word' id='word_1_808' title='bbox 1985 4771 2169 4831; x_wconf 90' lang='lat' dir='ltr'><strong>ctione</strong></span> <span class='ocrx_word' id='word_1_809' title='bbox 2190 4771 2369 4843; x_wconf 88' lang='lat' dir='ltr'><strong>potius</strong></span> <span class='ocrx_word' id='word_1_810' title='bbox 2396 4767 2608 4826; x_wconf 84' lang='lat' dir='ltr'><strong>videtur</strong></span> <span class='ocrx_word' id='word_1_811' title='bbox 2634 4766 2824 4824; x_wconf 76' lang='lat' dir='ltr'><strong>inferri</strong></span> <span class='ocrx_word' id='word_1_812' title='bbox 2851 4766 3023 4840; x_wconf 88' lang='lat' dir='ltr'><strong>legem</strong></span> <span class='ocrx_word' id='word_1_813' title='bbox 3052 4767 3347 4839; x_wconf 86' lang='lat' dir='ltr'><strong>propriam,</strong></span> <span class='ocrx_word' id='word_1_814' title='bbox 3370 4765 3437 4824; x_wconf 93' lang='lat' dir='ltr'><strong>de</strong></span> <span class='ocrx_word' id='word_1_815' title='bbox 3458 4783 3571 4842; x_wconf 92' lang='lat' dir='ltr'><strong>qua</strong></span> 
     </span>
     <span class='ocr_line' id='line_1_106' title="bbox 1987 4857 3573 4934; baseline -0.002 -14"><span class='ocrx_word' id='word_1_816' title='bbox 1987 4861 2147 4920; x_wconf 89' lang='lat' dir='ltr'><strong>modo</strong></span> <span class='ocrx_word' id='word_1_817' title='bbox 2182 4861 2417 4934; x_wconf 86' lang='lat' dir='ltr'><strong>agimus,</strong></span> <span class='ocrx_word' id='word_1_818' title='bbox 2449 4858 2644 4916; x_wconf 90' lang='lat' dir='ltr'><strong>debere</strong></span> <span class='ocrx_word' id='word_1_819' title='bbox 2671 4872 2793 4914; x_wconf 90' lang='lat' dir='ltr'><strong>esse</strong></span> <span class='ocrx_word' id='word_1_820' title='bbox 2820 4857 3197 4929; x_wconf 88' lang='lat' dir='ltr'><strong>scriptam.lta</strong></span> <span class='ocrx_word' id='word_1_821' title='bbox 3215 4857 3357 4915; x_wconf 89' lang='lat' dir='ltr'><strong>enim</strong></span> <span class='ocrx_word' id='word_1_822' title='bbox 3376 4864 3462 4917; x_wconf 88' lang='lat' dir='ltr'><strong>est</strong></span> <span class='ocrx_word' id='word_1_823' title='bbox 3480 4859 3573 4918; x_wconf 86' lang='lat' dir='ltr'><strong>illa</strong></span> 
     </span>
     <span class='ocr_line' id='line_1_107' title="bbox 1986 4946 3564 5024; baseline -0.001 -15"><span class='ocrx_word' id='word_1_824' title='bbox 1986 4950 2259 5010; x_wconf 85' lang='lat' dir='ltr'><strong>distinctio</strong></span> <span class='ocrx_word' id='word_1_825' title='bbox 2285 4947 2647 5024; x_wconf 88' lang='lat' dir='ltr'><strong>intelligenda,</strong></span> <span class='ocrx_word' id='word_1_826' title='bbox 2679 4946 2955 5021; x_wconf 90' lang='lat' dir='ltr'><strong>duplicem</strong></span> <span class='ocrx_word' id='word_1_827' title='bbox 2980 4947 3198 5005; x_wconf 85' lang='lat' dir='ltr'><strong>scilicet</strong></span> <span class='ocrx_word' id='word_1_828' title='bbox 3220 4963 3341 5006; x_wconf 85' lang='lat' dir='ltr'><strong>esse</strong></span> <span class='ocrx_word' id='word_1_829' title='bbox 3384 4964 3564 5024; x_wconf 86' lang='lat' dir='ltr'><strong>egem,</strong></span> 
     </span>
     <span class='ocr_line' id='line_1_108' title="bbox 1987 5037 3575 5115; baseline -0.001 -15"><span class='ocrx_word' id='word_1_830' title='bbox 1987 5057 2175 5114; x_wconf 89' lang='lat' dir='ltr'><strong>unam,</strong></span> <span class='ocrx_word' id='word_1_831' title='bbox 2204 5055 2347 5115; x_wconf 86' lang='lat' dir='ltr'><strong>quae</strong></span> <span class='ocrx_word' id='word_1_832' title='bbox 2374 5039 2553 5098; x_wconf 91' lang='lat' dir='ltr'><strong>solum</strong></span> <span class='ocrx_word' id='word_1_833' title='bbox 2580 5037 2949 5096; x_wconf 90' lang='lat' dir='ltr'><strong>introducitur</strong></span> <span class='ocrx_word' id='word_1_834' title='bbox 2974 5052 3071 5111; x_wconf 90' lang='lat' dir='ltr'><strong>per</strong></span> <span class='ocrx_word' id='word_1_835' title='bbox 3090 5038 3322 5096; x_wconf 88' lang='lat' dir='ltr'><strong>tacitum</strong></span> <span class='ocrx_word' id='word_1_836' title='bbox 3348 5052 3575 5099; x_wconf 88' lang='lat' dir='ltr'><strong>consen·</strong></span> 
     </span>
     <span class='ocr_line' id='line_1_109' title="bbox 1988 5128 3575 5204; baseline -0.002 -12"><span class='ocrx_word' id='word_1_837' title='bbox 1988 5150 2112 5194; x_wconf 88' lang='lat' dir='ltr'><strong>sum</strong></span> <span class='ocrx_word' id='word_1_838' title='bbox 2138 5131 2547 5191; x_wconf 88' lang='lat' dir='ltr'><strong>communitatis</strong></span> <span class='ocrx_word' id='word_1_839' title='bbox 2584 5136 2642 5188; x_wconf 91' lang='lat' dir='ltr'><strong>et</strong></span> <span class='ocrx_word' id='word_1_840' title='bbox 2665 5129 2949 5204; x_wconf 89' lang='lat' dir='ltr'><strong>principis,</strong></span> <span class='ocrx_word' id='word_1_841' title='bbox 2986 5128 3294 5186; x_wconf 89' lang='lat' dir='ltr'><strong>cuiusmodi</strong></span> <span class='ocrx_word' id='word_1_842' title='bbox 3328 5135 3413 5188; x_wconf 84' lang='lat' dir='ltr'><strong>est</strong></span> <span class='ocrx_word' id='word_1_843' title='bbox 3438 5145 3575 5189; x_wconf 84' lang='lat' dir='ltr'><strong>eon-</strong></span> 
     </span>
     <span class='ocr_line' id='line_1_110' title="bbox 1987 5219 3548 5297; baseline -0.002 -13"><span class='ocrx_word' id='word_1_844' title='bbox 1987 5222 2223 5284; x_wconf 87' lang='lat' dir='ltr'><strong>suetudo</strong></span> <span class='ocrx_word' id='word_1_845' title='bbox 2243 5242 2259 5297; x_wconf 81' lang='lat'>3</span> <span class='ocrx_word' id='word_1_846' title='bbox 2286 5221 2444 5281; x_wconf 88' lang='lat' dir='ltr'><strong>alia&#39;m</strong></span> <span class='ocrx_word' id='word_1_847' title='bbox 2465 5235 2625 5296; x_wconf 84' lang='lat' dir='ltr'><strong>vero,</strong></span> <span class='ocrx_word' id='word_1_848' title='bbox 2648 5235 2791 5296; x_wconf 89' lang='lat' dir='ltr'><strong>quae</strong></span> <span class='ocrx_word' id='word_1_849' title='bbox 2820 5219 2991 5280; x_wconf 71' lang='lat' dir='ltr'><strong>fertur</strong></span> <span class='ocrx_word' id='word_1_850' title='bbox 3010 5233 3109 5293; x_wconf 88' lang='lat' dir='ltr'><strong>per</strong></span> <span class='ocrx_word' id='word_1_851' title='bbox 3135 5232 3453 5292; x_wconf 87' lang='lat' dir='ltr'><strong>expressum</strong></span> <span class='ocrx_word' id='word_1_852' title='bbox 3472 5221 3548 5281; x_wconf 90' lang='lat' dir='ltr'><strong>im</strong></span> 
     </span>
    </p>
   </div>
  </div>
 </body>
</html>
