4325 6267
841 344 966 408 242

759 493 815 545 et
846 491 900 561 5,
929 489 1309 559 Navarrxcap.
1343 489 1437 559 23,
1468 487 1750 558 numam,
1781 491 1838 543 et
1866 488 1959 559 ⁴9,
1991 485 2354 543 Covarruvias

759 578 816 634 in
843 576 1022 651 regul.
1055 581 1394 650 peccatum,
1430 591 1485 648 p.
1519 581 1576 648 2,
1605 581 1638 642 s
1669 579 1720 647 5,
1751 573 1945 633 Driedo
1975 576 2065 634 lib.
2104 579 2153 634 1.
2184 573 2257 632 de
2285 573 2357 630 lt-

761 665 907 724 bert.
939 667 1144 724 christ.
1176 682 1301 737 cap.
1337 671 1390 724 3.
1423 666 1558 735 Quia
1594 673 1753 723 actus
1781 667 2056 739 agentium
2092 681 2202 724 non
2230 679 2360 737 ope-

759 763 962 814 rantur
980 755 1127 813 ultra
1146 757 1496 814 intentionem
1520 771 1708 813 eorum
1725 797 1740 826 ,
1757 759 1987 814 maxime
2009 754 2229 830 quando
2245 771 2353 812 non

759 851 1058 918 operantur
1094 847 1434 920 naturaliter,
1465 845 1561 902 sed
1589 845 1917 905 voluntarie.
1949 847 2012 904 Hi
2048 853 2231 905 autem
2257 844 2357 902 do-

755 944 942 996 stores
969 943 1318 1010 supponunt,
1347 953 1510 1011 posse
1539 936 1902 1011 legislatorem
1931 937 2129 996 habere
2159 937 2355 994 volun-

761 1031 930 1084 tatem
960 1026 1166 1084 ferendi
1190 1025 1366 1102 legem
1398 1027 1515 1085 aine
1540 1027 1836 1086 intentione
1859 1027 2124 1102 obligandi
2151 1027 2202 1084 iu
2225 1043 2357 1084 con·

761 1117 1010 1176 scicntia.
1049 1117 1204 1187 Quod
1239 1125 1326 1175 est
1357 1132 1551 1176 verum
1587 1117 1771 1192 quoad
1809 1116 2114 1176 absolutam
2150 1115 2355 1190 obliga·

756 1208 963 1264 tionem
992 1209 1223 1281 proximi
1249 1213 1444 1282 actus,
1474 1223 1588 1265 non
1611 1223 1740 1266 vero
1763 1207 1942 1283 quoad
1967 1208 2352 1282 obligationem

757 1298 916 1370 quasi
941 1296 1272 1356 disiunctum
1294 1298 1382 1355 vel
1403 1297 1830 1356 conditionatam
1854 1298 2109 1370 faciendi,
2142 1298 2227 1356 vel
2255 1314 2351 1371 pa·

756 1387 928 1445 tiendi
952 1387 1116 1461 illud,
1144 1389 1190 1445 si
1217 1389 1323 1446 hoc
1351 1405 1458 1446 non
1485 1388 1697 1446 fecerit.
1729 1390 1799 1446 Et
1838 1388 1945 1446 hoc
1982 1389 2177 1462 probat
2217 1389 2353 1446 ratio

757 1477 1061 1552 dubitandi,
1091 1487 1148 1537 et
1171 1479 1480 1552 exemplum
1506 1479 1574 1538 dc
1604 1485 1754 1552 voto,
1784 1487 1840 1538 et
1859 1495 1968 1537 non
1999 1480 2167 1538 aliud.
2199 1478 2351 1538 Unde

757 1571 919 1626 etiam
942 1576 1092 1627 recte
1114 1569 1490 1640 concluditur,
1511 1587 1621 1628 non
1645 1587 1804 1644 posse
1825 1571 2046 1645 intelligi
2073 1588 2256 1628 veram
2280 1571 2354 1627 le-

755 1667 878 1732 gem
899 1659 1012 1716 sine
1033 1659 1378 1734 obligatione,
1395 1659 1480 1718 vel
1503 1660 1570 1719 ad
1592 1661 1835 1735 culpam,
1851 1661 1935 1718 vel
1959 1660 2152 1719 saltem
2170 1660 2354 1736 quoad

759 1763 991 1821 poenam
1031 1756 1288 1822 respectu
1329 1757 1488 1808 actus
1529 1751 1836 1810 immediate
1865 1750 2087 1810 intendi.
2115 1753 2353 1820 Quomo-

759 1837 830 1896 do
859 1846 1049 1898 autem
1073 1840 1350 1899 interdum
1377 1843 1550 1914 possit
1575 1841 1660 1900 lex
1689 1857 1920 1916 poenam
1946 1843 2229 1917 iniungere
2249 1886 2263 1914 ,
2294 1841 2355 1899 li-

756 1937 848 1988 cet
875 1947 986 1988 non
1017 1938 1290 2004 supponat
1328 1933 1382 1989 in
1409 1935 1844 2006 transgressione
1883 1947 2068 1989 veram
2105 1932 2347 2006 culpam,

757 2019 908 2094 quod
956 2021 1239 2080 referendo
1292 2023 1628 2081 contrariam
1675 2023 1997 2082 sententiam
2049 2023 2347 2097 tetigimus,

757 2111 1116 2171 tractabimus
1143 2111 1250 2170 late
1279 2121 1498 2186 agentes
1528 2112 1595 2171 de
1623 2114 1742 2188 lege
1767 2115 2005 2188 poenali,
2037 2129 2187 2170 nunc
2222 2114 2350 2171 satis

757 2205 835 2259 sit
852 2202 1060 2276 dicere,
1090 2203 1158 2261 ad
1184 2202 1480 2261 humanam
1510 2220 1769 2277 poenam,
1798 2205 1884 2262 vel
1910 2204 2066 2277 quasi
2094 2220 2348 2278 poenam,

759 2308 861 2350 seu
890 2295 1231 2352 coactionem
1259 2293 1494 2368 aliquam
1525 2293 1796 2352 interdum
1825 2295 2083 2352 sufficere
2123 2311 2349 2352 causam

755 2385 980 2450 iustam,
1014 2383 1145 2442 licet
1171 2385 1339 2458 culpa
1365 2400 1475 2442 non
1505 2387 1597 2443 sit.
1630 2388 1862 2458 Propter
1898 2386 2050 2459 quod
2087 2401 2217 2443 cum
2254 2385 2347 2442 tali

753 2473 1068 2532 limitatione
1095 2473 1304 2532 dicitur
1331 2474 1383 2531 in
1413 2476 1561 2548 capit
1589 2479 1684 2533 23.
1715 2475 1782 2533 dc
1808 2475 2013 2550 regulis
2043 2475 2179 2532 iuris
2208 2475 2258 2531 in
2292 2479 2347 2532 ὃς

659 2629 662 2634 ,
753 2565 900 2622 Sine
925 2561 1124 2640 culpa,
1163 2567 1285 2622 nisi
1313 2563 1502 2622 subsit
1527 2580 1733 2633 causa,
1764 2581 1882 2622 non
1904 2571 1990 2622 est
2011 2563 2226 2638 aliquis
2244 2580 2354 2638 pu-

753 2649 1030 2711 niendus.
1061 2654 1208 2711 Haec
1238 2661 1424 2712 autem
1453 2669 1625 2712 causa
1666 2653 1793 2711 licet
1831 2653 2105 2712 interdum
2139 2670 2248 2712 non
2286 2653 2355 2712 sit

759 2741 924 2814 culpa
953 2742 1099 2816 apud
1125 2745 1334 2814 Deum,
1365 2750 1549 2802 tamen
1587 2743 1733 2816 apud
1768 2743 2064 2802 humanam
2105 2743 2355 2801 commu·

757 2833 1007 2903 nitatem,
1039 2840 1310 2907 quatenus
1351 2848 1482 2906 pars
1521 2833 1804 2892 discordat
1843 2848 1875 2890 a
1913 2841 2050 2906 toto,
2083 2833 2273 2891 saltem
2302 2834 2353 2889 in

755 2923 1013 2981 exteriori
1035 2939 1136 2981 seu
1165 2922 1309 2982 civili
1349 2923 1696 2982 observantia
1730 2923 1835 2982 dici
1869 2930 2050 2996 potest
2084 2923 2353 2997 quaedam

759 3013 926 3087 culpa
952 3013 1130 3072 civilis
1158 3030 1258 3073 seu
1297 3014 1562 3089 bumana,
1594 3031 1659 3074 ac
1701 3014 1926 3088 proinde
1965 3015 2244 3074 sufficiens
2286 3015 2355 3074 ad

757 3104 934 3162 levem
961 3119 1192 3178 poenam
1221 3105 1512 3162 humanam
1541 3105 1906 3180 infligendam.

836 3197 1016 3267 Atque
1044 3194 1242 3252 eodem
1269 3193 1430 3254 modo
1457 3195 1899 3269 respondendum
1926 3195 2094 3253 estad
2123 3198 2353 3270 primam

761 3287 1234 3344 confirmationem
1261 3286 1331 3343 ibi
1361 3285 1610 3360 positam,
1636 3285 1783 3361 quod
1807 3285 1894 3344 lex
1913 3293 1997 3344 est
2015 3286 2203 3359 regula
2221 3302 2355 3357 ope-

760 3378 1009 3451 rationis3
1043 3376 1162 3434 talis
1189 3377 1332 3433 enim
1361 3384 1449 3434 est
1474 3378 1688 3450 regula,
1713 3377 1888 3451 qualis
1917 3376 2353 3450 estle13etideo

760 3467 808 3524 si
837 3466 906 3524 sit
931 3466 1018 3524 lex
1047 3464 1295 3524 absolute
1314 3467 1656 3539 praecipiens
1684 3474 1872 3525 actum
1891 3508 1907 3540 ,
1950 3469 2058 3524 erit
2095 3465 2354 3539 simplici*

764 3561 848 3614 ter
875 3556 1180 3630 regula,·et
1203 3555 1270 3612 de
1299 3554 1717 3628 illmprocedent
1743 3557 1952 3629 omnia,
1995 3572 2136 3630 quae
2166 3555 2237 3612 ibi
2273 3554 2352 3612 di-

766 3651 1002 3718 cuutur3
1033 3661 1158 3704 nam
1187 3662 1245 3703 re
1271 3661 1404 3702 vera
1429 3644 1687 3718 obligabit
1712 3647 1765 3703 in
1795 3645 2149 3704 conscientiaz
2183 3646 2227 3701 si
2259 3660 2351 3702 ve-

763 3751 829 3793 ro
871 3735 943 3793 sit
979 3741 1192 3793 tantum
1231 3733 1319 3792 lex
1357 3750 1489 3793 cum
1531 3734 1842 3792 limitatione
1883 3735 2219 3808 praecipiens
2248 3734 2354 3791 sub

761 3825 859 3883 tali
887 3824 1192 3882 conditione
1220 3823 1285 3882 ad
1325 3824 1430 3882 tale
1460 3840 1630 3900 onus,
1672 3832 1731 3883 et
1768 3841 1876 3883 non
1917 3828 2126 3898 maius,
2169 3827 2354 3884 distin-

765 3913 1042 3988 guendum
1083 3921 1168 3972 est
1205 3917 1349 3972 inter
1388 3915 1690 3988 simplicem
1721 3923 1906 3974 actum
1933 3956 1947 3983 ,
1988 3933 2153 3989 quem
2181 3917 2353 3989 primo

763 4003 854 4062 lex
881 4001 1135 4078 intendit,
1162 4009 1218 4061 et
1237 4005 1377 4061 inter
1407 4011 1578 4062 totam
1608 4005 1740 4078 legis
1765 4020 1866 4063 seu
1894 4005 2117 4079 regulae
2146 4004 2354 4079 obliga-

764 4097 990 4152 tionem.
1020 4096 1155 4153 Nam
1197 4101 1451 4167 respectu
1495 4095 1662 4153 solius
1703 4103 1861 4153 actus
1899 4112 2004 4152 non
2031 4103 2117 4153 est
2152 4095 2241 4154 illa
2269 4097 2352 4179 lex

769 4184 1022 4242 absoluta
1057 4185 1248 4258 regula
1279 4184 1607 4258 honestatis,
1632 4201 1733 4243 nec
1763 4185 1914 4243 solus
1943 4184 2189 4244 desectus
2210 4201 2241 4242 a
2263 4185 2353 4243 tali

765 4274 961 4349 regula
985 4275 1038 4332 iu
1069 4276 1161 4332 tali
1191 4283 1321 4332 actu
1347 4281 1433 4332 est
1459 4275 1636 4333 malus
1674 4275 1991 4348 moraliter,
2031 4275 2127 4332 sed
2166 4281 2249 4333 ost
2287 4276 2353 4333 de

766 4381 828 4423 sc
855 4380 1160 4440 onerosus,
1201 4372 1473 4440 quatenus
1512 4363 1690 4424 reddit
1727 4366 2023 4424 obnoxium
2064 4365 2159 4425 tali
2182 4367 2353 4424 ·oneri

767 4471 870 4514 seu
895 4470 1138 4528 poenae=
1181 4462 1438 4529 respectu
1479 4470 1610 4514 vero
1651 4457 1816 4514 totius
1842 4458 2104 4515 materiae
2133 4457 2250 4514 talis
2279 4458 2353 4515 le·

768 4547 853 4618 gis
863 4586 886 4639 ³
917 4545 1130 4603 censeri
1151 4551 1332 4619 potest
1365 4545 1558 4619 regula
1582 4544 1910 4619 honestatis,
1941 4546 2069 4619 quia
2109 4547 2181 4604 ita
2220 4546 2351 4603 obli·

769 4641 865 4709 gat
893 4635 962 4692 ad
987 4641 1162 4693 totum
1191 4635 1560 4710 disiunctum,
1593 4642 1655 4693 ut
1681 4652 1790 4693 non
1817 4637 1989 4709 possit
2028 4638 2077 4694 in
2117 4643 2355 4712 utraque

771 4732 932 4798 parte
969 4725 1232 4783 committi
1270 4732 1462 4784 contra
1499 4725 1662 4784 talem
1703 4726 1906 4803 legem,
1951 4727 2080 4802 quin
2121 4729 2354 4799 turpiter

769 4822 828 4872 et
855 4821 1050 4873 contra
1075 4816 1250 4873 bonos
1279 4832 1460 4874 mores
1489 4822 1786 4890 peccetur,
1815 4823 1948 4890 puta
1974 4817 2018 4873 si
2046 4832 2153 4874 non
2174 4817 2353 4875 solum

771 4905 859 4964 lex
896 4907 951 4962 in
991 4907 1162 4979 priori
1200 4914 1332 4968 actu
1370 4923 1482 4964 non
1522 4906 1843 4982 impleatur,
1885 4906 1980 4968 sed
2019 4909 2181 4968 etiam
2220 4908 2355 4966 nolit

771 4995 895 5070 quia
920 5011 1114 5070 parere
1138 5011 1345 5073 poenae
1363 5039 1380 5074 ,
1402 4995 1556 5078 atilli
1583 4997 1820 5057 resistat.

2209 356 2415 407 LIBER
2441 357 2549 408 111.

2500 485 2570 543 Et
2595 499 2693 556 per
2719 482 2824 542 hoc
2852 485 3013 543 etiam
3042 489 3218 559 patet,
3246 486 3521 559 quomodo
3546 485 3665 544 talis
3690 487 3777 546 lex
3804 487 4019 546 differat

2426 589 2459 630 a
2484 573 2740 649 consili03
2772 590 2899 632 nam
2926 575 3215 633 consilium
3242 591 3339 648 per
3360 593 3417 634 se
3438 577 3643 635 nullam
3666 580 4013 636 coactionem

2424 665 2619 738 babet,
2649 681 2749 722 nec
2779 665 3189 740 obligationem,
3221 668 3431 724 etiamsi
3463 685 3571 726 non
3610 674 3865 727 servetur
3888 711 3904 739 ,
3947 675 4010 726 ut

2425 761 2661 813 constat.
2693 755 2865 814 Aliter
2903 771 3034 813 vero
3060 755 3335 830 Angelus,
3379 758 3542 815 verbo
3580 757 4002 827 inobedientia,

2422 845 2707 920 distinguit
2730 845 2929 920 duplex
2956 846 3277 904 consilium:
3312 864 3483 906 unum
3522 857 3685 907 vocat
3724 849 4009 922 perfectio·

2424 937 2544 1010 nis,
2575 934 2640 994 iit
2681 941 2767 992 est
2808 936 3096 994 consilium
3136 939 3508 1010 paupertatis,
3549 945 3659 996 etc.
3712 937 3907 1008 Vade,
3956 943 4015 996 et

2423 1024 2606 1084 vende
2633 1028 2863 1094 omnia,
2898 1043 3052 1100 quae
3084 1026 3291 1095 habes,
3326 1035 3435 1086 etc.
3480 1033 3534 1086 et
3572 1028 3719 1085 aliud
3760 1044 4013 1086 reveren-

2424 1116 2563 1188 tiae,
2596 1116 2757 1190 quale
2795 1131 2916 1174 esse
2956 1116 3112 1187 dicit,
3143 1119 3362 1190 quando
3397 1117 3652 1176 subditus
3679 1118 3902 1176 deberet
3926 1118 4005 1174 sa·

2424 1221 2582 1278 cere,
2612 1213 2667 1263 et
2692 1205 3043 1264 nihilominus
3070 1209 3322 1280 superior
3348 1207 3527 1265 solum
3550 1207 3823 1281 consulit,
3854 1209 4005 1281 quod

2422 1287 2606 1369 posset
2632 1297 2964 1369 praecipere.
2996 1296 3167 1365 Quam
3206 1296 3603 1355 distinctionem
3646 1297 3809 1356 habet
3846 1299 4007 1355 etiam

2420 1387 2617 1444 Glossa
2643 1386 2745 1444 ult.
2778 1388 2830 1443 in
2859 1403 2984 1460 cap.
3016 1385 3113 1445 Ad
3146 1403 3350 1457 aures,
3398 1388 3464 1446 de
3506 1394 3668 1446 aetat.
3713 1395 3770 1446 et
3808 1388 4003 1463 qualit.

2420 1484 2479 1533 et
2502 1477 2793 1534 Panormit.
2825 1480 2879 1535 in
2918 1493 3039 1550 cap.
3080 1481 3129 1536 1.
3159 1477 3226 1534 de
3255 1480 3475 1536 constit.
3508 1495 3564 1536 n.
3598 1484 3663 1553 4,
3705 1486 3763 1537 et
3801 1481 4007 1537 citatur

2421 1567 2583 1624 etiam
2626 1566 2848 1625 Archid.
2892 1569 2947 1624 in
2993 1583 3116 1640 cap.
3162 1569 3630 1642 Testamentum,
3675 1568 3802 1626 dist.
3836 1573 3891 1627 6.
3923 1571 4012 1627 Ait

2419 1671 2553 1730 ergo
2579 1657 2841 1730 Angelus,
2866 1658 2918 1714 in
2948 1657 3244 1716 omissione
3270 1659 3479 1716 consilii
3506 1660 3855 1731 perfectionis
3884 1660 4007 1717 nul·

2420 1745 2528 1803 lam
2554 1762 2673 1804 esse
2696 1748 2945 1820 culpam,
2976 1749 3129 1808 iuxta
3172 1763 3296 1821 cap.
3346 1751 3651 1824 Quisquis,
3708 1754 3807 1824 1⁴,
3850 1767 3905 1823 q.
3956 1754 4007 1825 13

2425 1837 2714 1894 consilium
2754 1844 2937 1895 autem
2977 1840 3312 1896 reverentiae
3351 1854 3460 1895 uon
3500 1840 3849 1912 praetermitti
3888 1841 4002 1896 sine

2422 1928 2603 2001 aliqua
2628 1929 2825 2002 culpa,
2858 1927 3049 1986 saltem
3085 1929 3299 1986 veniali.
3330 1930 3477 1987 Haec
3520 1936 3697 1987 tamen
3737 1929 4004 1988 distinctio

2421 2018 2576 2075 nobis
2602 2019 2905 2076 necessaria
2929 2035 3039 2076 non
3064 2025 3185 2092 est,
3218 2020 3347 2091 quia
3374 2035 3483 2077 non
3509 2019 3575 2076 de
3601 2036 3740 2078 voce
3760 2061 3775 2090 ,
3806 2020 3903 2077 sed
3938 2019 4007 2078 de

2421 2123 2481 2165 re
2507 2114 2844 2184 tractamus3
2876 2109 3162 2168 consilium
3190 2116 3375 2167 autem
3400 2113 3749 2183 reverentiae,
3776 2111 3819 2167 si
3850 2117 4005 2169 recte

2421 2198 2723 2271 explicetur
2740 2241 2756 2272 ,
2787 2215 2847 2257 re
2874 2215 3001 2259 vera
3028 2216 3135 2256 non
3162 2207 3248 2256 est
3268 2201 3553 2258 consilium
3570 2241 3585 2272 ,
3619 2208 3783 2274 prout
3802 2216 4005 2274 aprae-

2421 2295 2581 2360 cepto
2618 2289 3003 2363 distinguitur,
3048 2288 3144 2346 sed
3182 2296 3267 2347 est
3304 2289 3601 2348 declaratio
3640 2293 3909 2366 quaedam
3950 2300 4007 2350 et

2388 2399 2391 2408 ·
2420 2378 2685 2435 iudicium
2724 2379 2791 2436 de
2819 2395 2879 2437 re
2920 2380 3050 2437 alias
3079 2380 3384 2438 necessaria
3410 2389 3826 2455 ex‘praecepto,
3857 2380 4005 2454 quod

2426 2469 2712 2526 consilium
2741 2467 2853 2526 dari
2881 2475 3063 2542 potest
3088 2470 3156 2526 ab
3182 2485 3279 2542 eo,
3309 2472 3402 2544 qui
3444 2471 3869 2528 iurisdictionem
3894 2487 4001 2528 non

2420 2558 2619 2632 habet,
2655 2560 2875 2633 quando
2904 2576 3033 2617 vero
3060 2559 3223 2619 datur
3249 2576 3281 2617 a
3308 2562 3612 2637 superiore,
3642 2563 3841 2620 dicitur
3871 2579 4003 2620 con-

2422 2655 2601 2713 silium
2636 2655 2997 2721 reverentiae,
3042 2662 3106 2713 ut
3144 2655 3276 2712 bene
3314 2654 3566 2727 exposuit
3604 2655 3901 2712 Panormit.
3932 2655 4005 2710 Et

2424 2752 2559 2806 tunc
2599 2762 2710 2803 non
2750 2745 3015 2804 servando
3055 2744 3163 2804 tale
3192 2745 3509 2818 consilium,
3540 2745 3858 2818 peccabitur
3884 2747 4007 2819 qui·-

2424 2835 2581 2910 dem,
2626 2851 2735 2892 non
2775 2843 2957 2894 tamen
2985 2837 3191 2892 ratione
3220 2836 3460 2908 consilii,
3493 2851 3593 2892 nec
3622 2841 3811 2893 contra
3840 2852 4003 2909 supe-

2420 2926 2655 3004 riorem,
2684 2928 2780 3001 qui
2805 2926 2943 2983 illud
2981 2924 3159 2998 dedit,
3190 2925 3287 2983 sed
3307 2926 3514 2983 ratione
3540 2928 3799 3002 materiae
3817 2969 3834 3001 ,
3864 2943 4007 3001 quae

2422 3014 2636 3074 aliunde
2676 3015 3004 3089 supponitur
3030 3017 3372 3088 necessaria,
3415 3016 3563 3073 unde
3601 3033 3701 3088 pro
3741 3016 4003 3090 qualitate

2420 3105 2564 3163 illius
2592 3106 2793 3178 poterit
2818 3105 2885 3163 ibi
2914 3106 3233 3164 intervenire
3261 3106 3408 3164 sicut
3445 3105 3649 3164 veniale
3688 3113 4003 3182 peccatum,

2419 3198 2494 3253 ita
2520 3205 2574 3253 et
2616 3195 2864 3252 mortale.
2894 3196 2993 3253 Est
3036 3212 3167 3269 ergo
3208 3196 3314 3253 tale
3356 3197 3643 3254 consilium
3678 3196 3859 3271 quoad
3890 3214 4010 3254 mo·

2420 3284 2586 3355 dum,
2617 3293 2681 3342 ut
2710 3286 2791 3342 sic
2815 3286 3023 3355 dicam,
3056 3302 3163 3344 non
3190 3285 3370 3359 quoad
3408 3302 3523 3344 rem
3564 3305 3663 3345 seu
3702 3288 4003 3345 materiam.

2420 3377 2534 3432 Nos
2557 3381 2743 3432 autem
2772 3374 2859 3432 hic
2883 3375 3158 3449 loquimur
3185 3375 3251 3433 de
3280 3375 3507 3434 consilio
3536 3377 3715 3451 quoad
3742 3393 3879 3450 rem,
3910 3394 4009 3436 seu

2420 3482 2489 3524 ex
2519 3472 2671 3538 parte
2694 3465 2981 3536 materiae,
3011 3465 3079 3523 de
3107 3481 3217 3540 quo
3242 3467 3295 3524 in
3337 3469 3654 3525 universum
3682 3483 3876 3544 verum
3901 3476 4009 3541 est,

2422 3556 2625 3614 nullam
2656 3557 2995 3613 coactionem
3017 3554 3411 3628 iuducere,nec
3436 3555 3837 3630 obligationem
3862 3557 4011 3614 ideo-

2424 3661 2533 3722 que
2560 3646 2764 3703 nullam
2793 3661 2913 3703 esse
2942 3645 3191 3721 culpam,
3220 3645 3352 3703 illud
3380 3663 3487 3704 non
3516 3647 3707 3720 sequi,
3748 3654 3846 3705 aut
3886 3661 4011 3704 exe-

2421 3738 2552 3811 qui,
2583 3744 2639 3793 et
2666 3738 2719 3792 iu
2748 3736 2852 3794 hoc
2896 3737 3093 3808 partim
3132 3736 3419 3793 convenire
3459 3753 3590 3793 cum
3631 3737 3822 3811 regula
3848 3779 3865 3811 ,
3908 3751 4011 3794 seu

2421 3826 2539 3900 lege
2565 3842 2675 3883 non
2704 3825 2972 3898 obligante
2999 3825 3067 3882 ad
3104 3825 3188 3882 sui
3228 3824 3662 3884 observationem
3704 3826 3808 3883 sub
3848 3833 4009 3883 reatu

2402 3917 2655 3973 'alicuius
2682 3915 2879 3988 culpae
2897 3956 2913 3989 ,
2942 3916 3141 3988 partim
3171 3929 3301 3972 vero
3328 3914 3562 3989 differre,
3583 3917 3711 3989 quia
3738 3916 3859 3972 talis
3878 3932 4013 3973 con-

2423 4006 2639 4063 stitutio
2666 4005 2821 4062 addit
2846 4005 3084 4079 aliquam
3122 4005 3465 4062 coactionem
3503 4020 3739 4078 poenae,
3780 4013 3837 4063 et
3875 4005 4007 4063 obli·

2418 4097 2647 4170 gationis
2673 4096 3004 4169 exequendi,
3034 4095 3121 4154 vel
3146 4095 3411 4169 patienter
3434 4094 3735 4153 sustinendi
3763 4096 3927 4153 illam.

2496 4189 2761 4258 Superest
2794 4184 3238 4258 respondendum
3264 4183 3329 4242 ad
3359 4192 3685 4258 argumenta
3722 4186 4013 4257 posteriori

2419 4275 2544 4334 loco
2575 4277 2629 4333 in
2660 4277 2996 4332 contrarium
3023 4274 3253 4332 obiecta.
3285 4263 3673 4332 Verumtamen
3701 4274 4010 4332 secuudum

2419 4372 2807 4440 argumentum
2832 4364 3049 4422 illorum
3068 4407 3083 4436 ,
3116 4363 3267 4438 quod
3294 4369 3415 4420 erat
3440 4361 3507 4420 de
3534 4362 3653 4437 lege
3680 4364 3912 4438 poenali,
3942 4380 4013 4422 ex

2418 4456 2581 4514 dictis
2610 4455 2853 4514 solutum
2887 4461 3011 4528 cst,
3042 4460 3100 4513 et
3124 4452 3283 4528 plura
3320 4454 3567 4512 dicemus
3605 4457 3661 4511 in
3688 4455 4014 4527 particulari

2418 4545 2742 4619 disputando
2784 4545 2850 4602 de
2890 4543 2984 4601 illa
3020 4543 3159 4618 lege.
3209 4545 3451 4601 Primum
3490 4550 3670 4602 autem
3702 4550 3758 4601 et
3784 4546 4011 4603 tertium

2420 4635 2702 4709 postulant
2726 4633 3018 4708 prolixiora
3052 4634 3245 4706 dubia,
3278 4649 3418 4707 quae
3458 4633 3512 4692 in
3538 4635 3889 4710 sequentibus
3918 4651 4014 4694 ca-

2420 4724 2619 4800 pitibus
2638 4723 2985 4784 commodius
3013 4723 3415 4788 tractabuntur.
