4325 6267
828 352 955 417 366

747 508 843 551 ves
862 536 878 565 ,
909 499 970 552 ut
997 492 1067 552 ad
1094 494 1309 553 Missam
1336 494 1665 554 audiendam
1692 495 1918 573 singulis
1945 494 2135 553 diebus
2162 492 2338 565 festis,

745 583 815 642 ad
843 585 1193 643 ieiunandum
1223 587 1449 661 singulis
1476 586 1666 645 diebus
1694 588 2011 661 designatis,
2028 593 2084 644 et
2109 584 2178 645 ad
2205 584 2344 642 reci-

748 674 972 735 tandum
1021 675 1251 749 singulis
1298 677 1490 736 diebus
1538 677 1785 735 officium
1836 679 2196 747 canonicum,
2225 680 2336 731 etc.

746 766 883 823 Tum
910 765 1141 840 denique
1168 768 1299 842 quia
1338 768 1422 829 lex
1458 768 1829 827 ecclesiastica
1859 774 2040 841 potest
2065 767 2137 825 ita
2162 765 2346 823 deter-

749 860 953 915 minare
982 864 1231 941 tempus,
1260 859 1346 915 vel
1376 858 1570 917 modos
1597 857 1885 917 exercendi
1913 863 2075 915 actus
2102 858 2222 914 iure
2249 869 2346 912 na-

750 946 915 1005 turali
960 946 1043 1005 vel
1080 946 1289 1021 divino,
1332 956 1395 1007 ut
1421 954 1581 1007 actus
1606 955 1803 1007 contra
1834 948 2005 1006 solam
2033 947 2210 1021 legem
2236 946 2348 1003 Ec-

747 1038 942 1097 clesiae
982 1044 1208 1110 propter
1248 1041 1594 1097 omissionem
1622 1040 1675 1097 in
1706 1039 1795 1097 illa
1823 1038 2244 1096 circumstantia
2271 1036 2342 1093 sit

748 1134 1038 1201 peccatum
1080 1128 1345 1202 mortale3
1387 1145 1520 1204 ergo
1550 1129 1864 1203 simpliciter
1891 1135 2071 1201 potest
2100 1126 2346 1183 Ecclesia

748 1217 1061 1292 praecipere
1101 1218 1206 1275 sub
1248 1218 1460 1277 mortali
1500 1228 1687 1279 actum
1727 1219 2045 1291 honestum,
2076 1217 2210 1274 alias
2237 1231 2344 1273 non

750 1308 1156 1380 necessarium,
1200 1310 1244 1367 si
1284 1311 1337 1367 in
1381 1309 1471 1367 tali
1512 1310 1629 1384 lege
1669 1317 2006 1367 concurrant
2044 1306 2346 1365 necessitas

748 1401 832 1459 vel
856 1401 1082 1474 utilitas,
1098 1406 1155 1459 et
1174 1398 1313 1459 aliae
1334 1399 1672 1459 conditiones
1695 1400 2031 1457 necessariae
2054 1397 2122 1457 ad
2146 1397 2347 1454 iustam

748 1491 949 1566 legem.
988 1490 1331 1549 Antecedens
1369 1496 1521 1564 patet
1565 1491 1615 1548 in
1653 1496 1945 1564 praecepto
1994 1488 2346 1546 confessionis

750 1596 995 1652 annuae3
1027 1596 1152 1638 nam
1174 1584 1219 1637 si
1244 1582 1367 1655 quis
1392 1596 1512 1639 eam
1542 1583 1756 1639 omittat
1782 1581 1961 1637 animo
1982 1585 2037 1635 et
2063 1579 2345 1651 proposito

746 1670 1037 1730 confitendi
1076 1670 1183 1728 alio
1224 1678 1469 1743 tempore
1512 1670 1797 1729 arbitrario
1818 1714 1832 1742 ,
1873 1672 1929 1726 in
1957 1686 2068 1743 quo
2098 1671 2186 1726 ius
2212 1668 2348 1725 divi-

747 1777 879 1820 num
908 1777 1005 1835 per
1046 1778 1103 1819 se
1132 1761 1423 1836 obligaret,
1455 1761 1799 1820 nihilominus
1827 1758 2077 1833 peccabit
2103 1758 2346 1817 mortali-

746 1858 852 1925 ter,
886 1861 947 1910 ut
973 1858 1191 1910 constat
1216 1868 1282 1911 ex
1312 1853 1588 1911 communi
1618 1867 1782 1908 sensu
1810 1850 2115 1922 Ecclesiae,
2138 1850 2268 1923 quia
2291 1850 2344 1906 in

2191 364 2394 417 mmm
2419 364 2517 415 lv.

2413 493 2578 551 sentit
2603 493 2768 552 Felin.
2801 508 2854 551 c.
2895 496 2944 553 ί.
2975 493 3043 553 de
3071 496 3311 571 sponsal.
3341 512 3397 553 n.
3429 500 3518 567 19,
3547 500 3604 553 et
3629 495 3795 554 refert
3817 496 4008 555 Glossa

2411 582 2464 640 in
2503 598 2628 657 cap.
2669 588 2818 661 Quis
2857 590 3089 653 autem,
3137 586 3261 644 dist.
3304 592 3401 657 10,
3443 600 3586 661 quae
3619 586 3805 645 'solum
3841 586 3997 645 dicit:

2420 677 2536 750 Qui
2564 678 2901 733 comtemnit
2943 674 3152 749 leqem,
3182 692 3467 751 peccare,
3499 694 3620 735 non
3645 681 3846 735 tamen
3870 693 4006 752 pec-

2410 778 2550 821 care
2577 780 2739 833 eum,
2779 767 3028 839 quinon
3050 772 3226 842 paret
3251 766 3496 840 leqibws,
3531 766 3635 825 ubi
3662 766 3734 825 de
3760 766 4004 827 consilio

2411 851 2756 929 loquuntur.
2783 856 2866 913 Ex
2891 855 3095 931 quibus
3122 856 3302 915 verbis
3327 857 3508 930 potius
3537 857 4008 933 colligitur‚etiam

2415 959 2650 1016 peccare
2690 945 2874 1018 illum,
2916 948 3010 1019 qui
3051 963 3160 1005 non
3199 954 3355 1020 paret
3378 947 3608 1021 legibus,
3640 948 3734 1005 ubi
3759 947 3826 1005 de
3855 962 4010 1020 prae-

2414 1041 2574 1108 cepto
2617 1036 2953 1110 loquuntur,
2993 1036 3126 1105 licet
3163 1053 3270 1094 non
3306 1044 3416 1095 tam
3443 1038 3711 1111 graviter,
3739 1038 3888 1096 sicut
3911 1038 4007 1112 qui

2414 1140 2508 1183 eas
2549 1127 2872 1184 contemnit.
2897 1128 2958 1184 ln
2996 1128 3243 1185 eamdem
3271 1143 3402 1185 vero
3436 1129 3760 1187 sententiam
3786 1127 4010 1186 inclinat

2413 1218 2586 1274 Caiet.
2627 1215 2795 1274 verbo
2841 1215 3039 1276 cleric.
3070 1225 3182 1276 etc.
3213 1221 3238 1291 ἕ
3267 1220 3367 1277 ult.
3398 1224 3457 1277 et
3490 1218 3654 1277 verbo
3689 1222 4000 1287 ieiunium,

2415 1321 2542 1379 cap.
2575 1311 2631 1379 4,
2662 1308 2756 1380 qui
2789 1324 2896 1366 non
2925 1309 3304 1367 universaliter
3330 1309 3602 1385 loquitur,
3633 1310 3728 1368 sed
3757 1311 3825 1369 de
3853 1325 4011 1383 prae-

2415 1402 2574 1469 cepto
2597 1396 2802 1469 ieiunii,
2818 1405 2876 1455 et
2895 1397 2962 1455 de
2983 1397 3311 1472 quibusdam
3328 1404 3632 1474 praeceptis
3651 1399 4005 1473 clericorum,

2419 1494 2598 1545 tamen
2627 1504 2660 1545 a
2687 1490 2914 1561 paritate
2941 1490 3162 1547 rationis
3192 1490 3408 1549 videtur
3436 1491 3572 1550 idem
3601 1494 3798 1551 sentire
3825 1492 3892 1549 de
3923 1508 4011 1549 re-

2411 1578 2572 1652 liquis
2601 1594 2718 1651 pra.
2737 1579 2913 1653 ceptis·
2933 1579 3343 1652 ecclesiasticis,
3370 1588 3436 1639 ut
3461 1582 3536 1640 illi
3565 1582 3754 1641 tribuit
3777 1584 4002 1641 Navarr.

2413 1669 2466 1725 in
2494 1670 2648 1727 Sum.
2681 1686 2736 1727 c.
2769 1674 2866 1744 23,
2897 1687 2952 1727 u.
2983 1676 3073 1731 55.
3107 1672 3245 1730 ltem
3274 1672 3456 1731 favere
3483 1671 3699 1731 videtur
3726 1672 3856 1732 huic
3885 1691 4008 1732 sen-

2415 1759 2618 1816 tentiae
2643 1758 2697 1816 d.
2731 1758 3041 1819 Bernardus
3087 1760 3160 1819 de
3193 1768 3493 1837 praecept.
3524 1769 3582 1821 et
3605 1762 3719 1820 dis.
3749 1779 3874 1837 cap.
3913 1768 4000 1831 ll,

2411 1849 2507 1905 ubi
2529 1847 2759 1921 loquens
2781 1849 2847 1907 de
2867 1852 3176 1924 praeceptis
3198 1854 3440 1925 positivis
3461 1854 4004 1929 praelatorum‚quae

746 1960 807 2001 re
833 1944 990 2002 valde
1019 1944 1169 2020 gravi
1207 1942 1606 2018 transgreditur
1635 1943 1841 2000 iustum
1872 1949 2229 2013 praeceptum
2252 1953 2345 1998 ec·
2399 1935 2659 2011 factitia
2683 1948 2874 2012 vocat,
2914 1943 2988 1998 ait
3012 1942 3210 2000 inferre
3239 1945 3620 2003 necessitatem
3647 1944 3804 2020 longe
3831 1945 4010 2020 dispa-

747 2034 1117 2093 clesiasticum
1139 2076 1155 2107 ,
1197 2034 1330 2092 licet
1366 2034 1421 2090 in
1456 2034 1633 2107 rigore
1660 2050 1769 2090 non
1799 2032 2233 2107 transgrediatur
2262 2032 2340 2089 di·

746 2128 955 2182 vinum.
985 2125 1245 2197 ldemque
1282 2132 1368 2181 est
1406 2127 1459 2181 in
1487 2130 1779 2196 praecepto
1807 2122 2051 2180 solvendi
2076 2121 2341 2192 decimas,

746 2216 791 2271 si
826 2217 950 2289 quis
992 2213 1428 2289 transgrediatur
1468 2214 1643 2290 legem
1684 2213 1965 2271 Ecclesiae
2001 2212 2183 2288 quoad
2211 2229 2346 2286 quo-

2413 2044 2529 2085 rem
2556 2044 2588 2085 a
2615 2033 2919 2103 praeceptis
2947 2032 3305 2091 naturalibus.
3333 2036 3488 2092 Cum
3513 2039 3733 2104 tamen,
3769 2037 3865 2105 ait,
3897 2053 4010 2093 nec

2413 2121 2537 2177 sine
2575 2118 2811 2193 offensa
2844 2120 3062 2197 neqliyi
3075 2167 3089 2189 ‚
3135 2139 3243 2181 nec
3279 2127 3570 2183 contemni
3605 2128 3735 2183 sine
3759 2130 4012 2187 crimine

2411 2216 2648 2281 queant.
2687 2214 2758 2269 Et
2794 2213 2958 2270 infra:
3003 2212 3371 2273 Mandatum
3393 2220 3640 2289 peccato
3686 2217 4010 2275 obnoxium

746 2314 857 2363 tam
880 2348 895 2377 ,
944 2304 1130 2362 volens
1171 2304 1273 2362 alio
1317 2304 1480 2362 modo
1520 2305 1741 2377 implere
1782 2304 2016 2362 divinam
2060 2304 2231 2376 legem
2273 2303 2342 2359 de
2393 2297 2581 2371 facit,
2617 2319 2736 2359 non
2763 2319 2982 2377 maqno
3009 2310 3228 2370 tamen,
3265 2309 3316 2361 si
3346 2310 3708 2382 contemptus
3731 2304 4001 2380 defuerit.

746 2396 1116 2453 ministrorum
1152 2398 1572 2468 sustentatione,
1602 2403 1659 2452 et
1686 2396 1766 2455 sic
1792 2393 1860 2451 de
1889 2394 2178 2454 similibus.
2201 2394 2342 2451 Con-

750 2486 1031 2559 sequentia
1069 2490 1249 2543 autem
1281 2486 1425 2558 prior
1452 2487 1717 2559 probatur
1742 2502 1809 2543 ex
1837 2486 2068 2557 paritate
2096 2486 2344 2558 rationis,

748 2594 889 2652 quae
918 2593 1027 2635 non
1064 2583 1151 2633 est
1177 2578 1354 2634 minor
1384 2578 1436 2634 in
1472 2576 1589 2633 aliis
1628 2577 1843 2635 actibus
1870 2575 2146 2647 honestis,
2179 2590 2346 2649 quam

744 2669 799 2723 in
839 2666 924 2723 his
965 2667 1412 2725 circumstantiis.
1816 2688 1825 2697 ·

824 2755 979 2824 Quod
1008 2756 1053 2812 si
1080 2756 1283 2813 Gerson
1314 2756 1495 2815 solum
1523 2756 1844 2829 intenderet,
1877 2771 2159 2829 nunquam
2186 2770 2346 2827 prae·

748 2849 855 2923 cipi
896 2847 962 2905 ab
1003 2848 1251 2905 Ecclesia
1276 2854 1465 2905 actum
1495 2848 1825 2919 honestum,'
1843 2848 1937 2921 qui
1965 2846 2149 2919 aliquo
2179 2843 2344 2903 modo

747 2956 857 2998 non
900 2940 968 2996 sit
1007 2938 1125 2996 iure
1152 2938 1329 2995 divino
1359 2937 1440 2995 vel
1471 2939 1707 2996 naturali
1737 2944 2115 3011 praeceptum,
2146 2936 2342 2994 saltem

748 3032 802 3087 in
852 3028 1116 3103 generali,
1158 3035 1214 3086 et
1240 3027 1603 3086 abstrahendo
1642 3045 1672 3085 a
1706 3027 2063 3086 determinato
2092 3027 2254 3085 modo
2289 3032 2343 3085 et

749 3121 1180 3191 circumstantis,
1198 3126 1254 3176 et
1277 3118 1399 3176 ideo
1428 3119 1553 3176 talia
1578 3126 1871 3191 praecepta
1896 3117 2172 3176 Ecclesiae
2201 3133 2342 3175 sem·

749 3226 845 3284 per
886 3211 980 3267 niti
1018 3210 1071 3267 in
1109 3210 1225 3267 iure
1250 3207 1455 3283 divino,
1489 3209 1570 3267 vel
1602 3209 1854 3282 naturali3
1886 3225 1995 3267 non
2021 3217 2173 3267 esset
2197 3209 2338 3267 mul-

746 3308 866 3359 tum
896 3316 1027 3358 cum
1053 3316 1118 3359 eo
1148 3286 1612 3371 contendendum,
1634 3300 1761 3374 quia
1784 3300 1837 3357 in
1857 3300 2001 3357 bono
2030 3314 2198 3357 sensu
2219 3314 2344 3372 pos·

749 3400 835 3449 set
876 3391 929 3449 id
965 3390 1193 3449 admitti.
1225 3392 1361 3449 Nam
1386 3397 1443 3447 et
1468 3390 1526 3447 d.
1555 3390 1789 3447 Thomas
1820 3392 1930 3448 fere
1957 3390 2149 3448 eodem
2177 3389 2341 3447 modo

751 3483 995 3555 loquitur
1024 3486 1081 3539 2.
1113 3486 1172 3551 2,
1204 3497 1262 3554 q.
1298 3484 1421 3553 1⁴7,
1453 3487 1557 3538 art.
1594 3486 1647 3539 3.
1678 3481 1781 3539 Sed
1824 3497 1931 3539 non
1958 3482 2172 3553 obstat,
2203 3496 2339 3554 quo·

746 3574 929 3629 minus
976 3571 1292 3644 simpliciter
1338 3586 1530 3629 verum
1572 3570 1662 3643 sit,
1694 3571 1865 3645 legem
1912 3571 2344 3629 ecclesiasticam

748 3664 987 3731 obligare
1016 3662 1119 3719 sub
1148 3661 1550 3733 mortali,sicut
1574 3662 1733 3719 etiam
1763 3660 1967 3735 obligat
1994 3660 2077 3717 lex
2108 3661 2340 3733 positiva

747 3753 930 3811 divina
950 3794 965 3825 ,
1006 3752 1253 3827 quamvis
1280 3760 1573 3825 praecepta
1598 3752 1717 3809 eius
1744 3751 1853 3807 sint
1876 3754 2040 3808 etiam
2072 3750 2341 3825 quaedam

749 3844 1227 3902 determinationes
1260 3842 1394 3917 legis
1421 3841 1707 3900 naturalis.
1736 3843 1926 3914 Neque
1957 3841 2008 3898 in
2038 3840 2142 3899 hoc
2170 3848 2256 3899 est
2273 3841 2344 3899 de

746 3933 927 3992 verbis
975 3933 1417 3993 contendendum
1443 3975 1458 4006 ,
1507 3949 1637 3990 cum
1690 3932 1821 3990 satis
1867 3932 1923 3988 in
1972 3932 2344 4005 superioribus

750 4031 1029 4082 ostensum
1072 4026 1170 4095 sit,
1215 4024 1599 4097 obligationem
1639 4022 2005 4080 humanarum
2030 4023 2214 4096 legum
2243 4024 2345 4080 im·

754 4114 983 4172 mediate
1026 4116 1158 4170 oriri
1198 4130 1263 4171 ex
1306 4114 1542 4170 humana
1572 4112 1849 4169 voluntate
1887 4128 1984 4185 per
2018 4118 2344 4185 potestatem

749 4220 783 4263 a
808 4208 917 4263 Deo
944 4202 1156 4273 datam3
1197 4217 1338 4276 quae
1366 4207 1607 4275 potestas
1636 4202 1861 4274 speciali
1887 4209 1943 4259 et
1971 4202 2149 4259 altiori
2181 4203 2343 4262 modo

746 4294 873 4352 data
915 4299 1000 4350 est
1044 4291 1379 4365 principibus
1424 4292 1735 4363 Ecclesiae,
1773 4298 1831 4349 et
1870 4292 1959 4349 illa
1986 4297 2218 4350 utuntur
2245 4309 2343 4366 per

750 4386 1046 4448 humanam
1084 4381 1420 4439 voluntatem
1453 4381 1598 4454 leges
1625 4380 1865 4452 ferendo,
1897 4387 1952 4439 et
1978 4380 2097 4440 ideo
2124 4390 2342 4441 certum

747 4479 853 4546 est,
888 4473 1048 4529 talem
1077 4471 1461 4546 obligationem
1490 4471 1617 4529 oriri
1644 4488 1712 4529 ex
1738 4472 1853 4528 istis
1882 4472 2114 4545 legibus,
2148 4482 2211 4531 ut
2240 4474 2350 4532 hu..

748 4579 938 4621 manae
960 4552 1118 4621 sunt:
1146 4562 1219 4621 ita
1240 4562 1385 4619 enim
1405 4561 1651 4634 loquitur
1670 4562 1821 4620 Paul.
1853 4568 1900 4621 1.
1926 4561 1991 4618 ad
2013 4563 2258 4622 Corinth.
2281 4569 2340 4639 7,

746 4654 877 4712 dum
923 4653 1202 4727 distinguit
1242 4652 1506 4726 quaedam
1532 4694 1548 4724 ,
1596 4668 1737 4726 quae
1766 4653 2239 4728 proponebantur,
2274 4665 2336 4716 ut

748 4750 1040 4816 praecepta
1068 4760 1101 4799 a
1127 4744 1376 4816 Domino,
1405 4747 1462 4801 et
1487 4742 1609 4811 alia,
1635 4758 1777 4817 quae
1808 4745 1922 4816 ipse
1950 4746 2334 4821 praecipiebat,

749 4851 857 4894 non
884 4835 1171 4893 Dominus.

827 4931 883 4984 5.
914 4928 1137 4984 Praeter
1162 4926 1458 4983 Gereonem
1485 4922 1665 4982 solent
1701 4923 1794 4982 alii
1820 4924 2036 5000 referri,
2066 4928 2163 5001 qui
2193 4927 2340 4986 dixe-

749 5022 908 5090 runt,
960 5021 1249 5088 peccatum
1296 5024 1494 5072 contra
1529 5013 1706 5090 legem
1732 5014 2157 5093 ecclesiasticam
2176 5062 2192 5091 ,
2229 5035 2340 5076 non

748 5121 895 5178 esse,
924 5120 1022 5180 per
1052 5120 1109 5161 se
1137 5101 1429 5179 loquendo,
1458 5112 1749 5177 peccatum
1772 5106 2023 5179 mortale,
2040 5107 2136 5167 sed
2156 5107 2339 5165 solum

748 5195 965 5271 quando
1008 5197 1067 5253 fit
1110 5212 1177 5253 ex
1212 5201 1533 5269 contemptu
1574 5196 1727 5270 legis.
1758 5197 1839 5254 Ita
1875 5198 2050 5257 tenuit
2074 5197 2341 5257 Collecta-

752 5290 873 5347 rius
889 5328 906 5363 ,
950 5294 1012 5345 ut
1048 5286 1214 5345 refert
1240 5284 1429 5362 Angel.
1461 5284 1628 5345 verbo
1655 5285 2078 5353 inobedientia.
2117 5295 2172 5348 et
2196 5288 2338 5349 idem

2414 2390 2688 2465 Loquitur
2726 2400 2907 2450 autem
2935 2393 3002 2451 de
3044 2393 3235 2452 eodem
3260 2410 3458 2469 genere
3485 2397 3741 2456 mandati.
3773 2397 3926 2457 Unde
3953 2400 4008 2457 ia

2416 2497 2541 2554 cap.
2583 2487 2669 2541 12.
2700 2484 3006 2557 generalem
3035 2484 3281 2558 regulam
3311 2487 3598 2544 constituit
3621 2487 3687 2545 de
3715 2488 3798 2545 his
3816 2533 3830 2560 ,
3860 2504 4004 2562 quae

2412 2588 2510 2644 per
2545 2586 2604 2629 se
2647 2580 2742 2631 aut
2768 2582 2987 2647 propter
3013 2590 3074 2633 se
3103 2591 3202 2633 nec
3231 2576 3393 2649 bona,
3419 2592 3517 2635 nec
3547 2578 3686 2635 mala
3710 2584 3863 2650 sunt,
3893 2595 3998 2638 nec

2412 2662 2594 2721 divina
2631 2664 2966 2722 institutione
2993 2662 3097 2723 aut'
3123 2669 3344 2739 propria
3369 2668 3641 2741 cuiusque
3671 2668 4008 2740 professione

2414 2761 2546 2811 sunt
2585 2754 2708 2811 fixa.
2761 2757 2838 2815 Ut
2884 2772 3005 2812 non
3051 2758 3219 2813 iussa
3257 2755 3418 2814 licite
3456 2757 3882 2827 admittantur,
3919 2760 4011 2817 vel

2413 2848 2762 2903 omittantur
2777 2890 2792 2913 ‚
2835 2848 3006 2905 iussa
3029 2862 3167 2904 vero
3199 2850 3325 2905 sine
3351 2846 3533 2923 culpa
3557 2866 3675 2907 non
3699 2848 4002 2925 neqliqoen·

2412 2942 2530 2997 tur,
2547 2938 2674 2992 sinc
2701 2939 2947 2993 crimine
2973 2952 3093 2994 non
3120 2942 3598 3007 contemnantur,-
3613 2939 3828 3014 ubique
3847 2944 4008 2997 enim

2411 3030 2468 3084 et
2493 3024 2813 3101 culpabilis
2841 3025 3150 3100 neglectus,
3175 3034 3234 3085 et
3260 3034 3620 3105 contemptus
3642 3028 4006 3089 damnabitis

2412 3121 2519 3173 est.
2549 3117 2754 3184 Quibus
2795 3118 2850 3172 in
2888 3116 3064 3175 verbis
3094 3116 3226 3176 dum
3255 3119 3474 3191 culpam
3502 3136 3535 3177 a
3559 3120 3784 3178 crimine
3811 3120 4006 3179 distin-

2410 3206 2552 3279 guit,
2582 3221 2678 3279 per
2699 3206 2907 3264 crimen
2933 3208 3160 3286 mortale
3183 3216 3494 3282 peccatum,
3511 3224 3606 3282 per
3624 3210 3842 3283 culpam
3867 3228 3998 3269 vero

2413 3297 2622 3355 veniale
2650 3296 2916 3371 intelligit3
2947 3300 3113 3357 sentit
3137 3314 3288 3374 ergo,
3305 3316 3414 3357 non
3441 3316 3672 3373 peccare
3701 3302 4005 3361 mortaliter

2413 3395 2608 3445 contra
2654 3386 3030 3446 ecclesiastica
3070 3398 3396 3464 praecepta,
3439 3391 3631 3449 nisiex
3659 3399 3998 3465 contemptu,

2413 3494 2477 3534 ac
2505 3476 2732 3536 subinde
2761 3478 2897 3536 tales
2935 3478 3081 3553 leges
3110 3496 3207 3552 per
3233 3497 3292 3537 se
3319 3496 3427 3538 non
3457 3482 3698 3556 obligare
3723 3484 3827 3540 sub
3855 3498 4000 3541 mor-

2413 3568 2528 3641 tali,
2559 3568 2654 3625 sed
2681 3574 2888 3625 tantum
2919 3572 3126 3627 ratione
3155 3578 3524 3645 contemptus.

2488 3658 2588 3716 Alii
2627 3676 2758 3717 vero
2805 3658 3085 3731 doctores,
3118 3660 3257 3718 hanc
3287 3664 3610 3721 sententiam
3635 3678 3704 3720 ex
3731 3669 3885 3735 parte
3913 3679 4000 3721 se-

2411 3755 2642 3824 quentes
2673 3794 2688 3819 ,
2727 3756 2943 3821 praeter
2989 3756 3364 3823 contemptum
3403 3750 3610 3809 addunt
3645 3751 4002 3811 consuetudi-

2373 3834 2386 3845 ’
2412 3852 2536 3899 nem
2557 3881 2573 3911 ,
2603 3841 2733 3914 quia
2761 3838 2805 3895 si
2832 3848 3184 3914 praeceptum
3211 3840 3644 3901 ecclesiasticum
3669 3854 3736 3900 ex
3761 3858 4004 3903 consue-

2411 3929 2600 3989 tudIne
2645 3929 2955 4003 frangatur,
3001 3937 3288 4003 peccatum
3325 3932 3430 3989 erit
3455 3933 3714 4005 mortale,
3753 3948 3820 3990 eo
3847 3934 4000 4007 qued

2411 4020 2756 4081 consuetudo
2803 4020 2896 4078 illa
2942 4024 3166 4079 tacitum
3215 4028 3592 4094 contemptum
3639 4022 3896 4080 includat.
3937 4026 3994 4083 Si

2411 4128 2542 4171 vero
2569 4128 2670 4169 nec
2698 4117 3043 4184 contempus,
3067 4126 3168 4169 nec
3189 4112 3532 4172 consuetudo
3555 4113 3874 4185 intercedat,
3891 4132 4000 4174 non

2410 4208 2637 4276 putant,
2681 4207 2975 4274 peccatum
3009 4217 3130 4259 esse
3157 4203 3382 4262 mortale
3410 4218 3573 4277 agere
3599 4209 3792 4261 contra
3817 4206 3996 4263 eccle-

2411 4295 2687 4351 siasticam
2725 4292 2922 4365 legem.
2965 4294 3046 4351 lta
3086 4293 3277 4365 Angel.
3322 4309 3488 4366 supra
3523 4294 3695 4351 citans
3733 4294 3990 4355 Richard.

2408 4384 2654 4459 quodlib.
2696 4388 2744 4455 1,
2773 4398 2830 4456 q.
2869 4386 2960 4455 19,
2993 4383 3082 4441 ubi
3119 4384 3187 4441 de
3233 4384 3527 4441 omissione
3555 4384 3744 4443 Missae
3769 4402 3998 4458 praece-

2409 4482 2530 4547 ptae
2555 4476 2608 4531 in
2633 4472 2951 4547 particulari
2969 4473 3231 4547 loquitur.
3247 4472 3396 4531 ldem
3415 4489 3486 4531 ex
3505 4480 3656 4546 parte
3675 4476 3837 4534 sentit
3855 4478 4002 4534 Hen-

2408 4565 2510 4621 ric.
2543 4564 2787 4639 quodlib.
2823 4568 2878 4635 3,
2903 4579 2961 4637 q.
2986 4568 3078 4623 22.
3111 4565 3164 4621 in
3189 4564 3279 4621 fin.
3312 4564 3550 4623 refertur
3574 4565 3735 4623 etiam
3762 4567 3986 4627 Archid.

2409 4655 2462 4712 in
2489 4671 2610 4729 cap.
2650 4658 2913 4722 minam,
2956 4657 3046 4725 76,
3076 4654 3132 4711 d.
3168 4654 3258 4712 ubi
3297 4654 3421 4713 nihil
3451 4654 3598 4713 clare
3625 4655 3774 4714 dicit.
3805 4660 3994 4719 Refert

2405 4746 2535 4803 item
2563 4738 2802 4820 Angelus
2827 4743 3123 4820 quamdam
3147 4744 3412 4818 Glossam,
3440 4748 3902 4820 panormitanum,
3927 4758 3986 4808 et

2405 4834 2676 4911 quaedam
2715 4837 2854 4907 iura,
2885 4837 2938 4892 in
2963 4834 3164 4908 quibus
3193 4835 3340 4910 nihil,
3375 4836 3523 4910 quod
3551 4835 3617 4895 ad
3647 4848 3990 4911 praesentem

2405 4942 2631 4984 causam
2665 4925 2862 4997 faciat,
2901 4926 3142 4997 reperio.
3172 4924 3476 4985 Adducitur
3513 4925 3742 5002 denique
3779 4932 3990 4989 Gemin.

2405 5019 2460 5074 in
2487 5031 2612 5089 cap.
2645 5012 2947 5083 Generali,
2983 5013 3050 5071 de
3077 5016 3236 5073 elect.
3266 5016 3320 5072 in
3351 5019 3407 5075 6.
3436 5016 3509 5074 Et
3533 5018 3746 5077 tandem
3774 5021 3988 5080 additur

2404 5108 2570 5179 ratio,
2601 5105 2728 5179 quia
2753 5121 2862 5163 non
2888 5111 2976 5162 est
3001 5106 3310 5177 verisimile,
3341 5108 3692 5169 intentionem
3720 5111 3988 5184 praelato·

2407 5213 2534 5255 rum
2561 5212 2684 5254 esse
2713 5196 2950 5268 obligare
2981 5196 3085 5255 sub
3114 5196 3586 5271 mortali,quando
3611 5216 3678 5259 ex
3703 5208 3998 5260 consuetu-

2406 5287 2528 5349 dine
2575 5304 2688 5346 non
2740 5293 3006 5362 peccatur
3055 5294 3253 5345 contra
3290 5303 3484 5348 eorum
3521 5291 3697 5367 leges,
3732 5307 3862 5352 cum
3889 5312 3988 5370 per
