4325 6267
824 373 906 438 82

745 519 850 576 tiae
879 517 946 574 ab
986 522 1206 574 aeterno
1235 515 1430 574 suisset
1471 513 1858 590 promulgata,
1889 517 1945 570 et
1982 513 2061 570 ita
2089 517 2239 569 esset
2264 511 2349 568 lex

755 614 994 663 aeterna.

821 696 926 752 Sed
956 695 1127 767 prima
1155 695 1387 752 obiectio
1416 710 1612 767 parum
1643 693 1849 763 obstat,
1885 697 2004 749 tum
2025 690 2175 764 quia,
2201 687 2349 762 quod

745 785 800 842 d.
834 786 1069 843 Thomas
1107 784 1236 840 dicit
1263 783 1332 840 de
1361 783 1792 858 promulgatione
1823 782 1876 839 in
1908 781 2096 850 verbo,
2126 777 2351 851 intelligi

739 880 925 948 potest
965 889 1062 946 per
1103 873 1620 946 appropriationem,
1667 887 1775 927 non
1804 885 1902 943 per
1929 871 2348 944 proprietatem,

743 965 890 1020 sicut
925 963 1189 1021 dicuntur
1215 962 1364 1020 ideae
1393 979 1514 1020 esse
1540 964 1596 1018 in
1624 961 1815 1033 verb03
1849 965 1908 1017 et
1935 959 2006 1015 ita
2033 958 2266 1030 ipsemet
2289 954 2347 1011 d.

2229 383 2433 435 LIBER
2462 381 2539 434 11.

2420 505 2642 582 quando
2666 505 2797 564 aliae
2820 505 2967 580 leges
2986 507 3412 580 promulgantur
3426 504 3758 576 hominibus,
3778 505 4025 578 promul-

2416 606 2583 672 gatur
2623 597 2689 653 ad
2730 603 2885 654 extra
2926 597 3012 654 lex
3040 598 3154 669 ipsa
3184 602 3433 671 aeterna3
3464 596 3694 670 ideoque
3726 598 3776 653 in
3806 598 3929 670 illa,
3962 606 4029 656 ut

2420 693 2641 744 aeterna
2680 693 2785 758 est,
2825 701 2935 743 non
2964 685 3129 743 habet
3154 685 3339 743 locum
3370 689 3590 758 propria
3626 687 4019 760 promulgatio.

2419 780 2479 836 ln
2517 784 2715 851 quarto
2744 783 3070 849 argumento
3098 777 3326 848 petitur,
3357 793 3423 833 an
3456 775 3541 832 lex
3570 782 3790 833 aeterna
3817 792 4023 848 ponen-

2421 868 2492 925 da
2530 868 2603 924 sit
2642 867 2694 922 in
2737 866 2951 923 actibus
2981 865 3159 922 liberis
3188 867 3306 940 Dei,
3336 866 3419 923 vel
3448 867 3500 921 in
3532 865 3878 923 necessariis.
3916 865 4027 922 Sed

2422 956 2529 1015 hoc
2562 955 2892 1014 tractabitur
2920 955 3269 1014 commodius
3298 957 3353 1012 in
3382 957 3560 1029 capite
3586 957 3767 1014 tertio.

742 1055 980 1112 Thomas
1023 1053 1337 1127 explicavit,
1369 1055 1466 1126 qui
1504 1056 1913 1124 consequenter
1941 1048 2122 1121 sentit,
2155 1061 2354 1104 secun·
2439 1097 2449 1104 .

745 1148 880 1205 dum
921 1147 1313 1218 proprietatem
1363 1142 1561 1199 debere
1601 1140 1819 1212 intelligi
1859 1139 1927 1196 de
1965 1138 2132 1195 verbo
2173 1133 2354 1209 quoad

746 1243 1086 1308 conceptum
1128 1233 1503 1304 essentialem3
1547 1237 1668 1288 tum
1695 1230 1858 1287 etiam
1884 1229 2013 1302 quia
2041 1242 2148 1283 non
2178 1231 2263 1282 est
2289 1225 2354 1280 de

741 1328 948 1382 ratione
979 1324 1132 1396 legis,
1168 1331 1232 1380 ut
1261 1321 1424 1378 simul
1454 1319 1837 1393 promulgetur
1866 1318 2032 1373 verbo
2061 1315 2275 1388 prolato
2300 1320 2357 1369 et

743 1415 984 1486 scripto,
1016 1411 1112 1468 sed
1142 1413 1412 1484 scriptum
1441 1409 1658 1482 publice
1683 1407 1989 1480 expositum
2021 1404 2259 1474 sufficit3
2292 1401 2349 1459 d.

742 1504 977 1560 Thomas
1019 1509 1203 1559 autem
1235 1501 1301 1556 ad
1329 1498 1608 1556 doctrinae
1638 1496 2018 1555 abundantiam
2048 1500 2102 1550 et
2131 1493 2358 1565 elegan-

741 1596 880 1650 tiam
908 1591 1081 1649 voluit
1105 1598 1405 1662 utrumque
1427 1587 1652 1644 modum
1676 1588 1728 1642 in
1751 1589 1861 1643 Deo
1883 1584 2176 1657 explicare.
2200 1577 2355 1640 Unde

741 1699 854 1740 non
889 1689 974 1738 est
1001 1680 1408 1748 inconvenienS,
1440 1677 1589 1750 quod
1615 1693 1758 1734 unus
1782 1675 1981 1732 modus
2004 1675 2077 1731 sit
2097 1687 2357 1746 persona·

744 1773 834 1846 lis,
865 1780 919 1828 et
947 1772 1083 1828 alter
1110 1767 1433 1826 essentialis.
1467 1769 1579 1824 Nec
1611 1766 1732 1824 inde
1759 1766 2030 1838 sequitur,
2055 1761 2234 1819 solum
2259 1763 2359 1817 Pa-

747 1869 890 1918 trem
932 1875 1055 1916 esse
1097 1857 1492 1930 legislatorem,
1525 1855 1608 1910 vel
1639 1853 2010 1927 promulgare,
2041 1851 2170 1924 quia
2197 1849 2263 1907 ad
2296 1867 2357 1906 u·

744 1959 1009 2024 trumque
1052 1948 1259 2006 sufficit
1299 1946 1498 2004 modus
1540 1943 1864 2003 essentialis.
1907 1942 1988 1998 Ad
2018 1941 2177 1998 aliam
2209 1939 2357 1996 obie-

741 2043 984 2098 ctionem
1021 2039 1185 2096 tacite
1221 2034 1517 2109 respondet
1544 2035 1600 2091 d.
1631 2035 1887 2102 Thomas,
1921 2030 2124 2088 addens
2155 2031 2351 2086 limita-

745 2132 969 2198 tionem,
995 2129 1146 2202 quod
1174 2127 1261 2184 illa
1286 2127 1371 2184 lex
1395 2126 1556 2183 habet
1576 2123 2064 2197 promulgationem
2088 2137 2165 2186 ege
2182 2123 2357 2194 parte

743 2223 884 2288 Dei,
933 2226 990 2276 et
1029 2219 1394 2291 subiungens:
1438 2215 1557 2274 Sed
1583 2231 1658 2271 ex
1690 2218 1870 2288 parte
1899 2217 2217 2270 creaturae
2245 2225 2357 2267 ait·

744 2309 991 2370 client-is,
1037 2324 1141 2364 seu
1177 2309 1547 2381 inspicientis
1575 2321 1692 2362 non
1715 2307 1907 2377 potest
1934 2317 2058 2360 esse
2078 2299 2353 2376 promul·

743 2401 906 2471 qatio
935 2401 1204 2454 aeterna.
1235 2395 1388 2452 Unde
1419 2394 1566 2466 quod
1589 2392 1722 2450 dicit
1742 2393 1792 2448 in
1816 2392 2089 2448 solutione
2111 2389 2179 2445 ad
2211 2395 2259 2447 1.
2289 2388 2355 2445 de

746 2487 1016 2544 creaturis
1055 2484 1418 2558 praecognitis
1455 2499 1522 2541 ex
1565 2483 1923 2552 aeternitate,
1950 2498 2055 2538 non
2087 2487 2201 2549 est,
2230 2479 2359 2552 quia
2394 2547 2403 2558 ο

743 2584 907 2651 putet
948 2576 1094 2632 illam
1133 2575 1476 2632 existentiam
1518 2573 1841 2629 obiectivam
1882 2578 2273 2629 creaturarum
2303 2570 2356 2625 in

740 2668 1072 2724 >aeternitate
1102 2665 1384 2733 sufficere,
1415 2670 1479 2719 ut
1505 2678 1571 2718 ex
1598 2668 1750 2734 parte
1780 2660 1994 2718 illarum
2023 2662 2114 2718 tiat
2133 2666 2355 2716 aeterna

743 2757 1117 2830 promulgatio
1137 2796 1152 2826 ,
1196 2751 1292 2810 sed
1331 2759 1396 2810 ut
1433 2750 1681 2808 declaret
1708 2767 1773 2808 ex
1801 2757 1960 2821 parte
1988 2751 2080 2806 Dei
2111 2749 2357 2821 potuisse

741 2852 878 2903 tunc
921 2844 1090 2902 statui
1138 2843 1346 2916 legem,
1374 2857 1470 2914 per
1512 2856 1680 2914 quam
1708 2840 1926 2898 suturae
1957 2845 2245 2897 creaturae
2274 2852 2362 2893 es-

744 2943 871 2993 sent
899 2932 1306 3009 gubernandae.

831 3030 884 3084 9.
918 3027 999 3082 Ex
1039 3024 1142 3081 hac
1184 3038 1318 3080 vero
1359 3019 1614 3078 doctrina
1655 3020 1710 3078 d.
1743 3018 1982 3076 'rhomae
2010 3022 2198 3089 aperte
2228 3031 2361 3072 con-

749 3114 1028 3185 cluditur,
1073 3115 1225 3170 iuxta
1265 3119 1504 3168 mentem
1540 3112 1658 3167 eius
1698 3110 1764 3166 de
1791 3108 2002 3165 ratione
2031 3106 2199 3164 huius
2227 3107 2362 3179 legis

751 3213 1005 3262 aeternae
1041 3219 1148 3258 non
1177 3216 1298 3258 esse
1327 3199 1820 3274 promulgationem
1849 3204 1982 3256 actu
2003 3197 2207 3255 iactam
2234 3194 2364 3253 sub-

747 3295 897 3364 ditis,
930 3293 1026 3350 sed
1053 3291 1333 3364 sufficere,
1363 3296 1426 3347 ut
1447 3306 1514 3347 ex
1537 3295 1691 3360 parte
1713 3288 2039 3361 legislatoris
2062 3287 2167 3342 iam
2192 3286 2261 3341 sit
2288 3285 2364 3340 sa-

739 3391 844 3443 ·cta
885 3399 983 3456 pro
1027 3398 1128 3439 suo
1175 3390 1441 3452 tempore.
1485 3381 1556 3436 Et
1595 3393 1655 3434 re
1696 3393 1827 3434 vera
1864 3377 2008 3433 idem
2036 3374 2140 3432 suit
2168 3389 2363 3430 sensus

752 3474 994 3545 Alensis,
1025 3477 1082 3528 et
1111 3470 1240 3526 mihi
1279 3468 1497 3526 videtur
1526 3482 1739 3523 verum.
1771 3464 2074 3538 Addoque,
2106 3479 2228 3520 esse
2256 3464 2364 3518 sin-

743 3564 944 3636 ·gulare
973 3564 1026 3618 in
1048 3558 1142 3617 illa
1162 3559 1309 3632 lege,
1337 3573 1462 3614 nam
1483 3563 1741 3613 censetur
1763 3561 2144 3612 consummata
2166 3560 2223 3609 et
2242 3567 2365 3624 per·

754 3654 900 3710 secta
931 3667 998 3708 eo
1026 3652 1172 3722 ipso,
1201 3646 1348 3721 quod
1372 3646 1422 3701 in
1447 3652 1628 3703 mente
1649 3644 1975 3717 legislatoris
1999 3642 2235 3700 stabilita
2255 3648 2359 3712 est,

755 3744 891 3800 aliae
919 3757 1051 3797 vero
1076 3739 1224 3810 leges
1247 3752 1353 3793 non
1377 3740 1860 3806 consummantur,
1882 3733 2058 3790 donec
2079 3737 2211 3788 actu
2235 3746 2360 3802 pro-

755 3832 1098 3904 mulgantur.
1130 3828 1288 3884 Ratio
1315 3833 1499 3882 autem
1529 3822 1679 3880 reddi
1701 3827 1900 3895 potest,
1929 3821 2059 3894 quia
2079 3820 2361 3877 decretum

759 3924 851 3980 Dei
888 3927 1171 3978 aeternum
1209 3914 1544 3972 immutabile
1571 3919 1677 3985 est,
1707 3919 1765 3969 et
1791 3913 1906 3969 sine
1935 3911 2045 3967 ulla
2071 3910 2157 3966 sui
2187 3914 2365 3966 muta·

757 4015 902 4068 tione
931 4026 1030 4082 pro
1060 4024 1160 4064 suo
1191 4013 1444 4076 tempore
1473 4003 1710 4075 obligat,
1743 4001 2027 4058 decretum
2057 4007 2241 4057 autem
2270 3997 2365 4054 ho-

755 4101 916 4157 minis
945 4096 1208 4154 mutabile
1235 4103 1350 4167 est,
1384 4091 1527 4150 unde
1555 4089 1818 4165 quamdiu
1844 4107 1950 4147 non
1977 4089 2365 4162 promulgatur

757 4206 857 4263 per
900 4183 1329 4257 modum-legis,
1374 4197 1590 4254 semper
1632 4198 1692 4238 se
1730 4180 1890 4237 habet
1917 4181 2096 4252 potius
2128 4194 2222 4251 per
2252 4194 2366 4234 mo-

759 4280 892 4336 dum
936 4275 1200 4349 propositi
1239 4271 1444 4330 serendi
1475 4273 1686 4344 legem,
1717 4286 1884 4343 quam
1911 4285 2009 4342 per
2039 4267 2262 4326 modum
2290 4267 2368 4324 le-

760 4369 842 4441 gis
880 4367 1106 4424 tirmiter
1135 4362 1402 4420 stabilitae
1439 4367 1495 4418 et
1531 4361 1688 4417 latae.
1729 4360 1884 4417 Unde
1910 4362 1964 4416 in
1994 4358 2096 4415 hac
2130 4359 2249 4431 lege
2278 4373 2365 4414 ae·

761 4467 950 4529 terna,
996 4471 1090 4527 per
1131 4469 1189 4509 se
1234 4451 1530 4525 loquendo,
1561 4450 1710 4507 nulla
1738 4449 1842 4505 alia
1870 4446 2090 4521 publica
2119 4445 2367 4520 promul-

763 4549 910 4622 gatio
941 4545 1262 4617 requiritur,
1287 4549 1352 4599 ut
1378 4547 1508 4598 actu
1531 4540 1751 4612 obliget,
1779 4538 1874 4595 sed
1897 4537 2076 4594 solum
2099 4536 2251 4610 quod
2274 4552 2367 4592 ve·

762 4639 874 4693 niat
910 4637 964 4691 in
1002 4635 1250 4690 notitiam
1279 4630 1512 4702 subditi,
1546 4627 1690 4685 unde
1720 4627 1764 4683 si
1792 4642 1888 4698 per
1912 4628 2185 4683 internam
2212 4641 2366 4682 reve-

764 4729 1020 4785 lationem
1049 4723 1204 4780 nobis
1235 4722 1605 4777 innotesceret
1625 4716 1834 4773 divinae
1858 4715 2157 4771 voluntatis
2178 4712 2367 4770 decre-

761 4827 910 4888 tum,
951 4814 1237 4872 sufficeret
1279 4810 1346 4867 ad
1387 4806 1761 4881 obligandum,
1795 4803 1944 4879 quod
1973 4804 2180 4860 nonita
2206 4803 2370 4859 estin

766 4911 886 4982 lege
917 4905 1182 4974 hominia,
1207 4917 1330 4957 nam
1352 4899 1481 4956 licet
1502 4897 1754 4954 subditus
1778 4896 1940 4968 sciat,
1962 4894 2068 4950 iam
2091 4908 2211 4950 esse
2232 4893 2369 4949 scri-

769 5007 920 5070 ptam
948 4992 1093 5066 apud
1123 5006 1328 5062 regem,
1359 5004 1466 5045 non
1495 4985 1764 5059 obligatur
1791 4984 1900 5056 illa,
1927 4983 2101 5039 donec
2123 4982 2369 5054 promul·

771 5093 956 5160 getur.
1004 5080 1284 5140 ordinarie
1323 5085 1505 5134 autem
1547 5079 1692 5133 Deus
1731 5090 1839 5131 non
1881 5073 2084 5144 obligat
2123 5072 2368 5130 homines

766 5193 864 5250 per
900 5175 1080 5247 legem
1118 5177 1426 5237 aeternam,
1471 5166 1573 5222 nisi
1607 5163 1875 5222 mediante
1903 5160 2086 5234 aliqua
2113 5163 2368 5220 exteriori

770 5267 910 5343 lege,
940 5276 1081 5344 quae
1109 5261 1183 5318 sit
1207 5258 1350 5316 illius
1379 5255 1729 5332 participatio
1755 5259 1811 5312 et
1837 5253 2178 5328 significatio,
2209 5260 2267 5312 et
2292 5254 2369 5311 ita

3010 1147 3289 1219 CAPUT
3332 1147 3416 1216 Π.

2435 1345 2610 1420 Quae
2631 1343 2707 1398 sit
2726 1345 2990 1400 materia
3000 1343 3298 1417 proxima
3316 1339 3457 1416 leqis
3476 1346 3775 1408 aeternae,
3804 1355 3909 1398 seu.
3928 1344 4035 1415 qui

2567 1437 2741 1491 actus
2769 1431 2846 1491 ab
2871 1430 2991 1490 illa
3015 1435 3401 1508 imperentur,
3436 1447 3541 1489 seu
3564 1436 3877 1504 reflantur.

2976 1609 3465 1676 Sam-arium

2428 1795 2479 1845 1.
2507 1795 2625 1846 Tria
2660 1809 2851 1860 genera
2887 1802 3126 1859 actuum,
3165 1797 3255 1861 qui
3292 1803 3415 1848 sunt
3450 1796 3667 1848 materia
3692 1801 3745 1846 et
3772 1796 4034 1848 obiectum

2495 1868 2659 1918 omnis
2694 1868 2843 1930 tegis.
2871 1894 2941 1904 -
2966 1866 3019 1918 2.
3047 1868 3123 1917 An
3157 1868 3239 1917 lex
3271 1874 3483 1917 aeterna
3514 1867 3582 1917 sit
3617 1867 3799 1928 regula
3831 1866 4034 1918 divino-

2496 1949 2610 1986 rum
2637 1944 2849 1987 actuum
2872 1937 2937 1986 ad
2962 1937 3117 1988 intra.
3138 1963 3209 1973 —
3226 1936 3491 1987 Resolutio
3510 1937 3769 1999 negativa.
3792 1963 3862 1974 —
3880 1937 3934 1986 3.
3956 1937 4037 1986 An

2495 2007 2563 2057 sit
2599 2008 2779 2070 regula
2814 2013 3025 2057 actuum
3058 2007 3341 2057 liberorum
3374 2007 3464 2056 Dei
3498 2007 3821 2070 operantium
3852 2006 3911 2055 ad
3948 2020 4037 2056 ex-

2495 2083 2595 2127 tra.
2624 2104 2695 2114 --
2717 2078 2771 2127 4.
2800 2077 2967 2126 Prima
2991 2076 3235 2127 assertio:
3264 2076 3369 2126 Lex
3393 2082 3601 2126 aeterna
3626 2089 3729 2126 non
3752 2081 3833 2126 est
3853 2078 4037 2139 regula

2496 2147 2757 2197 actionum
2779 2146 3089 2208 divinarum,
3111 2153 3366 2210 quatenus
3390 2152 3509 2196 sunt
3534 2145 3845 2196 morale5.—
3858 2146 3909 2195 5.
3932 2145 4037 2198 oh-

2498 2216 2671 2266 iecti0.
2700 2243 2770 2253 —
2792 2216 3009 2266 Solutio.
3037 2242 3107 2252 —
3132 2217 3185 2267 6.
3212 2215 3473 2266 Dictamen
3508 2216 3792 2278 practicum
3837 2216 3928 2265 Dei
3970 2215 4035 2265 de

2496 2285 2707 2349 agendis
2731 2299 2826 2336 cur
2845 2299 2945 2337 non
2966 2285 3150 2335 habeat
3172 2286 3421 2336 rationem
3443 2286 3572 2347 legis
3592 2292 3829 2349 respectu
3850 2285 3949 2335 sui.
3965 2312 4036 2322 -

2498 2357 2549 2406 7.
2575 2356 2805 2406 Secunda
2837 2357 3081 2407 assertio:
3119 2356 3224 2405 Lex
3256 2362 3464 2405 aeterna
3490 2361 3660 2418 potest
3684 2355 3789 2405 dici
3814 2355 3895 2404 lex
3918 2367 4037 2419 ope-

2495 2424 2641 2475 randi
2666 2433 2907 2488 respectu
2934 2438 3107 2476 rerum
3132 2426 3556 2488 gubernatarum,
3579 2437 3679 2476 non
3705 2437 3830 2476 vero
3848 2426 4034 2475 Dei.—

2498 2495 2550 2545 8.
2579 2496 2655 2545 An
2691 2503 2962 2547 creaturae
2996 2495 3211 2545 rationis
3244 2501 3298 2545 et
3332 2495 3465 2544 vitae
3490 2501 3725 2559 expertes
3749 2491 4038 2544 subdantur

2500 2565 2600 2628 legi
2621 2572 2880 2615 aeternae.
2904 2591 2973 2601 —
2992 2564 3141 2616 Ratio
3160 2577 3253 2628 pro
3272 2571 3419 2627 parte
3436 2563 3755 2614 affirmativa.
3780 2591 3849 2601 —
3866 2563 3919 2614 9.
3938 2565 4039 2616 Ra-

2498 2635 2574 2685 tio
2592 2649 2686 2700 pro
2704 2641 2851 2699 parte
2872 2635 3130 2698 negativa.
3146 2661 3218 2670 —
3240 2635 3324 2684 10.
3346 2633 3611 2685 Resolutio
3628 2634 4039 2696 quaestionis.—

2504 2706 2588 2755 11.
2616 2707 2691 2754 Aa
2716 2716 2888 2754 omnes
2912 2705 3139 2754 actiones
3164 2703 3413 2753 humanae
3438 2703 3539 2753 sint
3564 2703 3777 2754 materia
3803 2704 3935 2766 legis
3952 2716 4047 2752 ae«

2501 2780 2697 2825 ternae.
2725 2801 2791 2810 —
2823 2773 2907 2824 12.
2946 2775 3055 2836 Quo
3091 2786 3242 2823 sensu
3276 2773 3595 2836 Augustinus
3628 2774 3879 2835 asseruit,
3907 2773 4035 2824 nihil

2498 2857 2645 2908 posse
2670 2843 2900 2906 effugere
2924 2844 3198 2908 imperium
3220 2844 3371 2907 legis.

2517 3018 2567 3073 1.
2600 3014 2876 3083 Diximus,
2920 3012 3096 3086 legem
3137 3019 3417 3070 aeternam
3456 3029 3611 3085 esse,
3650 3013 4037 3087 explicandum

2434 3104 2687 3177 sequitur
2721 3102 2856 3176 quid
2896 3103 2994 3175 sit,
3035 3104 3167 3177 quia
3194 3118 3325 3160 vero
3354 3104 3527 3162 omnis
3558 3105 3642 3161 lex
3668 3112 3753 3162 est
3782 3121 4040 3161 mensura

2434 3195 2745 3269 aliquorum
2786 3200 3015 3252 actuum
3039 3236 3054 3266 ,
3097 3210 3239 3268 quos
3280 3195 3500 3266 respicit
3539 3201 3603 3252 ut
3650 3194 3931 3252 materiam
3982 3202 4041 3252 et

2433 3285 2745 3358 obiectum,
2788 3283 2894 3340 hoc
2935 3285 3099 3341 etiam
3140 3285 3191 3339 in
3231 3283 3354 3357 lege
3381 3290 3607 3341 aeterna
3636 3284 3914 3342 observari
3943 3301 4039 3342 ne·

2435 3389 2589 3430 cesse
2616 3379 2722 3439 est,
2752 3379 2809 3429 et
2836 3371 2960 3429 ideo
2990 3373 3057 3428 ad
3085 3373 3468 3444 explicandum
3498 3373 3629 3447 quid
3660 3374 3749 3431 illa
3771 3376 3861 3440 sit,
3888 3391 4039 3432 com-

2436 3462 2661 3520 modum
2701 3467 2787 3518 est
2826 3464 2984 3535 prius
3024 3459 3304 3519 declarare
3337 3465 3640 3534 materiam,
3670 3463 3721 3520 in
3750 3479 3918 3537 quam
3945 3480 4041 3522 ca-

2434 3553 2540 3624 dit3
2583 3568 2711 3609 nam
2754 3560 3116 3622 comparatur
3146 3552 3211 3608 ad
3240 3551 3385 3609 illam
3416 3568 3514 3624 per
3552 3552 3777 3610 modum
3808 3552 4035 3611 obiecti:

2434 3643 2609 3700 omnis
2636 3649 2823 3698 autem
2851 3647 3013 3698 actus
3042 3657 3141 3713 per
3163 3657 3327 3698 suum
3350 3641 3624 3699 obiectum
3650 3643 4041 3700 convenienter

2434 3731 2760 3804 explicatur.
2792 3731 2925 3787 Tres
2964 3736 3149 3787 autem
3187 3737 3317 3788 sunt
3345 3732 3593 3802 ordines,
3626 3748 3725 3789 seu
3752 3747 3954 3806 genera
3984 3748 4041 3789 a·

2434 3828 2665 3895 ctuum,
2712 3821 2777 3878 de
2816 3820 3017 3894 quibus
3054 3819 3287 3878 dubitari
3323 3828 3539 3895 potest,
3575 3838 3641 3878 an
3668 3839 3764 3894 per
3793 3821 3935 3879 illam
3964 3822 4041 3879 le·

2435 3925 2557 3984 gem
2588 3917 3001 3967 mensurentur.
3027 3911 3269 3967 Primum
3298 3921 3357 3967 et
3379 3927 3699 3982 supremum
3723 3918 3809 3968 est
3831 3910 4042 3984 aliquo-

2436 4017 2562 4058 rum
2603 4007 2836 4058 actuum
2882 4001 3166 4073 ipsiusmet
3190 4001 3309 4072 Dei,
3340 4006 3395 4056 et
3426 4001 3759 4076 manentium
3787 4001 3934 4058 intra
3960 4001 4041 4074 ip-

2436 4107 2593 4162 sum,
2626 4089 2837 4147 scilicet
2862 4097 3023 4147 actus
3054 4088 3207 4146 liberi
3236 4087 3447 4146 divinae
3478 4089 3808 4161 voluntatis,
3842 4105 4043 4147 secun-

2434 4179 2567 4236 dum
2606 4186 2662 4236 et
2696 4180 2933 4236 intimum
2971 4189 3057 4237 est
3084 4181 3363 4236 actionum
3405 4179 3726 4237 inferiorum
3754 4157 4034 4255 agentium

2436 4270 2767 4327 naturalium
2792 4277 2849 4326 et
2866 4271 3077 4326 ratione
3100 4271 3431 4342 carentium,
3460 4273 3686 4328 tertium
3707 4278 3793 4330 est
3813 4279 4042 4330 actuum

2437 4358 2735 4415 liberorum
2766 4365 3153 4416 creaturarum
3180 4357 3659 4434 intellectualium,
3684 4359 3826 4420 etde
3856 4363 4043 4435 singu-

2438 4446 2504 4504 lis
2532 4437 2768 4505 breviter
2798 4447 3071 4504 dicemus.

2516 4543 2575 4595 2.
2608 4539 2789 4593 Primo
2831 4552 2963 4610 ergo
3006 4537 3245 4596 dubitari
3274 4544 3480 4611 potest,
3511 4555 3581 4596 an
3610 4539 3696 4599 lex
3726 4547 3944 4599 aeterna
3972 4545 4045 4600 sit

2438 4625 2635 4700 regula
2678 4632 2908 4684 actuum
2950 4627 3258 4684 divinorum
3301 4627 3369 4684 ad
3410 4628 3570 4686 intra.
3601 4631 3674 4687 Et
3700 4636 3767 4688 ut
3793 4638 3949 4689 certa
3978 4632 4046 4689 ab

2439 4717 2665 4774 incertis
2695 4731 3046 4788 separemus,
3079 4717 3438 4789 supponimus
3459 4759 3475 4790 ,
3506 4728 3667 4776 actus
3696 4719 3858 4776 divini
3887 4720 4044 4777 intel·

2440 4805 2623 4863 lectus
2664 4811 2721 4862 et
2764 4805 3090 4876 voluntatis„
3134 4813 3304 4878 prout
3333 4807 3485 4863 circa
3510 4809 3683 4864 Deum
3714 4808 3894 4882 ipsum
3926 4826 4046 4867 ver·

2441 4903 2633 4953 santur
2654 4939 2667 4966 ,
2700 4899 2756 4952 et
2782 4911 2891 4952 non
2922 4893 3117 4951 dicunt
3144 4894 3517 4952 habitudinem
3546 4896 3611 4952 ad
3639 4904 3945 4970 creaturas,
3980 4907 4046 4956 ut

2441 4984 2694 5057 suturas,
2739 5000 2847 5040 non
2884 4982 3081 5040 cadere
3123 4983 3227 5041 sub
3255 4983 3431 5057 legem
3462 4992 3778 5062 aeternam,
3806 5003 3908 5045 nec
3939 5003 4039 5059 per

2442 5074 2587 5133 illam
2619 5073 2887 5148 regulari.
2917 5075 2998 5131 lta
3030 5075 3197 5131 sentit
3223 5073 3278 5132 d.
3310 5073 3547 5131 Thomas
3569 5074 3702 5133 dict.
3728 5093 3783 5150 q.
3812 5081 3908 5148 93,
3932 5084 4039 5135 art.

2440 5169 2500 5235 ⁴,
2530 5170 2588 5222 et
2614 5164 2824 5221 Alensis
2858 5159 3048 5236 supra,
3078 5171 3135 5220 et
3162 5180 3355 5222 omnes
3382 5163 3665 5238 doctores,
3687 5169 3780 5239 qui
3802 5166 3943 5224 hanc
3968 5168 4046 5224 le-

2440 5269 2565 5329 gem
2592 5241 2886 5328 requirunt
2914 5259 3138 5326 propter
3167 5253 3404 5311 divinam
3434 5255 3857 5330 providentiam,
3881 5257 3954 5314 ita
3978 5263 4044 5318 ut
