4325 6267
1725 359 1949 410 CAPUT.
1964 360 2116 410 xlx.

261 486 472 547 Paulus
515 494 683 562 negat
723 486 854 561 poni
891 484 1078 545 iusto?
1112 487 1184 545 Et
1218 484 1538 559 respondet:
1577 489 1668 546 Eo
1695 483 1870 550 modo

259 594 380 635 non
413 582 664 654 ponitur
702 579 886 644 iusto,
935 593 1050 652 qao
1077 580 1283 653 posita
1307 581 1394 635 est
1409 575 1634 652 populo
1663 582 1872 633 contu-

262 670 428 726 maci
463 671 534 725 in
573 667 799 726 tabulis
839 665 1120 742 lapideis,
1168 683 1288 724 non
1326 669 1396 723 in
1429 664 1650 723 tabulis
1676 663 1872 722 cordis

265 757 657 826 carnalibus,
702 755 806 814 sed
846 755 1175 814 secundum
1209 760 1375 813 vetus
1408 758 1872 822 Testamentum,-

265 853 327 903 et
364 847 508 904 infra
548 848 604 902 in
654 859 871 902 summa
904 845 1066 916 dicit,
1097 848 1306 902 iustum
1331 845 1501 902 David
1530 845 1750 917 petiisse
1779 842 1876 900 sibi

265 938 402 1008 poni
444 936 657 1008 legem,
700 936 855 991 sicut
893 939 1116 992 sanctis
1141 933 1297 1007 filiis
1331 932 1580 1000 liberae,
1619 932 1700 989 vel
1730 932 1878 990 sicut

268 1031 464 1096 postea
494 1027 644 1082 Deus
671 1023 956 1097 promisit:
987 1023 1160 1082 Dabo
1186 1022 1372 1096 leqem
1397 1038 1599 1079 meam
1622 1024 1690 1079 in
1714 1037 1876 1078 men-

265 1114 424 1170 tibus
453 1129 680 1179 eorum,
715 1117 770 1170 et
793 1116 859 1169 in
886 1110 1161 1170 cordibus
1187 1128 1395 1168 eorum
1421 1110 1684 1168 scribam
1709 1127 1866 1178 eam,

267 1203 464 1260 ierem.
503 1207 566 1260 31
593 1244 610 1275 ,
639 1209 698 1260 et
723 1201 889 1260 Hebr.
921 1218 1046 1274 cap.
1083 1209 1144 1275 83
1186 1209 1241 1260 et
1267 1203 1405 1259 intra
1433 1203 1528 1274 ait,
1558 1202 1774 1273 petiisse
1800 1201 1878 1259 le-

265 1309 419 1366 gem,
450 1308 634 1366 quam
651 1290 892 1365 faceret
919 1290 1239 1364 dtla‘qeuclo,
1273 1295 1480 1348 nonin
1507 1294 1740 1348 timoris
1769 1308 1878 1349 an-

269 1385 510 1454 qustiis.
541 1387 704 1439 Nam
729 1385 830 1455 qui
863 1385 1072 1437 timore
1101 1397 1363 1455 poenae,
1399 1384 1508 1456 ait,
1547 1397 1694 1456 opus
1731 1380 1878 1454 leqis

259 1470 458 1544 facit,
492 1468 922 1542 invitussaeit,
956 1478 1067 1529 etc.
1097 1471 1355 1546 intelligit
1384 1487 1549 1547 ergo,
1581 1471 1784 1544 legem,
1817 1477 1881 1528 ut

272 1566 470 1634 terret,
513 1561 699 1634 cogit,
742 1567 800 1617 et
823 1559 1053 1617 invitum
1089 1559 1332 1632 inducit,
1362 1576 1470 1617 non
1500 1576 1620 1617 esse
1649 1561 1881 1632 positam

277 1651 465 1708 iusto:
510 1649 616 1707 hoc
655 1656 844 1708 autem
879 1656 997 1721 est,
1041 1648 1191 1724 quod
1234 1650 1553 1708 scholastici
1590 1649 1875 1721 dixerunt,

275 1755 392 1796 non
431 1738 634 1813 imponi
675 1737 857 1814 quoad
899 1740 1006 1796 vim
1047 1739 1389 1812 coactivam,
1431 1746 1489 1797 et
1528 1739 1670 1796 hanc
1711 1743 1881 1797 totam

280 1829 608 1887 sententiam
636 1829 926 1902 Augustini
962 1828 1124 1885 habet
1148 1828 1440 1886 Anselmus
1467 1829 1517 1884 in
1548 1830 1884 1901 expositione

277 1919 428 1976 illius
458 1919 585 1975 loci.
618 1919 680 1975 In
707 1918 898 1976 eadem
925 1919 1196 1975 sententia
1223 1925 1310 1976 est
1333 1917 1657 1976 Ambrosius
1696 1918 1787 1975 lib.
1823 1923 1878 1976 3.

283 2006 674 2082 officiorum,
713 2025 836 2081 cap.
874 2015 935 2075 5,
969 2024 1100 2066 cum
1127 2009 1383 2081 dixisset,
1415 2009 1622 2066 iustum
1649 2025 1758 2066 non
1785 2010 1886 2066 mi·

281 2115 392 2156 nus
419 2100 592 2156 vitare
631 2105 958 2171 peccatum,
997 2098 1042 2154 si
1067 2098 1244 2172 possit
1271 2099 1470 2168 latere,
1503 2115 1672 2172 quam
1702 2098 1746 2154 si
1775 2113 1887 2155 non

283 2190 494 2261 possit:
522 2194 660 2247 Non
695 2191 852 2246 enaim
889 2186 1128 2246 latebra
1162 2191 1420 2263 sapienti
1445 2203 1576 2264 spes
1603 2191 1888 2246 immuni-

286 2282 471 2346 tatis,
519 2277 623 2335 sed
659 2281 1005 2336 innocentia
1047 2283 1166 2346 est:
1193 2287 1249 2336 et
1275 2279 1593 2353 subiungit:
1625 2281 1888 2352 Denique

285 2367 392 2424 lea·
418 2383 542 2423 non
579 2371 732 2424 iusto
759 2373 848 2424 est
869 2371 1093 2441 posita,
1129 2366 1233 2424 sed
1255 2371 1494 2430 iniusto,
1529 2355 1676 2441 quia
1699 2371 1889 2425 iustus

283 2455 478 2529 leqem
503 2455 682 2514 habet
706 2459 918 2514 mentis
947 2471 1111 2524 suae,
1147 2459 1486 2529 aequitatis,
1521 2473 1596 2514 ac
1620 2460 1891 2515 iustitiae

283 2561 435 2604 suae
461 2561 758 2613 normam,
786 2543 1029 2618 ideoque
1047 2561 1168 2602 non
1187 2549 1399 2602 timore
1420 2544 1634 2622 culpae
1652 2563 1892 2605 revoca»

288 2641 396 2692 tur
423 2651 470 2692 a
495 2633 694 2710 culpa,
731 2633 834 2692 sed
857 2635 1180 2692 honestatis
1202 2633 1428 2710 requici.
1453 2636 1737 2702 Quomodo
1755 2636 1894 2693 dixit

286 2726 519 2783 Aristot.
551 2723 645 2781 lib.
686 2728 734 2782 1.
765 2725 1057 2782 Rhetoric.
1087 2738 1210 2796 cap.
1251 2727 1338 2796 14,
1369 2740 1494 2782 eum
1531 2740 1652 2782 esse
1678 2727 1890 2799 vitupe-

287 2814 562 2887 randum,
601 2814 696 2887 qui
727 2813 986 2870 iustitiam
1022 2813 1332 2870 secundum
1356 2810 1504 2885 leges
1541 2814 1772 2886 scriptas
1803 2830 1892 2871 so·

287 2901 574 2961 lummodo
616 2908 835 2974 servat,
878 2917 1005 2958 nam
1044 2903 1279 2974 scripta,
1319 2902 1496 2975 inquit
1522 2945 1536 2974 ‚
1568 2905 1750 2961 coacti
1776 2917 1890 2963 ser-

285 2998 451 3064 vant,
482 2991 676 3049 melior
703 2998 910 3064 autem,
943 2992 1040 3066 qui
1066 3006 1174 3046 non
1203 2997 1434 3048 coactus
1465 2993 1646 3048 iustus
1674 2999 1779 3050 est.

373 3087 426 3142 4.
461 3082 578 3139 Alia
617 3081 879 3153 expositio
919 3085 1036 3152 est,
1070 3081 1218 3137 iusto
1259 3073 1370 3137 ndn
1399 3095 1519 3138 esse
1548 3081 1720 3154 legem
1747 3083 1893 3155 posi-

294 3177 413 3229 tam
434 3215 450 3244 ,
491 3173 620 3245 quia
645 3187 754 3227 non
783 3169 915 3227 facit
939 3168 1096 3226 illum
1125 3185 1282 3226 reum
1311 3184 1540 3242 poenae,
1573 3185 1676 3226 nec
1703 3177 1790 3228 est
1822 3171 1892 3228 iili

289 3262 514 3329 nociva,
545 3260 640 3318 sed
669 3259 839 3333 utilis,
870 3265 926 3317 et
947 3257 1165 3315 videtur
1185 3257 1454 3332 quadrare
1479 3259 1781 3317 contextui.
1806 3260 1892 3317 Di·

288 3357 450 3408 xerat
488 3352 636 3407 enim
670 3348 908 3416 Paulus,
941 3347 1158 3404 bonam
1184 3362 1307 3404 esse
1334 3345 1545 3420 leqem,
1583 3351 1636 3404 si
1662 3352 1792 3421 quis
1818 3364 1893 3408 ea

289 3440 556 3514 legitime
588 3443 828 3506 utatur,
867 3437 1023 3512 quasi
1062 3436 1504 3510 subintelligens,
1536 3438 1584 3494 ei
1613 3454 1736 3494 esse
1761 3455 1892 3496 one-

289 3545 478 3586 rosam
499 3571 514 3601 ,
547 3536 604 3586 et
633 3544 736 3585 suo
763 3526 925 3585 modo
965 3526 1244 3598 nocivam,
1276 3527 1370 3600 qui
1397 3526 1537 3584 male
1566 3526 1654 3583 illa
1695 3529 1886 3586 utitur:

289 3623 361 3676 ut
386 3619 657 3692 significat
683 3618 974 3674 Anselmus
994 3657 1010 3689 ,
1037 3632 1166 3672 nam
1205 3617 1280 3672 ita
1317 3617 1566 3688 exponit:
1599 3620 1884 3687 Scientes,

289 3711 442 3782 quia
465 3711 621 3764 iusto
649 3723 770 3765 non
797 3710 884 3763 est
905 3705 1004 3762 lex
1029 3709 1254 3780 posita,
1290 3704 1357 3762 id
1382 3712 1469 3763 est
1489 3709 1789 3781 imposita,
1819 3714 1890 3766 ut

289 3813 485 3873 supra
510 3795 686 3854 illam
712 3799 821 3864 sit,·
849 3798 915 3852 in
953 3793 1070 3852 illa
1108 3799 1263 3853 enim
1303 3799 1390 3852 est
1419 3799 1653 3872 potius,
1703 3814 1889 3871 quam

289 3889 401 3946 sub
427 3887 567 3957 illa,
617 3889 761 3961 quia
799 3903 920 3943 non
961 3902 1076 3943 sua
1112 3889 1240 3943 vita
1263 3889 1427 3954 vivit,
1465 3888 1562 3943 cui
1589 3885 1894 3945 coercendi

290 3977 391 4036 lex
428 3980 786 4052 imponitur:
825 3975 1084 4034 iniustus
1121 3991 1257 4032 vero
1295 3976 1406 4032 sab
1447 3975 1562 4033 illa
1598 3982 1716 4038 est,
1751 3979 1894 4050 quia

290 4083 414 4125 sua
437 4070 570 4124 vita
592 4069 764 4133 vivit,
803 4068 902 4122 cai
925 4063 1234 4122 coercendi
1263 4062 1361 4121 leae
1388 4067 1736 4138 imponitur.
1769 4066 1891 4122 Cla-

291 4158 413 4214 rius
442 4155 717 4226 expressit
743 4153 890 4211 hunc
921 4169 1144 4210 sensum
1169 4151 1402 4210 Salvian.
1437 4153 1526 4210 lib.
1565 4158 1617 4210 5.
1651 4152 1723 4210 de
1752 4170 1894 4228 pro·

287 4244 518 4304 vident.
549 4244 600 4301 in
630 4244 924 4316 principio,
959 4242 1051 4300 ubi
1093 4243 1498 4314 reprehendens
1526 4259 1656 4316 eos,
1687 4245 1783 4316 qui
1815 4243 1895 4300 di·

291 4334 535 4404 cebant,
579 4331 834 4390 mandata
872 4332 966 4389 Dei
1007 4345 1209 4388 nocere
1250 4330 1564 4388 christianis
1589 4371 1605 4404 ,
1645 4332 1742 4402 qui
1785 4347 1893 4388 non

291 4427 522 4481 servant
560 4421 681 4495 illa,
727 4422 858 4494 quia
895 4421 1118 4494 gravius
1159 4421 1488 4494 punientur,
1520 4436 1686 4494 quam
1731 4421 1774 4477 si
1805 4421 1896 4478 illa

291 4515 646 4586 ignorarent,
677 4509 1000 4582 respondet,
1031 4525 1142 4566 non
1169 4508 1343 4582 legem
1384 4524 1588 4567 nocere
1607 4551 1622 4580 ,
1652 4510 1749 4567 sed
1780 4527 1894 4568 mo-

291 4617 386 4658 res
403 4643 419 4672 ,
451 4607 508 4658 et
533 4599 600 4657 ad
629 4600 738 4657 hoc
767 4599 995 4657 adducit
1019 4598 1169 4657 dicta
1189 4598 1354 4655 verba
1373 4598 1558 4667 Pauli,
1589 4604 1646 4655 et
1671 4599 1898 4657 subiun-

292 4694 401 4767 git:
442 4695 638 4751 Iustus
667 4705 789 4747 esse
815 4691 1038 4767 incipe,
1073 4693 1128 4745 et
1153 4691 1269 4745 eris
1294 4686 1444 4744 liber
1469 4703 1513 4744 a
1538 4685 1662 4760 leqe
1680 4732 1694 4755 ,
1729 4689 1785 4746 id
1811 4696 1898 4747 est

293 4800 328 4840 a
356 4797 530 4854 poena
571 4779 735 4854 legis,
776 4782 920 4853 quia
958 4794 1082 4835 non
1109 4782 1305 4852 potest
1331 4779 1526 4833 venire
1561 4774 1662 4833 lea·
1689 4784 1900 4838 contra

293 4887 515 4938 mores,
563 4885 720 4943 quae
755 4872 885 4926 iam
923 4867 1174 4925 hahetur
1213 4871 1278 4923 in
1318 4867 1602 4924 sororibus.
1648 4868 1718 4923 Et
1755 4868 1896 4924 infra

291 4958 628 5032 expendens,
665 4957 814 5031 quod
840 4957 1046 5015 Paulus
1073 4957 1167 5030 ait,
1199 4955 1372 5029 legem
1401 4970 1522 5012 esse
1553 4956 1784 5026 positam
1809 4959 1898 5012 in-

291 5052 500 5116 iustis,
547 5045 885 5115 sceleratis,
935 5051 992 5102 et
1017 5049 1069 5102 si
1095 5044 1238 5120 quid
1265 5043 1438 5102 aliud
1463 5058 1654 5100 sanae
1682 5042 1900 5103 doctri-

295 5155 416 5196 nae
441 5136 834 5204 adversatur,
871 5133 1188 5191 concludit:
1220 5137 1312 5190 Ac
1347 5148 1456 5208 per
1489 5133 1600 5190 hoc
1624 5150 1744 5191 non
1770 5140 1899 5192 tam

298 5227 396 5286 lex
421 5226 530 5285 tibi
544 5268 561 5292 ,
596 5242 631 5280 ο
657 5225 831 5283 homo
845 5267 859 5290 ‚
895 5237 1082 5298 quam
1121 5227 1188 5278 tu
1213 5221 1330 5296 leqi
1369 5219 1752 5291 adversaris,·
1793 5239 1901 5280 nee

975 5386 990 5415 Ι

1188 6185 1329 6200 ‘m-

3380 347 3464 414 69
3562 355 3569 364 ’

1942 482 2044 543 lex
2084 488 2298 544 contra
2338 488 2395 544 te
2438 483 2576 545 bene
2610 485 3058 564 praecipiendo,
3106 486 3210 548 sed
3238 493 3306 548 tu.
3334 487 3547 549 contra

1941 572 2126 647 legem
2151 574 2316 633 male
2342 575 2589 634 vivendo
2616 580 2769 650 aqis.
2814 580 2967 636 lianc
3008 579 3177 638 etiam
3218 581 3546 653 inter-preta-
3642 577 3647 581 ’

1941 663 2145 720 tionem
2174 664 2456 738 amplexus
2484 671 2571 723 est
2612 667 2783 724 divus'
2810 669 3152 742 Augustinus
3180 669 3249 728 ad
3276 670 3447 728 Galat.
3480 674 3539 741 2,

1939 757 1998 808 et
2014 751 2176 810 divus
2196 754 2509 812 Bernardus
2532 757 2763 826 epistola
2796 757 2863 814 ad
2884 758 3311 818 Carthusianum
3339 767 3397 818 et
3418 759 3547 816 Gui-

1941 841 2170 913 donem,
2197 858 2339 917 quos
2380 849 2573 916 postea
2614 852 2843 902 secutus
2884 854 2971 904 est
3010 846 3167 905 divus
3208 849 3443 906 Thomas
3474 850 3544 907 ad

1941 931 2179 989 Timoth.
2211 937 2261 991 1.
2288 932 2414 988 lect.
2436 937 2491 990 3.
2508 936 2692 992 Potest
2715 950 2843 992 vero
2869 935 3005 994 haec
3026 939 3288 1007 expositio
3309 938 3378 995 ad
3400 939 3545 1010 prio·

1941 1034 2060 1075 rem
2100 1019 2326 1092 reduci,
2369 1022 2472 1079 nisi
2516 1022 2664 1095 quod
2706 1022 2811 1079 hoc
2841 1023 3039 1096 modo,
3084 1025 3257 1096 legem
3288 1041 3397 1082 non
3423 1041 3545 1083 esse

1943 1109 2178 1181 positam
2206 1111 2384 1184 iusto,
2416 1110 2561 1168 idem
2590 1118 2706 1185 est,
2739 1113 2890 1184 quod
2917 1128 3029 1170 non
3069 1113 3347 1172 adversari
3374 1117 3543 1188 iusto,

1946 1205 2002 1255 et
2029 1215 2138 1255 non
2168 1201 2359 1271 punire
2390 1201 2574 1258 illum:
2610 1201 2764 1259 iuxta
2791 1203 3027 1275 priorem
3051 1210 3230 1260 autem
3253 1205 3547 1276 expositio-

1946 1304 2104 1360 nem,
2139 1288 2317 1364 legem
2359 1305 2467 1346 non
2508 1291 2711 1363 imponi
2751 1292 2896 1349 iusto
2933 1291 3078 1350 idem
3116 1301 3232 1362 est,
3262 1293 3412 1366 quod
3437 1310 3547 1351 non

1947 1385 2171 1450 propter
2198 1379 2355 1436 illum
2382 1396 2624 1451 poenanv
2641 1382 2869 1452 minari3
2902 1388 3203 1454 utrumque
3226 1389 3412 1440 autem
3440 1389 3544 1451 est,

1945 1483 2055 1524 non
2081 1483 2342 1527 exercere
2371 1469 2425 1526 in
2451 1470 2611 1528 illum
2638 1486 2753 1528 uno
2796 1471 2881 1528 vel
2925 1472 3029 1530 alio
3058 1471 3223 1529 modo
3252 1489 3410 1530 suam
3438 1473 3548 1529 vim

1947 1557 2275 1614 coactivam.

2029 1653 2082 1705 5.
2115 1648 2220 1705 Sed
2248 1647 2375 1707 licet
2394 1649 2527 1707 haec
2550 1649 2849 1722 probabilia
2871 1651 2977 1708 sint
2996 1651 3122 1708 etin
3147 1666 3205 1708 se
3229 1667 3382 1723 vera,
3407 1652 3549 1708 forte

1949 1753 2050 1810 pro
2081 1737 2203 1795 loco
2232 1739 2383 1796 Pauli
2412 1754 2522 1795 non
2550 1745 2680 1797 sunt
2708 1741 3035 1797 necessaria.
3067 1741 3203 1808 Quia
3230 1757 3451 1812 censeo,
3481 1741 3551 1798 ad

1950 1825 2189 1884 litteram
2215 1827 2371 1902 loqui
2398 1827 2465 1884 de
2494 1829 2613 1900 lege
2642 1831 2868 1902 scripta,
2896 1836 2951 1887 et
2976 1829 3046 1886 ibi
3075 1846 3181 1886 non
3203 1829 3549 1888 considerare

1949 1917 2005 1972 in
2032 1915 2153 1990 illa,
2185 1918 2335 1991 quod
2362 1918 2531 1975 suerit
2556 1918 2642 1976 lex
2670 1920 2904 1991 timoris,
2932 1919 3017 1976 vel
3040 1919 3187 1994 quod
3210 1921 3402 1992 puniat
3421 1937 3548 1992 pec-

1952 2012 2200 2074 catores,
2232 2012 2288 2063 et
2315 2022 2424 2063 non
2449 1999 2655 2078 iustos,
2686 2007 2835 2080 quod
2866 2024 3163 2066 commune
3189 2016 3276 2067 est
3304 2010 3447 2066 omni
3476 2011 3550 2066 le-

1953 2095 2036 2168 gi,
2075 2101 2133 2153 et
2157 2103 2269 2152 tam
2298 2096 2514 2153 clarum
2541 2105 2599 2155 et
2637 2099 2983 2170 superfluum
3023 2098 3304 2172 videatur,
3337 2107 3393 2158 et
3419 2098 3551 2156 nihii

1955 2186 2247 2244 conserens
2277 2185 2343 2243 ad
2385 2187 2742 2244 intentionem
2780 2188 2966 2260 Paun3
3013 2188 3109 2246 sed
3150 2189 3551 2262 considerasse,

1956 2275 2132 2350 legem
2161 2277 2308 2334 iliam
2345 2293 2455 2333 non
2496 2293 2617 2334 esse
2662 2292 2758 2347 per
2799 2293 2859 2334 se
2887 2277 3070 2336 datam
3098 2285 3324 2351 propter
3353 2281 3549 2351 iustos,

1957 2364 2054 2421 sed
2079 2372 2309 2437 propter
2335 2371 2680 2436 peccatores.
2712 2365 2847 2424 Lata
2872 2373 2954 2424 est
2982 2370 3129 2424 enim
3156 2367 3245 2427 lex
3266 2368 3353 2426 illa
3376 2367 3445 2424 ad
3468 2382 3553 2423 re-

1957 2453 2254 2512 trahendos
2282 2454 2515 2512 ludaeos
2537 2471 2568 2511 a
2592 2455 3217 2529 peccatisidololatriae,
3248 2465 3307 2515 et
3334 2457 3449 2514 aliis
3477 2456 3573 2530 vig

1956 2543 2042 2598 tiis
2058 2583 2073 2614 ,
2105 2542 2174 2600 ad
2201 2559 2343 2617 quae
2364 2551 2524 2601 erant
2552 2545 2786 2601 maxime
2808 2546 3083 2618 propensi.
3108 2548 3208 2604 Cui
3230 2546 3554 2618 expositioni

1959 2631 2255 2689 subscribit
2274 2632 2469 2705 Epiph.
2503 2633 2593 2689 lib.
2628 2637 2683 2691 2.
2715 2637 2932 2692 contra
2950 2637 3184 2693 haeres.
3212 2635 3424 2693 haeres.
3457 2638 3550 2693 66.

1959 2721 2029 2779 ad
2055 2721 2245 2794 finem,
2278 2721 2555 2795 explicans
2587 2723 2737 2782 hunc
2760 2723 2943 2781 locum
2966 2724 3135 2782 Pauli.
3170 2724 3557 2800 Quandoqui-

1957 2811 2118 2877 dem,
2153 2811 2361 2884 inquit,
2388 2815 2539 2868 iusto
2566 2827 2687 2869 non
2713 2816 2801 2870 est
2820 2811 2919 2870 lex
2940 2816 3168 2888 posita,
3196 2816 3439 2886 iniquas
3465 2829 3557 2869 er-

1957 2915 2031 2972 qo
2058 2903 2145 2956 est
2168 2903 2360 2957 iustus
2374 2901 2407 2956 i?
2433 2899 2621 2958 Absit.
2652 2901 2771 2960 Sed
2790 2907 3071 2974 quoniam
3092 2905 3443 2978 anticipavit
3466 2905 3557 2959 ia-

1958 2993 2084 3046 stus
2105 2989 2391 3062 perficere
2426 3005 2529 3058 ea,
2580 3007 2731 3064 quae
2772 2999 2909 3049 sunt
2927 2992 3119 3066 Jeqis,
3168 3010 3289 3050 non
3328 2997 3415 3051 est
3453 2991 3555 3050 lea·

1959 3083 2174 3136 contra
2196 3082 2448 3146 iustam,
2482 3083 2583 3152 qui
2591 3079 2745 3153 fecit
2771 3079 2989 3155 leqem;
3014 3099 3219 3139 ver-um
3236 3067 3445 3158 posi'ta
3470 3085 3555 3139 est

1960 3172 2173 3224 contra
2194 3184 2315 3236 eos,
2344 3172 2443 3242 qui
2464 3167 2859 3242 deliquerunt,
2886 3170 3170 3228 iudicans
3196 3176 3448 3245 iniquos;
3470 3175 3557 3228 sic

1961 3257 2148 3328 iqitur
2178 3262 2235 3312 et
2262 3261 2681 3314 testamentum
2697 3303 2713 3325 ,
2745 3259 2905 3315 iubet
2931 3264 3088 3317 enim
3106 3260 3441 3318 homicidas
3462 3276 3557 3315 oc-

1961 3342 2111 3412 cidi,
2160 3351 2277 3403 etc.
2322 3349 2612 3403 Praeterea
2640 3347 2996 3406 confirmatur
3036 3353 3170 3407 haec
3196 3350 3461 3422 expositio
3489 3365 3555 3406 ex

1959 3435 2052 3492 illo
2075 3435 2145 3492 ad
2168 3435 2345 3493 Galat.
2371 3451 2495 3508 cap.
2516 3440 2568 3493 3:
2598 3435 2759 3511 Quid
2775 3440 2964 3510 ἐρίων
2982 3437 3081 3495 lea·
3098 3423 3340 3514 propter
3360 3443 3558 3496 trans-

1959 3527 2321 3598 9ressionem
2340 3527 2549 3598 posita
2575 3531 2689 3596 est,
2722 3525 2775 3582 id
2794 3533 2909 3598 est,
2936 3529 3223 3584 occasione
3244 3534 3557 3602 transgres-

1962 3617 2213 3686 sionum,
2244 3621 2301 3671 et
2326 3616 2395 3672 ad
2423 3615 2733 3672 coercenda
2763 3615 3043 3676 hominum
3069 3619 3197 3674 vitia
3233 3619 3334 3674 suit
3357 3619 3555 3689 posita,

1960 3710 2027 3761 ut
2050 3704 2427 3780 Chrysostom.
2466 3709 2575 3761 tam
2601 3704 2674 3761 ibi
2702 3704 2768 3761 ad
2798 3705 2971 3762 Galat.
3009 3711 3064 3779 3,
3095 3721 3260 3780 quam
3290 3706 3378 3763 hic
3414 3711 3461 3765 1.
3488 3705 3560 3762 ad

1960 3793 2190 3851 Timoth.
2222 3799 2280 3850 et
2306 3793 2395 3850 alii
2426 3797 2611 3866 graeci
2640 3800 2698 3852 et
2722 3795 3083 3872 Hieronymus
3125 3800 3428 3866 exponunt.
3458 3795 3556 3852 Vel

1961 3890 2139 3955 potest
2162 3883 2360 3956 exponi
2390 3897 2520 3940 cum
2542 3884 2880 3957 Augustino,
2906 3889 3147 3958 propter
3168 3887 3562 3958 tranqressio-

1960 3989 2129 4046 nem,
2159 3973 2213 4030 id
2241 3979 2355 4046 est,
2388 3980 2449 4030 ut
2486 3973 2926 4030 manifestaretur
2962 3981 3255 4046 peccatum
3294 3980 3351 4031 et
3390 3974 3563 4031 homi-

1963 4079 2094 4120 num
2127 4063 2389 4136 fragilitas
2432 4061 2497 4118 ad
2540 4061 2869 4119 vincendum
2907 4063 3063 4118 illud.
3094 4064 3233 4130 Quia
3260 4078 3391 4135 ergo
3420 4065 3561 4121 Pau-

1963 4151 2050 4208 lus
2080 4152 2129 4207 in
2163 4151 2287 4208 loco
2307 4192 2323 4225 ,
2355 4166 2522 4225 quem
2563 4156 2868 4208 tractamus
2887 4194 2901 4222 ,
2932 4151 3362 4225 reprehenderat
3389 4168 3560 4209 vanos

1965 4240 2097 4314 legis
2137 4238 2427 4310 doctores,
2471 4240 2567 4314 qui
2610 4255 2718 4296 uon
2758 4239 3157 4313 intelligebant,
3200 4256 3379 4314 neque
3419 4257 3561 4314 quae

1965 4323 2364 4402 loquerentur,
2395 4343 2574 4402 neque
2602 4344 2697 4400 ea,
2743 4344 2885 4401 quae
2929 4329 3304 4402 affirmabant,
3336 4329 3563 4387 subiun-

1963 4419 2078 4492 git,
2108 4402 2562 4474 hunc’dei'ectum
2602 4433 2724 4473 esse
2764 4432 2831 4473 ex
2872 4423 3025 4489 parte
3064 4433 3257 4474 eorum
3282 4457 3299 4490 ,
3344 4434 3454 4475 non
3494 4433 3561 4475 ex

1965 4513 2118 4580 parte
2146 4507 2310 4581 legis,
2345 4508 2473 4580 quia
2501 4504 2599 4562 lea·
2628 4505 2782 4562 bona
2808 4510 2918 4575 est,
2956 4509 3166 4580 siquis
3204 4523 3277 4564 ea
3303 4505 3563 4580 leqitime

1963 4602 2195 4655 utatur.
2229 4598 2300 4654 Et
2326 4603 2732 4668 consequenter
2754 4595 3015 4670 adiungit,
3034 4597 3166 4670 quid
3189 4599 3561 4656 necessarium

1968 4689 2037 4743 sit
2058 4685 2123 4743 ad
2149 4700 2217 4743 ea
2236 4686 2475 4760 legitime
2506 4684 2793 4756 utendum,
2816 4687 3093 4758 nimirum,
3124 4689 3392 4750 scientes,
3419 4691 3565 4760 quia

1970 4773 2069 4830 lea·
2097 4777 2253 4831 iusto
2286 4790 2407 4831 non
2430 4779 2515 4831 est
2531 4777 2762 4849 posita,
2798 4775 2852 4831 id
2890 4782 2978 4832 est
3016 4791 3124 4831 non
3164 4777 3451 4833 occasione
3480 4778 3563 4833 iu-

1967 4870 2211 4937 storum,
2244 4866 2374 4938 quia
2398 4865 2489 4924 ilia
2515 4881 2626 4921 non
2654 4863 2994 4937 indigebant,
3022 4864 3116 4921 sed
3135 4871 3383 4940 propter
3409 4869 3564 4922 iniu-

1967 4958 2112 5020 stos,
2149 4952 2533 5018 idololatras,
2568 4959 2681 5009 etc.
2722 4951 3163 5026 subintelligens,
3209 4955 3253 5009 si
3294 4956 3423 5026 quis
3453 4954 3561 5011 hoc

1968 5044 2137 5113 sciat,
2172 5042 2405 5114 legitime
2435 5057 2673 5099 usurum
2702 5043 2848 5115 lege,
2880 5040 2935 5098 d.
2968 5041 3202 5098 Thomas
3232 5042 3303 5098 ibi
3329 5043 3423 5115 ait,
3453 5059 3561 5100 non

1967 5131 2094 5204 plus
2119 5132 2169 5188 ei
2201 5131 2507 5203 tribuendo,
2534 5146 2701 5204 quam
2728 5130 2881 5203 quod
2906 5129 2954 5188 ei
2976 5130 3259 5202 convenit,
3290 5147 3398 5188 non
3418 5133 3562 5188 enim

1971 5228 2059 5279 est
2085 5221 2213 5278 data
2241 5228 2469 5294 propter
2498 5235 2655 5278 suam
2683 5219 3098 5293 perfectionem,
3151 5220 3247 5279 sed
3287 5225 3351 5278 ut
3376 5235 3475 5294 per
3499 5220 3562 5278 ii-
