4325 6267
1674 279 1701 311 0

1774 344 1985 393 CAPUT
2014 345 2159 394 xlv.

319 476 436 547 tiis,
470 479 533 531 ut
558 473 697 531 satis
723 472 1051 546 explicatum
1078 477 1196 544 est3
1229 470 1410 529 solum
1435 468 1579 527 enim
1606 470 1712 527 hoc
1740 468 1905 527 modo

318 568 624 625 inseruntur
668 564 803 621 tales
842 563 1227 622 conclusiones
1266 562 1579 620 necessario
1609 577 1675 618 ex
1703 562 1907 634 princi-

316 658 415 732 piis
453 655 831 727 naturalibus,
877 660 930 712 et
970 670 1081 712 nou
1118 654 1275 711 aliter
1301 658 1433 710 sunt
1460 652 1727 710 naturalia
1752 666 1909 724 prae-

317 754 508 823 cepta,
538 748 644 804 nisi
676 754 739 805 ut
766 763 833 803 ex
860 744 961 802 illis
988 746 1275 818 principiis
1300 744 1611 801 necessario
1639 742 1909 815 colligun-

318 848 429 897 tur.
462 840 533 895 Et
560 836 679 895 ideo
704 837 869 895 etiam
900 852 1008 891 non
1038 835 1249 908 obstat,
1274 833 1422 908 quod
1452 833 1677 891 materia
1698 834 1908 889 sitmu·

321 929 496 989 tabilis
517 968 533 1001 ,
556 944 680 985 nam
710 927 797 985 lex
828 924 1089 983 naturalis
1116 924 1384 981 discernit
1408 922 1827 981 mutabilitatem
1856 923 1910 978 in

318 1022 435 1094 ipsa
465 1022 719 1090 materia,
744 1023 800 1074 et
830 1018 983 1073 iuxta
1010 1014 1153 1073 illam
1182 1013 1563 1071 accommodat
1590 1012 1905 1085 praecepta,

320 1126 445 1167 nam
479 1107 682 1183 >aliquid
722 1107 981 1180 praecipit
1014 1107 1066 1161 in
1098 1104 1186 1162 illa
1214 1104 1439 1161 materia
1466 1119 1567 1175 pro
1602 1118 1709 1158 uno
1736 1107 1906 1174 statu,

319 1207 377 1257 ct
403 1198 550 1256 aliud
582 1214 682 1271 pro
711 1197 838 1269 alio,
866 1203 921 1253 et
948 1195 1020 1253 ita
1046 1196 1160 1268 ipsa
1190 1196 1243 1250 in
1272 1210 1330 1250 se
1360 1199 1540 1251 manet
1568 1208 1784 1263 semper
1810 1192 1911 1249 im-

324 1296 567 1362 mutata,
614 1288 741 1345 licet
779 1286 962 1361 quoad
1002 1294 1254 1344 nostrum
1282 1284 1503 1342 modum
1536 1282 1827 1357 loquendi,
1856 1288 1913 1339 et

326 1398 422 1455 per
464 1380 955 1439 denominationem
996 1378 1358 1436 extrinsecam
1397 1376 1553 1451 quasi
1594 1374 1790 1432 mutari
1832 1376 1911 1431 vi·

324 1474 537 1531 deatur.

408 1568 464 1623 6.
498 1562 613 1620 Alia
632 1560 930 1620 difficultas
952 1560 1037 1617 hic
1060 1559 1414 1631 occurrebat,
1440 1556 1567 1631 quia
1588 1554 1805 1612 videtur
1825 1555 1909 1611 lex

334 1662 563 1713 naturae
592 1669 752 1726 posse
780 1650 845 1707 de
874 1649 1141 1708 mentibus
1168 1648 1445 1707 hominum
1471 1645 1657 1719 deleri,
1689 1660 1753 1701 ac
1783 1645 1913 1701 sub·

322 1746 445 1803 inde
472 1760 593 1802 esse
632 1742 909 1800 mutabilis
937 1740 1093 1815 quasi
1123 1755 1222 1813 per
1250 1740 1649 1811 separationem
1678 1751 1709 1792 a
1736 1735 1914 1791 subie-

322 1844 417 1895 cto
441 1878 457 1905 ,
487 1836 633 1893 sicut
658 1834 915 1905 scientia,
940 1847 1081 1906 quae
1110 1848 1177 1889 ex
1205 1836 1357 1903 parte
1378 1828 1575 1887 obiecti
1602 1826 1912 1883 immutabi-

322 1928 386 1985 lis
415 1927 663 1984 veritatis
698 1930 819 1995 est,
846 1924 897 1981 in
928 1922 1175 1979 subiecto
1202 1920 1483 1991 corrumpi
1510 1923 1690 1990 potest
1709 1932 1808 1990 per
1827 1932 1916 1973 er·

310 1994 528 2075 rorem.
555 2015 663 2073 Sed
690 2014 827 2071 haec
851 2012 1164 2084 difficultas,
1186 2016 1453 2085 quantum
1474 2008 1543 2065 ad
1563 2022 1677 2065 rem
1698 2009 1911 2081 attinet,

324 2109 663 2166 sufficienter
708 2112 858 2163 tacta
898 2109 985 2161 est
1020 2117 1187 2185 supra
1215 2117 1339 2173 cap.
1371 2101 1521 2170 vlli,
1564 2100 1651 2156 ubi
1679 2098 1917 2156 diximus

322 2199 391 2255 de
412 2196 747 2271 ignorantia,
784 2210 927 2269 quae
946 2195 999 2250 10
1022 2192 1159 2249 hanc
1183 2192 1359 2265 legem
1388 2190 1584 2249 cadere
1607 2196 1804 2263 potest.
1830 2190 1919 2247 Di-

325 2291 507 2346 cimus
540 2302 673 2361 ergo
700 2285 972 2357 breviter,
1005 2282 1179 2355 legem
1210 2281 1349 2339 hanc
1376 2296 1484 2338 non
1513 2297 1671 2353 posse
1701 2282 1918 2339 omnino

326 2380 497 2438 deleri
545 2378 613 2435 de
663 2376 936 2435 mentibus
982 2373 1296 2444 hominum,
1339 2370 1519 2446 quoad
1566 2372 1744 2445 aliqua
1792 2387 1918 2428 vero

324 2474 615 2544 praecepta
667 2483 831 2540 posse
870 2465 1144 2539 ignorari,
1174 2469 1230 2520 et
1256 2463 1487 2519 sortasse
1518 2478 1625 2519 non
1652 2462 1720 2518 ab
1748 2462 1920 2518 omni-

326 2562 430 2617 hus
468 2559 798 2616 hominibus.
852 2556 989 2613 Nam
1029 2554 1154 2611 licet
1191 2551 1461 2627 quaedam
1502 2557 1690 2626 gentes
1734 2557 1921 2608 errent

324 2652 477 2711 circa
524 2664 696 2707 unum
733 2652 1124 2720 praeceptum,
1156 2643 1287 2703 aliae
1318 2644 1469 2699 circa
1497 2641 1641 2699 aliud
1662 2682 1677 2713 ,
1710 2641 1919 2699 nullum

330 2752 513 2803 tamen
554 2756 675 2797 esse
704 2738 917 2795 videtur
937 2778 953 2809 ,
983 2734 1132 2809 quod
1170 2752 1277 2793 non
1307 2733 1577 2808 aliquibus
1608 2733 1798 2790 saltem
1826 2732 1922 2789 ho-

330 2833 568 2893 minibus
596 2846 693 2904 per
722 2829 906 2887 lumen
927 2826 1177 2885 naturale
1200 2824 1601 2897 manifestetur3
1628 2831 1686 2882 et
1709 2824 1813 2881 hoc
1836 2839 1923 2881 sa-

332 2928 404 2984 tis
443 2930 563 2999 est,
608 2928 673 2979 ut
712 2920 1029 2993 simpliciter
1067 2918 1175 2975 dici
1214 2920 1418 2990 possit,
1458 2916 1670 2974 nullum
1698 2932 1923 2989 praece·

331 3024 487 3091 ptum
532 3012 785 3071 naturale
826 3009 1064 3068 totaliter
1103 3008 1303 3079 deleri,
1336 3008 1499 3065 etiam
1540 3022 1639 3079 per
1675 3006 1924 3079 ignoran-

336 3109 483 3166 tiam.
522 3100 679 3163 'Addo
706 3118 837 3159 vero
856 3144 871 3173 ,
903 3116 999 3173 per
1027 3115 1271 3156 errorem
1290 3140 1305 3171 ,
1328 3099 1411 3155 vel
1434 3098 1790 3170 ignorantiam
1814 3113 1921 3153 non

333 3196 530 3256 mutari
570 3195 743 3269 legem
770 3193 821 3248 in
842 3206 931 3265 se,
957 3189 1051 3247 sed
1074 3188 1378 3259 occultari,
1404 3203 1501 3245 seu
1527 3188 1746 3257 nesciri,
1774 3185 1922 3261 quod

336 3291 495 3363 longe
527 3286 804 3343 diversum
830 3288 939 3339 est.
962 3282 1098 3337 Nam
1126 3280 1251 3336 licet
1271 3280 1451 3336 omnia
1472 3276 1767 3352 praecepta
1793 3276 1925 3351 legis

338 3377 596 3437 naturalis
643 3376 750 3431 sint
788 3370 1171 3444 immutabilia,
1214 3385 1324 3427 000
1367 3377 1547 3427 tamen
1587 3369 1765 3426 omnia
1792 3377 1927 3427 sunt

336 3484 510 3543 aeque
546 3472 709 3537 nota,
735 3470 795 3523 et
819 3463 938 3521 ideo
964 3462 1346 3519 inconveniens
1374 3476 1481 3517 non
1510 3468 1625 3533 est,
1659 3468 1718 3517 ut
1746 3460 1928 3533 aliqua

336 3558 573 3634 ignorari
626 3556 859 3631 possint.
909 3554 1027 3611 Alia
1076 3551 1372 3611 difficultas
1421 3551 1505 3608 hic
1554 3551 1803 3610 occurrit
1858 3552 1926 3609 de

336 3652 559 3725 epiikia,
583 3664 723 3723 quae
746 3646 959 3721 gravior
986 3650 1100 3717 est,
1123 3650 1180 3701 et
1208 3643 1484 3715 propriam
1506 3642 1927 3716 disputationem

336 3741 594 3819 requirit,
631 3755 797 3814 quam
823 3737 965 3796 infra
991 3752 1117 3809 cap.
1144 3735 1282 3793 XVI.
1314 3732 1615 3792 trademus.

894 3916 1173 3987 CAPUT
1202 3914 1381 3984 XIV.

345 4124 567 4183 Utrum
586 4120 681 4178 ius
700 4112 981 4175 naturale
1002 4118 1255 4182 mutare,
1272 4110 1369 4170 vel
1386 4110 1725 4187 dispensari
1736 4115 1934 4191 possit

698 4223 816 4283 per
840 4207 1177 4265 humanam
1195 4208 1566 4279 potestatem.

901 4382 1385 4450 summarium

342 4581 393 4632 1.
420 4578 602 4645 Opinio
625 4587 877 4638 asserens,
904 4573 985 4623 ius
1003 4572 1240 4623 naturale
1264 4582 1363 4621 non
1389 4581 1535 4635 posse
1554 4570 1606 4621 in
1632 4569 1932 4635 particulari

410 4665 503 4717 per
546 4652 849 4713 potestatem
892 4644 1160 4694 humanam
1198 4642 1501 4707 dispensari.
1522 4640 1663 4691 -—·2.
1704 4640 1935 4693 Secunda

410 4722 581 4786 opinio
604 4717 937 4777 communior,
963 4726 1093 4779 quae
1118 4713 1301 4763 asserit
1317 4748 1332 4775 ,
1354 4712 1433 4763 ius
1459 4712 1694 4763 naturale
1718 4713 1771 4762 in
1792 4712 1935 4763 nulio

411 4796 686 4857 praecepto
710 4800 857 4853 posse
886 4786 995 4836 tolli
1023 4785 1104 4834 vei
1126 4782 1407 4847 dispensari
1442 4794 1533 4847 per
1558 4781 1823 4831 humanam
1850 4795 1937 4846 po·

417 4867 671 4913 testatem.
689 4886 754 4895 --
773 4856 825 4908 3.
852 4855 1046 4918 Quibus
1066 4854 1225 4905 modis
1246 4852 1428 4903 cadere
1449 4854 1607 4915 possit
1626 4851 1821 4916 aliquid
1840 4853 1937 4902 sub

413 4933 494 4983 ius
517 4928 915 4982 naturale—4.
939 4922 1484 4975 Animadversio.—-5.
1514 4922 1679 4972 Prima
1697 4924 1932 4973 assertio:

414 5003 563 5054 Nulla
598 5006 767 5065 potest
802 4997 1017 5047 humana
1054 5001 1280 5059 potestas
1302 4991 1507 5057 aliquod
1533 4994 1767 5043 naturale
1792 5006 1937 5057 prae-

416 5078 622 5137 ceptum
662 5071 932 5131 abrogare.
953 5092 1024 5103 —-·
1042 5066 1094 5117 6.
1139 5065 1387 5116 obiectio.
1412 5090 1482 5099 —
1504 5062 1553 5113 7.
1599 5062 1844 5113 Solvitur.
1866 5090 1937 5101 -

416 5146 469 5195 8.
497 5140 729 5194 Secunda
765 5139 1008 5189 assertio:
1050 5136 1265 5187 Possunt
1302 5131 1571 5199 aliquando
1594 5146 1685 5197 per
1710 5132 1937 5185 homines

418 5211 701 5278 dispensari
737 5212 1007 5273 praecepta
1033 5207 1160 5257 iuris
1184 5204 1461 5264 naturaliS,
1486 5216 1616 5267 quae
1639 5203 1859 5267 pendent
1886 5205 1937 5253 in

420 5296 511 5335 sua
534 5280 850 5345 obligatione
875 5292 904 5329 a
928 5290 1176 5330 censensu
1200 5274 1642 5328 voluntatis-9.
1664 5274 1835 5325 Tertia
1861 5286 1939 5324 as-

3371 331 3600 395 125·

2048 472 2238 525 sertio:
2279 472 2378 525 Per
2414 474 2493 525 ius
2527 471 2800 527 humanum
2833 476 3046 527 materia
3071 475 3199 527 iuris
3223 476 3472 529 naturalis
3496 477 3570 528 ita

2044 545 2233 595 mutari
2257 550 2456 608 potest,
2483 551 2541 595 ut
2577 546 2776 597 ratione
2801 547 2940 597 illius
2965 547 3196 597 varietur
3219 548 3468 611 obligatio
3491 548 3570 598 iu-

2044 614 2118 665 ris
2160 615 2430 667 naturalis.
2449 642 2522 652 —
2543 617 2626 667 10.
2655 612 2847 667 satisfit
2888 618 3234 681 argumentis,
3261 624 3314 668 et
3357 618 3416 667 ad
3463 619 3567 683 pri-

2044 686 2378 735 mum—11.
2402 686 2671 737 Distinetio
2693 688 2824 737 iuris
2847 688 3096 738 naturalis
3122 688 3174 737 in
3200 689 3495 749 negativum
3515 694 3570 739 et

2044 755 2338 819 positivum.
2357 782 2430 791 —
2447 756 2634 807 Rerum
2669 756 2852 808 divisio
2884 772 2984 809 non
3007 764 3087 808 est
3113 766 3290 808 contra
3317 759 3397 809 ius
3423 765 3572 808 natu-

2046 826 2154 875 rale
2181 826 2655 890 positivum—12.
2681 827 2914 878 Fortunii
2939 830 3252 878 obiectiones
3276 836 3454 879 contra
3480 830 3570 879 da-

2048 900 2151 945 tam
2175 896 2658 947 doctrinam—13.
2685 896 2876 947 satisfit
2901 899 3305 961 obiectionibus,
3331 905 3384 951 et
3411 900 3571 961 magis

2044 964 2278 1015 doctriua
2303 967 2690 1029 explicatur.-
2713 968 2796 1017 14.
2823 968 2926 1017 Cur
2951 968 3032 1019 ius
3065 976 3280 1019 naturae
3303 969 3573 1019 dominati-

2048 1050 2166 1085 vum
2193 1038 2352 1100 possit
2379 1049 2470 1099 per
2497 1036 2725 1087 homiues
2749 1040 2965 1097 mutari,
2996 1052 3094 1088 non
3121 1040 3194 1088 ita
3221 1052 3342 1089 vero
3366 1052 3572 1103 praece-

2046 1107 2262 1171 ptivum.
2285 1134 2356 1143 —
2379 1108 2461 1157 15.
2490 1107 2688 1158 Solutio
2712 1113 2765 1157 et
2792 1108 2926 1158 ratio
2946 1108 3286 1159 differentiae.
3301 1136 3371 1145 —
3391 1110 3476 1159 16.
3499 1109 3574 1159 Ad

2046 1177 2328 1227 secundum
2353 1184 2710 1240 argumentum
2735 1178 3016 1241 responsio,
3039 1206 3109 1215 -
3127 1179 3382 1241 Quomodo
3405 1186 3574 1231 cesset

2047 1248 2127 1297 ius
2167 1248 2400 1297 naturaie
2439 1260 2530 1311 per
2565 1247 3018 1311 dispensationem,
3058 1262 3191 1312 quae
3215 1248 3272 1299 fit
3299 1251 3350 1299 in
3376 1256 3494 1300 voto
3517 1257 3574 1299 et

2046 1318 2163 1367 aliis
2187 1330 2216 1365 a
2241 1319 2502 1381 praelatis,
2524 1345 2594 1354 —
2617 1320 2702 1367 17.
2729 1318 2805 1367 An
2833 1318 3065 1368 Pontifex
3099 1320 3256 1382 possit
3279 1319 3574 1383 dispensare

2046 1388 2101 1437 in
2139 1387 2413 1437 residentia
2449 1388 2701 1451 episcopi,
2741 1400 2872 1452 qnae
2907 1394 2986 1438 est
3011 1388 3075 1437 de
3101 1390 3214 1438 iure
3240 1391 3484 1439 naturali.
3506 1417 3576 1427 —

2053 1458 2136 1508 18.
2163 1458 2424 1509 Sententia
2447 1459 2671 1509 auctoris
2689 1472 2836 1521 posse
2861 1457 3076 1508 humana
3097 1465 3351 1523 potestate
3368 1458 3574 1525 dispen-

2048 1529 2150 1577 sari
2173 1529 2222 1577 in
2234 1528 2512 1578 residentia
2531 1529 2774 1593 episcopi,
2787 1536 2839 1578 et
2858 1529 3134 1579 adducitur
3155 1530 3579 1581 rati0.—19.1m-

2052 1598 2358 1662 pedimenta,
2386 1610 2518 1661 quae
2538 1600 2652 1649 iure
2673 1605 2886 1648 naturae
2910 1600 3286 1651 matrimonium
3308 1600 3578 1663 dirimunt,

2049 1680 2078 1719 a
2104 1667 2348 1719 Pontifice
2373 1668 2656 1733 dispensari
2681 1676 2958 1733 nequeunt.

2066 1830 2116 1886 1.
2148 1826 2404 1903 Quamvis
2427 1825 2562 1883 haec
2592 1829 2842 1901 quaestio
2865 1827 3113 1887 videatur
3135 1844 3200 1887 ex
3225 1827 3579 1902 praecedenti

1983 1917 2236 1987 delinita,
2278 1916 2624 1974 nihilominus
2665 1934 2774 1975 non
2815 1917 3016 1977 desunt
3053 1936 3248 1992 graves
3289 1919 3573 1993 doctores,

1984 2010 2078 2083 qui
2108 2009 2358 2066 absolute
2396 2007 2612 2081 dicant,
2645 2025 2803 2081 posse
2841 2009 3142 2082 dispensari
3174 2010 3449 2068 interdum
3477 2026 3574 2083 per

1984 2098 2261 2155 hominem
2288 2100 2343 2155 in
2373 2098 2492 2156 iure
2519 2099 2782 2171 naturali,
2817 2100 2903 2156 vel
2932 2102 3130 2158 mutari
3160 2117 3257 2175 per
3281 2103 3367 2159 ius
3389 2102 3583 2159 huma-

1984 2204 2147 2257 num,
2193 2188 2276 2245 vel
2317 2192 2598 2263 gentium,
2641 2190 2727 2246 vel
2768 2190 2946 2248 civile.
2979 2193 3096 2247 Non
3137 2192 3360 2265 quidem
3400 2193 3583 2266 quoad

1990 2281 2170 2338 omnia
2199 2280 2317 2337 iura
2345 2280 2652 2353 naturalia,
2683 2282 2925 2339 fatentur
2951 2284 3126 2354 enim,
3153 2283 3291 2340 hanc
3323 2285 3578 2341 mutatio-

1988 2386 2113 2427 nem
2144 2387 2251 2428 uon
2281 2370 2480 2428 habere
2509 2371 2697 2428 locum
2723 2372 2774 2427 in
2802 2374 2992 2445 primis
3021 2373 3299 2447 principiis
3322 2374 3454 2431 iuris
3475 2389 3570 2429 na-

1988 2468 2145 2519 turae
2166 2500 2182 2533 ,
2209 2476 2307 2519 nec
2337 2464 2390 2519 in
2415 2463 2856 2520 conclusionibus
2879 2462 2978 2520 illis
3003 2467 3342 2538 propinquis,
3365 2465 3432 2523 de
3454 2466 3575 2540 qui-

1989 2553 2091 2611 bus
2122 2552 2366 2609 sentiunt
2395 2552 2690 2623 procedere
2719 2554 2900 2610 omnia
2925 2553 3072 2611 dicta
3100 2556 3156 2611 10
3191 2556 3458 2627 superiori
3485 2572 3576 2613 ca·

1987 2644 2126 2716 pite,
2170 2642 2350 2701 solum
2389 2658 2522 2717 ergo
2563 2644 2614 2698 in
2644 2643 2971 2717 quibusdam
3001 2644 3198 2717 rebus,
3225 2661 3324 2701 seu
3354 2660 3580 2718 praece-

1991 2734 2095 2806 ptis
2126 2735 2300 2808 magis
2324 2735 2550 2790 remotis
2573 2732 2795 2806 dicunt,
2823 2750 2982 2808 posse
3009 2735 3124 2794 lieri
3153 2736 3292 2793 haue
3315 2739 3582 2794 mutatio-

1992 2840 2147 2881 nem:
2183 2840 2293 2880 non
2317 2822 2672 2881 universalem
2699 2840 2795 2895 per
2818 2824 3039 2882 modum
3068 2826 3456 2899 abrogationis,
3481 2826 3580 2883 sed

1991 2913 2382 2987 particularem
2407 2930 2504 2986 per
2531 2912 2755 2971 modum
2777 2913 3190 2987 dispensationis
3207 2958 3223 2989 ,
3247 2918 3330 2975 vel
3351 2918 3584 2975 diminu-

1990 3004 2171 3062 tionis.
2209 3006 2291 3061 lta
2317 3020 2573 3077 expresse
2600 3002 2848 3062 declarat
2872 3006 3061 3064 Glossa
3085 3009 3140 3063 in
3169 3023 3293 3081 cap.
3321 3015 3377 3065 A
3399 3009 3576 3075 nobis,

1991 3095 2058 3153 de
2081 3095 2204 3152 dec.
2234 3095 2391 3151 verb.
2416 3098 2735 3169 exemptos.
2760 3093 2907 3152 Idem
2929 3098 3092 3153 sentit
3110 3097 3296 3155 Glossa
3319 3100 3370 3154 10
3393 3100 3431 3156 1.
3455 3114 3589 3157 moe-

1994 3187 2417 3253 numissiones,
2467 3185 2620 3241 verb.
2663 3190 3086 3258 nasce-rentur,
3127 3193 3183 3243 et
3219 3187 3410 3245 Glossa
3447 3193 3496 3260 1,
3525 3192 3580 3245 in

1992 3276 2031 3333 1.
2066 3279 2161 3332 ius
2198 3274 2403 3337 civile.
2451 3274 2504 3330 ff.
2538 3275 2604 3331 de
2633 3276 2838 3332 iustitia
2864 3281 2919 3333 et
2947 3277 3082 3333 iure.
3117 3278 3375 3350 Sequitur
3404 3280 3585 3337 Abbas

1993 3370 2048 3424 10
2074 3365 2224 3423 dicto
2254 3381 2382 3438 cap.
2411 3371 2466 3422 A
2493 3364 2678 3432 nobis,
2712 3382 2768 3422 n.
2805 3370 2860 3438 4,
2894 3372 2950 3423 et
2975 3369 3028 3423 10
3058 3382 3181 3441 cap.
3215 3369 3578 3438 Cum-tauta,

1997 3457 2063 3514 de
2092 3461 2346 3513 consuet.
2379 3471 2435 3511 0.
2470 3459 2534 3522 3,
2559 3462 2614 3511 et
2641 3471 2765 3528 cap.
2800 3458 2970 3532 Quae
2991 3460 3056 3513 in
3077 3455 3484 3525 ecclesiarum,
3516 3459 3583 3517 de

1998 3548 2220 3604 constit.
2255 3562 2308 3601 n.
2351 3550 2443 3617 11,
2475 3545 2568 3602 ubi
2596 3546 2758 3602 etiam
2787 3546 3025 3619 Felinus,
3051 3563 3107 3603 n.
3134 3550 3230 3619 26,
3261 3554 3318 3603 et
3338 3548 3408 3604 ibi
3433 3550 3592 3605 Inno-

1996 3636 2218 3693 centius
2245 3640 2301 3691 et
2327 3634 2412 3691 0111
2441 3635 2824 3693 communiter.
2856 3635 3137 3707 copiosius
3169 3652 3297 3693 vero
3321 3644 3376 3695 et
3397 3637 3587 3696 distin-

1996 3728 2141 3783 ctius
2180 3724 2404 3783 tradidit
2442 3724 2581 3781 hanc
2620 3718 2942 3783 sententiam
2971 3726 3159 3799 Angel.
3191 3727 3344 3783 verb.
3375 3731 3576 3804 Papa,

1995 3834 2051 3873 n.
2102 3818 2163 3887 1,
2208 3814 2300 3871 ubi
2341 3814 2654 3888 specialiter
2692 3814 2758 3871 de
2789 3816 3055 3887 pontificia
3082 3816 3481 3890 dispensatione
3511 3818 3590 3876 lo-

1998 3906 2208 3981 quitur3
2227 3905 2457 3962 Navarr.
2481 3908 2646 3962 etiam
2669 3919 2826 3961 cons.
2846 3910 2904 3979 2,
2928 3906 3021 3979 qui
3043 3905 3133 3963 filii
3156 3908 3266 3963 sint
3287 3906 3433 3981 legit.
3453 3925 3507 3965 n.
3535 3916 3589 3983 8,

2000 3997 2166 4070 dicit,
2200 4012 2361 4069 posse
2403 3999 2600 4069 Papam
2640 3994 2864 4053 limitare
2892 3996 3069 4069 legem
3099 3996 3400 4055 naturalem
3427 4004 3484 4055 et
3509 3997 3589 4057 di-

1998 4090 2210 4157 vinam,
2239 4094 2300 4144 et
2336 4086 2651 4159 dispensare
2691 4089 2844 4144 circa
2879 4086 3018 4143 illas.
3051 4088 3202 4144 Idem
3242 4088 3306 4145 de
3336 4090 3593 4148 Pontifice

2000 4178 2163 4236 docet
2191 4177 2426 4234 sancius
2455 4175 2547 4233 lib.
2585 4181 2636 4234 8.
2669 4174 2742 4233 de
2769 4179 3035 4233 matrim.
3067 4177 3208 4251 disp.
3245 4182 3308 4250 6,
3341 4185 3397 4236 01
3421 4180 3594 4238 refert

2000 4268 2188 4342 plures
2221 4266 2474 4335 iuristas,
2502 4272 2653 4323 etex
2681 4266 2946 4340 theologis
2974 4269 3185 4325 Canum
3213 4269 3266 4325 in
3293 4268 3485 4327 relect.
3517 4266 3592 4328 de

1994 4360 2216 4433 poenit.
2249 4374 2304 4430 p.
2342 4362 2394 4414 5.
2421 4356 2528 4414 Sed
2554 4357 2699 4414 illius
2727 4358 3050 4415 sententiam
3077 4358 3129 4415 in
3157 4358 3260 4417 hac
3289 4367 3442 4433 parte
3471 4362 3588 4419 sus·-

2001 4450 2245 4507 iicienter
2272 4446 2572 4505 refellimus
2600 4449 2652 4503 in
2685 4448 2777 4504 lib.
2814 4452 2870 4505 6.
2900 4446 2974 4505 de
2993 4454 3141 4513 voto.
3169 4466 3296 4523 cap.
3325 4456 3380 4510 9.
3407 4454 3589 4511 Potest

1998 4540 2160 4597 etiam
2204 4553 2301 4611 pro
2343 4537 2446 4595 hac
2489 4539 2756 4595 sententia
2793 4537 2983 4595 referri
3023 4540 3247 4613 Henriq.
3294 4540 3386 4598 lib.
3438 4547 3488 4600 8.
3520 4542 3593 4601 de

2004 4630 2270 4687 Euo-har.
2301 4644 2426 4701 cap.
2467 4632 2555 4686 13.
2587 4628 2692 4685 Sed
2723 4628 2774 4683 in
2803 4628 2886 4684 his
2909 4630 3230 4687 auctoribus
3249 4637 3308 4689 et
3330 4632 3471 4705 aliis,
3495 4633 3592 4707 qui

2002 4720 2070 4777 de
2097 4720 2205 4777 hoc
2234 4724 2440 4791 puncto
2464 4723 2732 4788 tractant,
2758 4717 3037 4775 advertere
3060 4727 3299 4794 oportet,
3324 4722 3594 4780 interdum

2003 4810 2153 4884 loqui
2183 4809 2480 4885 generatim
2519 4807 2585 4864 de
2615 4808 2733 4865 iure
2769 4807 2951 4865 divino
2973 4850 2988 4881 ,
3019 4816 3072 4866 et
3097 4811 3164 4867 de
3193 4819 3464 4884 potestate
3491 4818 3590 4872 Pa·

2006 4917 2103 4973 pae
2144 4900 2214 4957 ad
2254 4898 2680 4972 dispensandum
2720 4898 2771 4955 in
2797 4898 2890 4957 illo
2918 4942 2934 4973 ,
2961 4900 3358 4960 confundentes
3385 4905 3488 4962 sub
3516 4905 3596 4963 di-

2003 4992 2127 5047 vino
2160 4990 2279 5047 iure
2319 5001 2430 5047 tam
2467 4988 2747 5061 naturale,
2785 5006 2948 5064 quam
2985 4991 3282 5077 positivum
3321 4995 3584 5053 divinum.

2004 5082 2113 5138 Nos
2140 5096 2269 5137 vero
2291 5080 2548 5137 distincte
2569 5086 2623 5137 et
2643 5082 2898 5153 specifice
2919 5081 3219 5156 loquimur,
3244 5090 3299 5142 et
3325 5102 3472 5143 0000
3497 5104 3589 5145 so-

2006 5172 2118 5229 lum
2147 5174 2360 5245 agimus
2385 5171 2454 5229 de
2483 5172 2602 5229 iure
2629 5172 2862 5229 naturali
2885 5172 2938 5228 in
2960 5171 3146 5230 ordine
3176 5173 3243 5230 ad
3265 5191 3594 5248 quamcum-

2004 5280 2113 5339 que
2138 5268 2465 5336 potestatem
2487 5262 2810 5336 humanam,
2833 5268 2889 5320 et
2913 5262 3186 5321 actionem
3207 5265 3348 5341 eius,
3393 5267 3506 5326 sive
3527 5268 3597 5328 sit
