4325 6267
1796 348 2009 423 capur
2040 350 2134 401 vr.

309 481 427 533 tum
456 473 511 533 in
545 490 601 531 c.
630 478 688 532 2.
720 476 809 531 Ne
836 470 971 533 sede
994 481 1270 548 vacante,
1308 478 1401 535 ibi:
1434 479 1592 539 Cum
1616 492 1913 552 nusquam

312 567 655 624 inveniatur
679 570 931 623 cautum
948 569 1013 623 in
1031 570 1181 637 iure,
1216 566 1375 643 quod
1407 566 1741 646 capitulum
1755 612 1773 637 ,
1808 584 1916 626 va»

308 664 491 716 cante
519 654 655 714 sede
670 700 687 724 ,
702 653 1011 731 fungatur
1034 660 1163 716 vice
1198 662 1457 736 episcopi
1482 663 1551 718 in
1587 658 1913 717 collatione·-

309 750 415 806 bus
472 746 983 823 praebendarum.
1026 749 1349 807 Declaratur
1374 793 1390 824 ,
1432 750 1562 826 quia
1610 749 1911 824 capitulum

308 837 562 897 succedit
586 838 849 911 episcopo
878 838 1055 896 solum
1076 841 1128 897 in
1150 840 1626 899 administratione
1654 838 1912 913 spiritua·

310 932 442 988 lium
470 935 529 986 et
565 930 983 1001 temporalium:
1012 936 1070 987 at
1108 930 1255 1004 leges
1280 931 1425 989 ferre
1460 947 1569 988 non
1601 929 1813 988 videtur
1838 928 1909 987 ad

308 1021 451 1077 hanc
492 1017 1019 1077 administrationem
1060 1023 1333 1093 pertinere
1354 1062 1371 1095 ,
1412 1021 1509 1079 sed
1548 1020 1753 1078 altioris
1789 1035 1913 1078 esse

306 1112 621 1183 potestatis.
654 1109 806 1168 Unde
846 1110 977 1167 licet
1014 1111 1322 1183 generalior
1360 1117 1507 1168 esset
1532 1111 1588 1168 in
1627 1112 1747 1167 iure
1782 1125 1915 1167 con-

306 1203 488 1258 cessio
522 1199 909 1258 iurisdictionis
932 1201 1261 1274 episcopalis
1290 1201 1437 1259 facta
1470 1200 1748 1274 capitulo,
1778 1199 1907 1258 sede

308 1296 576 1362 vacante,
606 1306 717 1349 non
752 1290 1033 1349 videretur
1069 1290 1407 1351 extendenda
1436 1290 1503 1349 ad
1542 1290 1689 1349 bunc
1717 1306 1911 1348 casum

310 1380 519 1438 ferendi
559 1379 709 1455 leges
749 1396 943 1453 novas,
975 1386 1032 1438 et
1068 1381 1243 1439 multo
1278 1383 1457 1439 minus
1498 1379 1739 1439 mutandi
1778 1380 1913 1437 anti-

308 1486 471 1546 quas,
494 1472 625 1544 quia
652 1476 739 1529 est
757 1486 923 1528 casus
950 1470 1107 1529 valde
1127 1470 1400 1542 specialis,
1422 1476 1479 1529 et
1501 1470 1781 1528 moraliter
1800 1486 1909 1529 non

306 1562 682 1634 necessarius,
710 1568 771 1617 et
808 1562 861 1618 in
888 1577 1003 1635 quo
1043 1566 1226 1633 potest
1252 1561 1561 1634 periculum
1598 1554 1907 1633 imminere,

306 1654 437 1726 quia
464 1652 801 1710 mutationes
828 1652 1011 1727 legum
1040 1652 1231 1710 noxiae
1256 1667 1378 1711 esse
1410 1650 1611 1709 solent.
1643 1650 1799 1709 Unde
1826 1658 1913 1709 et-

305 1745 413 1801 iam
454 1748 639 1816 potest
664 1741 769 1799 hoc
798 1742 1143 1813 confirmari,
1174 1742 1303 1816 quia
1324 1783 1339 1814 ,
1370 1741 1499 1800 sede
1538 1747 1799 1813 vacante,
1831 1744 1911 1797 ni·

306 1834 381 1890 hil
407 1839 497 1891 est
522 1831 984 1905 innovandum,c.
1008 1835 1057 1891 t.
1080 1847 1153 1889 ne
1180 1830 1313 1889 sede
1340 1836 1618 1899 κωπίω
1640 1831 1736 1888 sed
1762 1831 1912 1905 leges

306 1941 478 1981 novas
509 1923 676 1998 serre,
705 1923 791 1980 vel
818 1930 1035 1981 mutare
1061 1923 1131 1980 ab
1158 1923 1429 1996 episcopis
1458 1922 1683 1995 positas,
1714 1937 1913 1996 magna

304 2024 451 2074 esset
500 2015 815 2082 innovatio,
852 2028 987 2087 ergo
1026 2028 1134 2071 non
1175 2013 1391 2071 videtur
1432 2012 1537 2070 hoc
1578 2028 1907 2071 concessum

304 2106 572 2180 capitu103
600 2121 755 2180 ergo.
786 2106 976 2177 Maior,
998 2111 1379 2178 praeterquam
1410 2102 1561 2179 quod
1590 2106 1643 2161 in
1669 2104 1788 2162 iure
1816 2103 1912 2161 ba-

306 2198 467 2255 betur
495 2212 553 2253 c.
582 2199 652 2257 Sl
676 2198 1001 2271 episcopus,
1034 2194 1103 2253 de
1130 2192 1419 2268 supplend.
1446 2194 1646 2269 neglig.
1674 2194 1907 2267 praelat.

306 2294 393 2345 est
430 2286 591 2344 valde
630 2290 998 2344 consentanea
1036 2285 1264 2343 rationi:
1297 2286 1429 2358 quia
1466 2283 1765 2342 iurisdictio
1800 2300 1913 2342 non

307 2379 469 2437 datur
498 2377 772 2450 capitulo,
803 2382 867 2433 ut
893 2377 945 2432 in
970 2392 1038 2434 eo
1067 2378 1139 2435 sit
1164 2376 1319 2451 quasi
1350 2391 1447 2449 per
1475 2391 1565 2447 se,
1595 2382 1655 2433 et
1682 2374 1907 2433 durabi-

310 2469 451 2539 liter,
496 2474 565 2526 ut
590 2469 670 2525 sic
696 2466 877 2526 dicam
900 2507 916 2533 ,
960 2466 1059 2525 sed
1086 2466 1265 2525 solum
1293 2472 1357 2523 ut
1380 2466 1591 2523 interim
1619 2465 1909 2523 ecclesiam

308 2566 487 2633 regat,
514 2558 893 2616 conservando
917 2574 1006 2615 res
1034 2557 1175 2628 eius,
1198 2564 1257 2615 et
1282 2556 1453 2615 bonos
1482 2572 1686 2629 mores,
1721 2572 1787 2614 ac
1815 2572 1911 2629 pa-

306 2666 453 2721 cem,
478 2665 591 2706 non
618 2664 751 2705 vero
778 2647 849 2705 ad
876 2647 1167 2706 notabilem
1196 2648 1553 2705 mutationem
1569 2646 1907 2711 ‚faciendam

308 2740 465 2808 Quod
494 2746 683 2797 autem
711 2738 1020 2796 huiusmodi
1048 2738 1118 2795 sit
1153 2738 1337 2811 legum
1364 2736 1605 2794 conditio
1631 2780 1645 2808 ,
1676 2737 1761 2793 vel
1788 2752 1911 2794 mu-

309 2832 441 2887 tatio
466 2874 483 2902 ,
516 2846 615 2902 per
640 2844 699 2885 se
726 2835 917 2886 notum
943 2826 1177 2885 videtur.
1209 2830 1279 2886 Et
1304 2826 1653 2901 probabiliter
1680 2841 1911 2899 persua·

308 2918 471 2993 detur
500 2919 689 2977 eadem
718 2921 1065 2991 coniectura,
1088 2919 1218 2993 quia
1246 2920 1393 2975 sicut
1420 2917 1505 2975 lex
1530 2916 1600 2974 de
1626 2932 1684 2973 se
1716 2933 1909 2991 perpe-

310 3018 405 3069 tua
432 3019 545 3082 est,
568 3011 653 3075 ita·
671 3010 977 3067 iurisdictio
1008 3010 1077 3067 ad
1106 3009 1251 3066 illam
1272 3007 1547 3065 serendam
1588 3023 1688 3065 nec
1719 3007 1905 3081 datur,

307 3118 407 3159 nec
438 3101 560 3159 dari
585 3100 775 3173 debet,
808 3101 907 3157 nisi
942 3101 1141 3158 babent
1164 3100 1309 3158 illam
1337 3098 1511 3157 stabili
1538 3114 1605 3157 ac
1642 3108 1909 3172 perpetuo

310 3192 500 3265 modo,
532 3208 640 3249 non
668 3207 801 3249 vero
828 3191 1089 3265 capitulo,
1118 3192 1212 3249 cui
1242 3190 1409 3249 veluti
1438 3204 1535 3263 per
1562 3191 1908 3248 occasionem

307 3283 375 3341 ad
409 3292 631 3357 tempus
660 3284 1049 3341 committitur.

384 3378 615 3448 Propter
641 3374 741 3432 bas
776 3374 1123 3432 coniecturas
1159 3372 1375 3432 videtur
1402 3389 1511 3432 non
1548 3372 1908 3446 improbabilis

310 3466 444 3523 baec
468 3466 748 3537 posterior
774 3464 975 3537 opinio.
997 3463 1353 3523 Nihilominus
1380 3470 1561 3521 tamen
1582 3479 1688 3520 non
1710 3468 1797 3519 est
1822 3480 1909 3521 re-

312 3555 627 3615 cedendum
645 3571 678 3611 a
700 3552 985 3612 communi
1006 3555 1291 3611 sententia.
1317 3554 1429 3611 Nec
1455 3557 1621 3615 etiam
1650 3552 1907 3609 videntur

311 3649 426 3705 sine
482 3646 675 3703 maiori
714 3644 1067 3703 fundamento
1116 3644 1497 3718 restringenda
1540 3646 1661 3700 iura
1680 3684 1695 3715 ,
1739 3657 1903 3716 quae,

310 3737 439 3796 sede
470 3743 728 3805 vacante,
750 3734 993 3807 capitulo
1020 3735 1272 3792 tribuunt
1292 3735 1664 3807 episcopalem
1690 3733 1911 3791 iurisdi-

254 3812 261 3817 ’
311 3829 581 3898 ctionem,
624 3830 681 3883 et
720 3824 1239 3882 administrationem
1280 3831 1389 3883 tam
1427 3826 1481 3881 in
1510 3808 1905 3897 spiritualibus,

309 3933 475 3990 quam
526 3917 581 3973 in
628 3915 1058 3988 temporalibus3
1107 3930 1237 3971 nam
1294 3913 1361 3972 ad
1400 3922 1703 3989 utrumque
1741 3915 1903 3971 linem

312 4007 549 4065 multum
577 4005 857 4063 deservire
883 4010 1118 4077 possunt
1143 4009 1371 4078 statuta,
1396 4009 1451 4063 et
1478 4020 1638 4077 saepe
1667 4019 1791 4062 esse
1812 4020 1908 4061 ne-

308 4097 571 4155 cessaria.
604 4096 793 4168 Neque
838 4095 893 4150 in
941 4092 1048 4150 hoc
1093 4100 1280 4167 potest
1324 4110 1447 4151 esse
1484 4094 1707 4169 aliquod
1736 4110 1905 4169 grave

309 4184 703 4261 praeiudicium
736 4185 1167 4256 communitatis,
1184 4184 1269 4241 vel
1296 4186 1536 4258 episcopi
1562 4185 1733 4243 futuri
1748 4188 1907 4260 ,quia

310 4295 504 4337 omnes
541 4277 799 4347 fatentur,
812 4290 973 4347 posse
993 4274 1298 4347 capitulum
1319 4275 1593 4348 generalia
1614 4283 1907 4349 praecepta

310 4369 459 4427 serre
498 4383 599 4441 pro
638 4371 757 4423 tota
782 4364 1050 4437 dioecesi3
1080 4363 1227 4438 quod
1254 4380 1387 4439 ergo
1414 4363 1509 4421 illa
1532 4365 1785 4426 serantur
1810 4380 1908 4438 per

312 4458 541 4517 modum
592 4456 775 4514 statuti
804 4496 821 4527 ‚
863 4470 1060 4528 parum
1096 4454 1295 4526 refert,
1335 4453 1519 4511 habito
1555 4461 1811 4528 respectu
1839 4454 1907 4513 ad

312 4558 535 4623 tempus
564 4546 864 4603 vacationis
883 4544 1181 4603 ecclesiae:
1208 4550 1502 4617 postquam
1524 4552 1710 4601 autem
1728 4545 1909 4603 eccle·

314 4644 390 4698 sia
420 4639 678 4698 habuerit
713 4637 1031 4709 episcopum
1050 4676 1065 4707 ,
1098 4634 1185 4692 ille
1213 4637 1414 4707 poterit
1442 4651 1703 4693 revocare
1730 4642 1905 4694 statu·

314 4739 460 4802 tum,
494 4731 539 4787 si
570 4726 824 4801 expedire
850 4725 1197 4799 iudicaverit3
1220 4739 1356 4799 ergo
1385 4740 1563 4799 neque
1588 4724 1661 4781 illi
1690 4726 1908 4798 praeiu-

312 4822 523 4880 dicium
554 4820 644 4890 fit,
684 4832 859 4890 neque
887 4816 1184 4888 ecclesiae,
1220 4832 1353 4873 cum
1382 4830 1479 4889 per
1507 4816 1655 4873 hunc
1684 4816 1909 4875 modum

312 4911 385 4969 illi
428 4908 767 4967 sufficienter
804 4906 1182 4978 subveniatur,
1212 4906 1257 4964 si
1286 4905 1427 4963 forte
1454 4914 1807 4978 praeceptum
1834 4906 1907 4963 illi

312 5008 401 5059 est
427 4998 803 5057 commodum.
818 4994 1051 5053 Aliunde
1078 5011 1210 5053 vero
1236 5002 1417 5069 potest
1442 5012 1563 5055 esse
1591 4995 1745 5054 valde
1774 5012 1908 5055 con·

312 5093 559 5161 veniens,
585 5093 646 5146 ut
671 5092 1027 5160 praeceptum
1048 5101 1158 5143 non
1184 5092 1369 5144 cesset
1394 5086 1511 5159 ipso
1540 5086 1711 5161 facto,
1728 5087 1905 5147 donec

314 5198 413 5257 per
442 5195 649 5238 novum
674 5178 998 5251 episcopum
1027 5182 1559 5252 recognoscatur,et
1586 5183 1901 5251 revocetur,

310 5276 363 5332 si
400 5270 725 5346 oportuerit,
757 5264 843 5324 vel
883 5266 929 5323 si
967 5272 1057 5323 est
1094 5264 1258 5338 utile,
1287 5264 1660 5341 relinquatur3
1690 5283 1824 5342 ergo
1852 5267 1905 5325 in

3366 336 3496 403 325

1982 494 2091 536 usu
2127 478 2294 539 huius
2333 483 2622 555 potestatis
2660 479 2788 541 nibil
2823 489 2913 542 est
2937 481 3190 557 periculi.
3219 482 3294 543 Et
3317 480 3438 541 ideo
3463 480 3578 541 exi·-

1982 570 2141 629 stimo
2162 613 2180 646 ,
2221 572 2460 645 priorem
2501 573 2804 646 opinionem
2834 573 3150 647 simpliciter
3173 588 3296 632 esse
3323 572 3578 648 probabi-

1980 658 2259 733 liorem,et
2284 664 2339 720 in
2362 665 2517 735 praxi
2545 663 2903 738 sequendam
2927 665 3030 721 nisi
3059 664 3199 722 forte
3220 664 3418 723 alicubi
3441 679 3577 721 con-

1980 751 2214 808 trarium
2251 758 2430 812 teneat
2457 745 2848 826 bonsuetudm
2879 770 3004 812 nam
3033 754 3167 813 haec
3195 752 3466 812 servanda
3489 760 3578 811 est

1980 854 2230 913 semper,
2275 843 2404 916 quia
2437 850 2494 901 et
2528 850 2712 917 potest
2743 844 2876 902 dare
2903 845 3364 916 iurisdictionem,
3397 850 3454 903 et
3477 859 3578 902 au-

1980 930 2144 1004 ferre,
2175 938 2229 989 et
2255 939 2344 991 est
2367 936 2574 1005 optima
2599 935 2784 1008 legum
2812 936 3100 1009 interpres.
3517 944 3523 951 “

2056 1022 2321 1093 Superest
2359 1023 2657 1082 dicendum
2695 1024 2762 1081 de
2789 1025 3141 1084 inferioribus
3169 1024 3579 1083 communitati-

1979 1110 2083 1167 bus
2110 1111 2524 1171 ecclesiasticis.
2541 1117 2616 1171 De
2645 1115 2849 1188 quibus
2878 1114 3024 1172 idem
3049 1119 3162 1173 sere
3187 1130 3318 1173 cum
3344 1129 3574 1187 propor-

1977 1200 2121 1258 tione
2162 1203 2407 1261 sentiunt
2442 1205 2758 1262 canonistae
2775 1247 2790 1277 ,
2821 1204 3042 1263 scilicet
3068 1204 3136 1262 de
3163 1204 3328 1261 rebus
3355 1204 3575 1261 univer-

1979 1291 2216 1364 salibus,
2246 1299 2304 1350 et
2329 1293 2550 1351 maioris
2579 1294 2840 1353 momenti
2867 1311 2974 1352 non
3005 1310 3166 1367 posse
3191 1294 3372 1351 facere
3399 1280 3576 1351 statu-

1980 1387 2065 1439 ta:
2096 1382 2166 1439 de
2197 1382 2500 1442 minoribus
2527 1390 2746 1457 autem,
2788 1400 2931 1459 quae
2957 1386 3136 1443 solum
3165 1384 3233 1441 ad
3262 1400 3396 1441 suae
3421 1400 3574 1440 com·

1979 1474 2262 1530 munitatis
2287 1472 2352 1530 ad
2361 1474 2806 1531 ministrationem
2819 1476 3280 1547 pertinent,posse
3299 1473 3388 1531 illa
3407 1473 3573 1546 serre,

1978 1568 2045 1621 ut
2083 1562 2269 1621 videre
2313 1563 2446 1621 licet
2482 1566 2540 1620 in
2569 1565 2892 1623 auctoribus
2920 1565 3192 1639 allegatis,
3222 1570 3280 1621 et
3304 1566 3492 1622 Innoc.
3522 1566 3574 1621 in

1977 1668 2102 1727 cap.
2126 1656 2280 1712 Cum
2307 1658 2872 1724 accessissent,num.
2891 1662 2947 1728 2,
2973 1663 3031 1713 et
3055 1656 3124 1712 rbi
3153 1656 3421 1712 Hostiens.
3441 1660 3572 1723 n.8,

1977 1750 2035 1800 et
2058 1747 2115 1808 9,
2130 1743 2340 1801 Abb.et
2359 1744 2498 1818 aliis,
2513 1751 2570 1802 et
2589 1746 2756 1802 Felin.
2774 1746 2827 1801 in
2850 1746 2999 1804 dicto
3021 1761 3145 1817 cap.
3167 1748 3320 1803 Cum
3345 1760 3566 1811 omnes,

1978 1840 2035 1891 et
2058 1835 2200 1892 Rota
2227 1824 2491 1893 decision.
2525 1839 2651 1905 167,
2677 1836 2808 1894 alias
2836 1842 2892 1909 4,
2917 1835 2985 1895 de
3011 1852 3260 1895 concess.
3278 1834 3570 1910 praebend.

1978 1924 2033 1981 in
2074 1926 2266 1996 novis,
2309 1931 2368 1983 et
2407 1926 2643 1983 Alberic.
2675 1932 2842 1984 tract.
2875 1926 2944 1984 de
2985 1928 3222 1996 statutis,
3255 1942 3310 2000 q.
3344 1932 3400 1995 3,
3429 1931 3488 1983 et
3515 1929 3571 1982 6.

1978 2016 2079 2085 Qui
2115 2016 2280 2073 etiam
2321 2014 2549 2085 addunt,
2579 2016 2729 2091 quod
2759 2015 2888 2074 licet
2915 2015 3216 2088 capitulum
3246 2013 3575 2071 cathedralis

1978 2104 2250 2163 ecclesiae
2285 2121 2394 2162 non
2439 2106 2614 2179 possit
2650 2106 2828 2163 facere
2863 2112 3132 2165 statutum
3162 2106 3273 2163 sine
3299 2120 3575 2162 consensu

1978 2197 2260 2269 episcopi,
2291 2196 2574 2253 inferiores
2600 2196 2861 2254 ecclesiae
2888 2197 3208 2270 collegiatae
3235 2199 3490 2269 poterunt
3515 2194 3577 2251 il-

1978 2285 2074 2343 lud
2094 2284 2320 2343 efficere
2345 2288 2462 2342 sine
2482 2301 2762 2344 consensu
2781 2286 3021 2360 episcopi
3041 2302 3174 2344 cum
3195 2300 3468 2343 consensu
3491 2283 3575 2341 sui
3640 2312 3646 2319 ·

1976 2378 2212 2449 proximi
2255 2376 2500 2448 praelati.
2525 2376 2878 2451 Distinguunt
2903 2377 3067 2435 etiam
3093 2379 3234 2433 inter
3263 2381 3469 2433 statuta
3495 2373 3577 2431 di-

1976 2467 2185 2525 rectiva
2213 2472 2448 2538 tantum,
2474 2473 2532 2524 et
2557 2468 2808 2525 coactiva
2835 2483 2932 2524 seu
2962 2483 3192 2540 poepam
3221 2466 3570 2539 imponentia,

1974 2564 2033 2613 et
2057 2555 2238 2629 priora
2259 2555 2605 2626 concedunt,
2636 2573 2797 2631 posse
2823 2559 2939 2615 lieri
2968 2557 3034 2615 ab
3062 2557 3144 2613 bis
3171 2554 3574 2615 communitati-

1976 2647 2115 2720 bus,
2146 2662 2254 2703 non
2286 2653 2469 2704 tamen
2496 2647 2932 2720 posteriora,nisi
2960 2647 3196 2706 habeant
3222 2645 3288 2704 ad
3316 2645 3423 2703 hoc
3452 2662 3574 2719 spe-

1975 2736 2170 2794 cialem
2197 2736 2660 2811 iurisdictionem,
2691 2741 2972 2812 citantque
2999 2753 3053 2795 c.
3091 2741 3469 2821 conquestus,
3501 2737 3570 2794 de

1977 2826 2146 2901 seriis,
2171 2836 2228 2886 et
2253 2829 2290 2886 Ι.
2312 2844 2428 2904 per
2453 2832 2740 2903 iniquum,
2766 2828 2908 2888 C.de
2934 2828 3307 2887 iurisdictione
3326 2828 3570 2887 omnium

1976 2919 2223 2977 iudicum
2243 2960 2260 2989 ,
2298 2925 2355 2977 et
2378 2919 2582 2978 ¹similia
2617 2923 2770 2994 iura,
2808 2937 2950 2996 quae
2976 2936 3106 2978 sane
3135 2936 3331 2992 parum
3359 2920 3429 2977 ad
3455 2936 3572 2977 rem

1976 3010 2206 3068 faciunt.
2237 3011 2308 3068 Et
2350 3016 2462 3067 tota
2499 3010 2768 3069 resolutio
2791 3011 2954 3069 valde
2981 3011 3210 3068 confusa
3235 3015 3348 3084 est,
3379 3017 3435 3068 et
3458 3010 3572 3067 sine

1980 3100 2149 3158 solido
2177 3100 2552 3159 fundamento.

2060 3192 2437 3261 tt.Quocirca
2452 3191 2718 3251 utendum
2740 3207 2938 3249 censeo
2960 3190 3308 3249 distinctione
3327 3190 3574 3263 proxime

1976 3286 2123 3339 tacta
2151 3280 2222 3339 de
2248 3282 2467 3356 propria
2492 3281 2608 3357 lege
2631 3281 2962 3354 procedente
2982 3298 3050 3339 ex
3073 3287 3340 3355 potestate
3363 3280 3576 3354 legisla-

1976 3374 2107 3443 tiva,
2144 3372 2231 3430 vel
2258 3372 2326 3430 de
2353 3376 2561 3431 statuto
2591 3372 2699 3431 late
2725 3379 2945 3445 sumpto
2974 3386 3072 3445 pro
3101 3372 3290 3444 regula
3316 3368 3573 3443 operandi

1976 3464 2151 3537 posita
2189 3478 2258 3521 ex
2289 3462 2650 3520 conventione
2678 3462 2926 3534 illorum,
2957 3462 3051 3536 qui
3078 3468 3208 3520 sunt
3230 3461 3298 3520 de
3325 3476 3578 3519 commu-

1974 3554 2145 3612 nitate
2178 3569 2277 3626 per
2305 3552 2528 3611 modum
2555 3554 2720 3625 pacti.
2743 3554 2874 3611 Dico
2899 3568 3056 3626 ergo,
3079 3552 3178 3609 bas
3206 3551 3570 3610 communita-

1977 3650 2058 3703 tes
2109 3643 2396 3701 inl'eriores
2441 3643 2844 3701 ecclesiasticas
2885 3658 2994 3699 non
3022 3658 3182 3716 posse
3211 3640 3482 3699 ordinarie
3507 3656 3574 3699 ac

1976 3734 2298 3809 regulariter
2339 3735 2585 3807 proprias
2616 3734 2764 3807 leges
2791 3732 2961 3803 l'erre,
2991 3731 3088 3789 sed
3115 3730 3294 3789 solum
3325 3731 3415 3789 ubi
3443 3746 3572 3787 con-

1976 3825 2190 3895 stiterit,
2205 3840 2298 3880 eas
2331 3824 2529 3882 babere
2558 3822 2830 3896 propriam
2858 3821 3293 3881 iurisdictionem
3319 3823 3573 3895 spiritua·

1974 3914 2111 3987 lem,
2134 3922 2268 3973 tunc
2305 3915 2448 3972 enim
2477 3914 2626 3971 iuxta
2652 3913 2877 3971 modum
2903 3911 3292 3970 iurisdictionis
3313 3918 3574 3985 poterunt

1973 4003 2150 4080 legem
2181 4010 2454 4076 statuere,
2492 4012 2550 4062 et
2576 4020 2684 4061 non
2711 4004 2962 4076 amplius.
2990 4005 3142 4061 Prior
3170 4019 3297 4076 pars
3324 4010 3566 4073 constat,

1976 4097 2105 4171 quia
2136 4110 2306 4167 supra
2333 4093 2959 4168 ostendimus,proprias
2985 4092 3134 4168 leges
3157 4109 3280 4152 esse
3307 4099 3466 4151 actus
3487 4096 3573 4150 iu·-

1973 4185 2334 4257 risdictionis,
2363 4190 2419 4243 et
2443 4186 2558 4241 sine
2581 4183 2670 4241 illa
2697 4184 2826 4242 ferri
2855 4200 2960 4241 non
2990 4200 3184 4265 posse:
3211 4191 3266 4241 at
3291 4182 3392 4241 hae
3417 4199 3572 4242 com·

1976 4276 2268 4333 munitates
2295 4274 2566 4332 ordinarie
2587 4290 2694 4332 non
2722 4273 2924 4333 habent
2942 4275 3378 4333 ecclesiasticam
3404 4275 3573 4333 iuris-

1974 4368 2295 4439 dictionem,
2319 4366 2444 4441 quia
2472 4380 2574 4422 nec
2591 4368 2726 4422 iure
2752 4364 2933 4422 divino
2962 4364 3109 4422 illam
3136 4364 3358 4435 habent,
3383 4371 3448 4423 ut
3475 4382 3572 4425 su-

1974 4473 2072 4530 pra
2092 4456 2298 4514 dictum
2319 4462 2426 4526 est,
2449 4469 2552 4512 nec
2573 4456 2692 4512 iure
2713 4454 2995 4511 communi
3021 4454 3286 4512 canonico
3308 4453 3411 4511 illis
3437 4469 3572 4511 con-
3638 4504 3648 4511 .

1974 4545 2212 4620 ceditur3
2237 4552 2456 4620 oportet
2479 4560 2610 4620 ergo
2636 4551 2699 4602 ut
2724 4561 2792 4601 ex
2813 4544 2993 4618 aliqua
3019 4544 3234 4617 speciali
3256 4547 3571 4604 concessio-

1974 4653 2080 4710 ne,
2119 4637 2202 4693 vel
2241 4636 2519 4710 privilegio
2548 4634 2692 4691 illam
2738 4634 3000 4707 habeant,
3031 4634 3180 4709 quod
3221 4650 3409 4693 rarum
3447 4653 3570 4694 esse

1975 4726 2282 4799 credimus3
2307 4732 2363 4783 et
2387 4725 2507 4783 ideo
2537 4740 2762 4784 necesse
2788 4731 2892 4797 est,
2917 4731 2983 4781 ut
3003 4724 3070 4781 de
3097 4725 3187 4781 illa
3213 4732 3453 4799 constet,
3483 4728 3568 4785 vel

1972 4832 2041 4875 ex
2069 4816 2293 4890 speciali
2321 4815 2658 4873 institutione
2675 4855 2692 4887 ,
2723 4822 2824 4873 aut
2846 4814 3160 4888 privilegio,
3191 4822 3292 4873 aut
3315 4832 3383 4873 ex
3412 4832 3569 4889 prae-

1976 4908 2184 4978 scripta
2207 4905 2624 4964 consuetudine.
2644 4906 2796 4963 Tunc
2827 4911 3008 4962 autem
3032 4905 3245 4962 clarum
3273 4914 3381 4981 est,
3402 4924 3566 4980 posse

1973 4998 2115 5055 serre
2154 5004 2363 5055 statuta
2401 4999 2810 5070 proportionata
2851 4994 3234 5069 iurisdictioni,
3265 5000 3394 5071 quia
3434 5014 3568 5057 una-

1973 5102 2225 5163 quaeque
2244 5093 2484 5161 potestas
2512 5088 2729 5159 operari
2757 5092 2942 5160 potest
2964 5088 3120 5143 iuxta
3147 5085 3370 5145 modum
3397 5091 3571 5147 virtu-

1972 5177 2042 5234 tis
2068 5193 2232 5247 suae,
2260 5183 2318 5233 et
2352 5193 2460 5233 non
2488 5176 2740 5249 amplius.
2771 5178 2842 5233 At
2875 5192 3005 5233 vero
3032 5176 3252 5250 quando
3281 5177 3380 5235 bae
3415 5196 3570 5238 com-

1974 5268 2266 5327 munitates
2303 5265 2735 5325 iurisdictionem
2761 5282 2869 5324 non
2906 5264 3105 5326 habent
3124 5309 3140 5341 ,
3168 5274 3403 5341 possunt
3430 5270 3567 5329 nibi-
