4325 6267
1722 362 1932 412 CAPUT
1959 362 2204 411 XXXIV·

324 500 438 541 non
468 490 687 542 tenetur
716 484 769 541 in
800 486 1135 543 conscientia
1161 500 1387 557 poenam
1415 486 1655 560 solvere,
1684 487 1787 545 nisi
1814 504 1911 561 per

324 592 494 632 suum
526 574 761 633 iudicem
790 573 857 632 ad
889 574 992 632 boc
1020 581 1287 649 cogatur,
1321 581 1383 633 ut
1408 578 1519 633 fleri
1548 583 1727 650 potest
1752 578 1913 635 modo

324 666 505 721 statim
532 664 883 722 declarando.
915 664 1205 736 Probatur,
1236 666 1363 739 quia
1390 666 1515 723 iicet
1542 682 1713 740 poena
1740 668 1914 741 impo-

324 762 495 812 natur
520 772 619 826 per
638 757 813 827 ipsam
843 756 1048 828 legem,
1078 754 1421 815 nihilominus
1448 759 1683 830 pertinet
1710 759 1777 815 ad
1806 759 1913 815 vim

324 847 657 903 coactivam.
684 846 819 903 Item
841 845 933 902 illa
953 845 1061 917 lex,
1089 852 1254 918 prout
1274 846 1379 905 sert
1398 864 1649 920 poenam,
1674 849 1918 905 continet

326 938 651 993 sententiam
692 951 757 993 eo
792 936 908 1007 ipso
938 951 969 992 a
996 934 1302 1006 legislatore
1331 935 1492 994 latam
1530 944 1723 994 contra
1748 937 1918 994 delin-

327 1031 621 1097 quentem,
654 1024 749 1082 sed
778 1024 925 1081 nulla
951 1032 1193 1098 potestas
1218 1026 1357 1083 laica
1378 1034 1559 1099 potest
1574 1044 1670 1099 per
1700 1034 1915 1085 senten-

327 1115 457 1171 tiam
488 1116 683 1185 punire
704 1115 969 1173 clericum
992 1120 1210 1188 propter
1234 1115 1455 1189 aliquod
1472 1116 1757 1190 delictum3
1782 1132 1913 1189 ergo

326 1220 431 1261 nec
461 1221 557 1277 per
586 1205 781 1277 legem.
814 1206 995 1277 Dices,
1026 1204 1129 1261 hoc
1156 1220 1279 1261 esse
1308 1220 1498 1262 verum
1526 1206 1591 1263 de
1622 1208 1912 1279 sententia,

324 1310 470 1369 quae
509 1310 605 1368 per
632 1296 934 1365 hominem,
976 1303 1033 1352 et
1072 1302 1287 1353 servato
1316 1296 1444 1353 iuris
1484 1296 1668 1353 ordine
1698 1296 1917 1354 serenda

322 1393 441 1459 est,
470 1402 597 1444 nam
634 1386 723 1443 illa
754 1386 1120 1459 praerequirit
1147 1388 1483 1444 coactionem
1514 1404 1610 1459 per
1637 1388 1911 1446 hominem

324 1475 697 1549 inserendam,
734 1492 899 1532 secus
926 1492 1056 1532 vero
1080 1476 1147 1533 de
1174 1477 1439 1533 sententia
1467 1477 1571 1533 lata
1594 1494 1692 1550 per
1718 1480 1913 1551 legem,

325 1581 468 1638 quae
498 1582 850 1639 processum,
878 1574 975 1623 aut
1002 1566 1289 1623 iuridicam
1318 1568 1687 1639 cognitionem
1715 1584 1917 1626 causae

324 1670 438 1713 non
467 1656 723 1731 requirit,
762 1656 857 1713 sed
890 1664 1105 1713 tantum
1146 1658 1672 1714 consummationem
1714 1658 1915 1731 delicti,

326 1760 469 1819 quae
498 1746 596 1820 ipsi
623 1746 955 1820 delinquenti
978 1747 1030 1803 in
1064 1746 1394 1804 conscientia
1414 1749 1736 1805 innotescat.
1766 1747 1915 1806 Unde

324 1836 441 1893 sine
482 1838 701 1909 propria
744 1837 1031 1895 coactione
1072 1838 1373 1914 imponitur
1408 1852 1506 1909 per
1542 1838 1917 1911 obligationem

322 1926 379 1983 in
408 1928 748 1985 conscientia
777 1926 846 1985 ad
874 1926 1251 1999 exequendam
1280 1926 1443 1985 talem
1473 1942 1723 1999 poenam,
1757 1930 1802 1985 si
1828 1928 1921 1986 de-

324 2015 522 2075 lictum
546 2018 669 2091 fiat,
699 2024 764 2075 ut
804 2016 941 2074 infra
977 2016 1267 2074 tractando
1293 2016 1360 2073 de
1390 2016 1507 2091 lege
1536 2017 1747 2089 poenali
1776 2018 1920 2076 vide-

324 2107 525 2167 bimus.
570 2106 955 2181 Respondetur
977 2106 1100 2187 „de
1144 2113 1381 2181 utraque
1422 2109 1689 2166 sententia
1734 2124 1924 2181 proce-

324 2196 459 2256 dere
492 2201 759 2255 rationem
782 2190 1002 2267 factam3
1028 2205 1145 2255 tum
1170 2199 1301 2270 quia
1338 2204 1572 2271 utraque
1594 2198 1829 2270 pertinet
1854 2198 1923 2255 ad

325 2291 436 2345 vim
476 2289 813 2359 coactivam,
858 2294 915 2345 et
959 2284 1367 2360 quodammodo
1407 2289 1581 2345 maior
1621 2288 1837 2345 coactio
1864 2288 1923 2344 fit

326 2393 427 2451 per
448 2378 767 2436 sententiam
798 2378 983 2451 legum
1008 2375 1169 2434 latam
1194 2418 1209 2447 ,
1238 2376 1367 2449 quia
1396 2392 1589 2433 secum
1618 2378 1776 2434 affert
1799 2392 1923 2433 exe·

328 2468 607 2525 cntionem
629 2512 643 2537 ,
660 2474 717 2525 et
743 2483 847 2523 non
870 2466 1036 2523 datur
1058 2466 1215 2523 locus
1238 2465 1527 2523 defensioni
1548 2486 1563 2538 3
1592 2472 1707 2524 tum
1732 2467 1916 2539 etiam,

328 2559 462 2631 quia
489 2557 663 2614 omnis
688 2556 955 2615 sententia
984 2556 1089 2613 lata
1116 2570 1147 2612 a
1174 2571 1284 2611 non
1310 2556 1489 2612 iudice
1518 2555 1667 2612 nulla
1695 2563 1807 2629 est,
1836 2556 1923 2611 illa

328 2664 467 2705 vero
497 2647 671 2705 fertur
698 2664 727 2705 a
756 2664 862 2704 non
886 2645 1063 2704 iudice
1085 2653 1337 2717 respectu
1362 2645 1567 2702 clerici.
1594 2646 1771 2713 Quare
1794 2645 1925 2702 licet

330 2737 611 2810 legislator
636 2738 817 2795 civilis
833 2737 1005 2809 possit
1024 2738 1299 2808 imponere
1321 2734 1697 2807 obligationem
1714 2738 1769 2791 in
1792 2752 1924 2793 con-

332 2828 561 2884 scientia
580 2827 766 2899 quoad
786 2842 1000 2883 morum
1012 2825 1365 2882 directionem
1391 2840 1740 2882 communem
1757 2826 1925 2882 omni-

330 2918 437 2975 bus
466 2920 679 2975 civibus
702 2962 717 2988 ,
746 2934 857 2975 non
890 2925 1070 2975 tamen
1106 2914 1289 2989 quoad
1333 2932 1634 2987 poenarum
1671 2915 1927 2973 inflictio-

331 3025 457 3065 nem
475 3052 490 3079 ,
520 3009 648 3082 quia
674 3009 775 3066 hae
805 3024 899 3081 per
926 3008 1059 3064 alios
1089 3013 1459 3079 competentes
1490 3006 1695 3063 iudices
1724 3007 1925 3081 imponi

330 3106 587 3173 possunt.

411 3190 482 3247 Et
506 3187 623 3246 ideo
645 3188 957 3247 addidimus
979 3186 1203 3245 alteram
1228 3192 1437 3259 partem
1458 3188 1803 3259 assertionis,
1824 3187 1928 3243 sci-

334 3279 499 3349 licet,
530 3294 693 3351 posse
731 3278 1133 3336 ecclesiasticas
1174 3292 1438 3349 personas
1478 3292 1509 3333 a
1538 3278 1651 3333 suis
1679 3277 1927 3349 praelatis

334 3368 519 3442 puniri
556 3374 777 3440 propter
819 3368 1278 3439 transgressiones
1318 3367 1509 3423 talium
1540 3365 1754 3439 legum:
1787 3382 1927 3441 quae

335 3459 493 3517 l'acile
537 3458 839 3531 probatur,
880 3458 1008 3531 quia
1046 3456 1136 3513 illa
1169 3458 1532 3529 transgressio
1559 3464 1645 3513 est
1671 3456 1929 3515 delictum

336 3552 681 3609 contrarium
709 3549 853 3605 bono
874 3546 1184 3617 communi3
1208 3562 1342 3620 ergo
1364 3553 1545 3618 potest
1568 3561 1664 3619 per
1690 3553 1932 3619 potesta-

337 3648 449 3700 tem
491 3641 729 3714 aliquam
770 3637 982 3709 puniri,
1020 3651 1126 3691 non
1156 3651 1251 3708 per
1282 3636 1526 3710 civilem,
1557 3652 1687 3709 ergo
1715 3651 1813 3709 per
1839 3652 1931 3694 ec-

336 3731 722 3788 clesiasticam.
754 3729 891 3785 Item
932 3726 1019 3783 illa
1058 3726 1266 3797 punitio
1305 3732 1393 3782 est
1430 3726 1706 3783 moraliter
1744 3741 1930 3782 neces-

338 3821 483 3877 saria
511 3819 581 3876 ad
608 3832 902 3877 commune
928 3816 1168 3889 bonum;
1198 3831 1324 3872 nam
1352 3815 1421 3872 ad
1443 3815 1572 3873 illud
1594 3814 1833 3889 expedit,
1864 3831 1931 3873 ne

333 3910 471 3967 talia
510 3909 705 3966 delicta
746 3912 996 3963 maneant
1020 3905 1313 3977 impunita,
1346 3921 1477 3977 ergo
1507 3922 1605 3978 ρει·
1630 3904 1931 3978 legitimum

338 4000 681 4072 superiorem
724 3998 841 4053 fieri
870 4002 1067 4069 potest.
1100 3996 1213 4054 Dixi
1240 4002 1422 4054 autem
1450 4002 1584 4053 tunc
1612 4012 1733 4053 esse
1762 3996 1934 4068 impo-

336 4090 571 4148 nendam
600 4102 831 4160 poenam
858 4085 1087 4143 arbitrio
1116 4084 1377 4158 praelati,
1402 4092 1465 4142 ut
1489 4086 1839 4155 insinuarem,
1871 4085 1933 4142 li-

340 4185 436 4235 cet
472 4193 573 4251 per
601 4177 746 4249 leges
775 4175 964 4234 civiles
991 4176 1061 4231 sit
1086 4190 1257 4247 poena
1282 4173 1563 4247 designata
1589 4192 1689 4248 pro
1718 4174 1810 4232 tali
1836 4174 1933 4245 ‚de-

338 4268 510 4340 licto,
544 4282 649 4323 non
680 4268 855 4323 teneri
873 4265 1173 4337 praelatum
1194 4264 1640 4321 ecclesiasticum
1668 4264 1815 4321 illam
1838 4265 1933 4321 im·

342 4373 547 4433 ponere
586 4355 789 4414 clerico
816 4353 1231 4428 transgredienti
1260 4353 1453 4427 legem.
1494 4356 1575 4411 lta
1602 4356 1809 4412 notavit
1832 4356 1935 4421 Coe·

342 4464 493 4506 varr.
524 4447 662 4505 libro
690 4446 987 4520 practicar.
1020 4445 1325 4518 quaestion.
1357 4460 1482 4517 cap.
1518 4449 1611 4503 33.
1642 4446 1698 4501 in
1728 4445 1853 4517 fine,
1881 4450 1937 4502 et

345 4536 563 4598 Salced.
598 4539 650 4595 in
679 4543 855 4612 praet.
887 4536 1101 4593 crimin.
1131 4550 1255 4607 cap.
1290 4538 1391 4593 66:
1418 4543 1473 4593 et
1498 4535 1635 4593 ratio
1664 4542 1781 4607 est,
1810 4535 1937 4609 quia

342 4632 431 4689 lex
466 4631 557 4689 illa
594 4628 777 4703 quoad
804 4628 948 4684 illam
979 4633 1191 4699 partem
1218 4667 1233 4697 ,
1264 4641 1374 4699 qua
1403 4642 1629 4697 poenam
1659 4625 1930 4699 designat,

345 4721 451 4779 iam
492 4722 729 4793 pertinet
766 4716 833 4775 ad
874 4717 979 4773 vim
1019 4716 1354 4787 coactivam,
1382 4722 1440 4772 et
1480 4715 1599 4772 ideo
1637 4730 1745 4773 non
1776 4715 1937 4771 habet

344 4812 457 4868 vim
484 4812 537 4866 in
562 4809 846 4866 clericum.
872 4808 941 4864 Et
969 4804 1274 4878 explicatur
1302 4804 1556 4875 amplius,
1580 4804 1705 4877 quia
1726 4803 1935 4861 iudices

344 4898 713 4958 ecclesiastici
753 4914 863 4953 non
904 4902 1159 4954 tenentur
1186 4892 1425 4951 iudicare
1454 4894 1758 4951 secundum
1788 4894 1933 4966 leges

348 4990 569 5062 civiles,
602 4992 699 5045 sed
741 4987 1043 5043 secundum
1085 4999 1351 5059 canones3
1384 4989 1438 5040 et
1476 4984 1568 5040 ubi
1606 4983 1677 5041 illi
1709 4983 1934 5055 desunt,

348 5086 585 5156 possunt
614 5095 717 5136 suo
746 5076 969 5136 arbitrio
998 5074 1107 5145 uti,
1132 5073 1597 5132 accommodando
1618 5090 1821 5147 poenas
1840 5090 1933 5131 ca·

346 5173 579 5230 nonicas
618 5176 673 5227 et
701 5184 807 5225 non
838 5164 1025 5223 civiles
1046 5186 1081 5222 z·
1103 5164 1248 5221 unde
1274 5165 1403 5237 quia
1430 5180 1671 5221 canones
1697 5180 1800 5221 non
1838 5180 1939 5237 po-

347 5267 491 5323 nunt
514 5260 929 5321 determinatam
958 5270 1191 5332 poenam
1218 5270 1319 5328 pro
1346 5255 1439 5313 tali
1462 5254 1661 5315 delicto
1676 5298 1693 5331 ,
1716 5260 1781 5315 ut
1802 5270 1935 5313 con-

3365 338 3487 401 287

1983 495 2094 547 stat
2112 534 2127 561 ,
2172 486 2393 545 arbitrio
2433 484 2629 543 iudicis
2669 483 3024 541 ecclesiastici
3073 480 3394 554 imponenda
3439 484 3564 538 erit.

1980 580 2226 647 Quinimo
2253 577 2498 635 nonnulli
2523 576 2748 634 iuristae
2769 574 2961 631 dicunt
2976 614 2991 645 ,
3017 590 3128 631 non
3149 588 3310 647 posse
3333 580 3466 630 tunc
3491 573 3571 628 iu-

1982 670 2157 727 dicem
2184 668 2622 726 ecclesiasticum
2649 666 2923 737 imponere
2945 662 3164 721 subdito
3185 678 3415 734 poenam
3438 662 3572 735 legis

1983 760 2192 829 civilis,
2223 774 2290 815 ne
2334 758 2578 813 videatur
2618 755 2885 812 clericum
2926 753 3173 811 iudicare
3215 768 3365 809 more
3404 751 3574 807 laico·-

1982 865 2107 906 rum
2134 892 2148 921 ,
2181 854 2276 905 aut
2309 850 2460 904 iuxta
2497 847 2764 903 laicorum
2801 844 3066 901 iudicium
3089 886 3103 914 ,
3132 850 3324 900 contra
3357 857 3480 913 cap.
3513 846 3570 913 2,

1984 938 2051 996 de
2092 938 2259 995 indic.
2306 936 2412 994 Sed
2453 938 2503 993 in
2533 936 2636 992 hoc
2666 935 2816 991 nulla
2842 940 2931 991 est
2957 933 3278 1006 prohibitio,
3317 947 3417 987 nec
3445 932 3575 988 obli·

1982 1028 2129 1101 gatio
2160 1043 2257 1101 per
2284 1042 2340 1083 se
2372 1025 2676 1099 loquend03
2703 1040 2826 1079 nam
2855 1024 3036 1095 potius
3064 1029 3148 1079 est
3174 1022 3414 1094 prudens
3441 1037 3574 1079 con-

1985 1118 2168 1173 silium
2189 1134 2214 1189 ,·
2239 1124 2294 1174 et
2321 1116 2624 1174 canonibus
2653 1121 3108 1183 consentaneum,
3144 1121 3206 1169 ut
3244 1114 3452 1170 iudices
3482 1130 3576 1169 ec-

1984 1207 2276 1265 clesiastici
2302 1209 2580 1264 imitentur
2608 1206 2755 1279 leges
2782 1207 2954 1261 iustas
2977 1203 3193 1274 civiles,
3217 1204 3308 1260 ubi
3334 1218 3574 1260 canones

1984 1298 2205 1355 desunt.
2239 1298 2426 1357 Solum
2457 1314 2588 1369 ergo
2614 1296 2666 1353 id
2697 1295 2916 1353 babebit
2942 1296 3124 1352 locum
3143 1338 3158 1365 ,
3187 1296 3408 1369 quando
3439 1311 3570 1368 poe-

1984 1404 2053 1445 na
2096 1396 2245 1445 esset
2284 1387 2617 1461 corporalis,
2657 1392 2712 1443 et
2751 1402 2858 1442 non
2905 1383 3106 1441 decens
3146 1384 3574 1441 ecclesiasticam

1986 1494 2294 1551 personam,
2321 1479 2400 1535 vel
2425 1476 2644 1549 quando
2668 1492 2763 1548 per
2788 1475 3044 1532 accidens
3069 1482 3394 1547 sequeretur
3415 1488 3574 1529 scan-

1986 1568 2172 1625 dalum
2201 1568 2284 1624 vel
2315 1568 2561 1640 suspicio
2593 1565 2784 1639 agendi
2807 1571 3000 1622 contra
3026 1564 3456 1622 ecclesiasticam
3479 1564 3575 1621 im-

1987 1658 2328 1715 munitatem.

2073 1752 2161 1807 17.
2194 1751 2266 1807 Et
2289 1751 2438 1806 iuxta
2460 1747 2595 1805 haec
2623 1746 2780 1805 facile
2802 1752 2888 1803 est
2907 1743 3238 1817 respondere
3261 1742 3328 1801 ad
3351 1743 3576 1801 alteram

1988 1848 2201 1912 partem
2243 1839 2466 1897 rationis
2505 1836 2819 1908 dubitandi,
2866 1852 2962 1893 seu
3011 1835 3332 1891 obiectionis
3373 1835 3576 1907 positae

1990 1936 2188 1987 contra
2216 1931 2454 2002 priorem
2483 1928 2863 1985 assertionem.
2893 1929 3135 1998 Negatur
3161 1925 3302 1981 enim
3331 1923 3574 1997 sequela,

1988 2036 2131 2093 quae
2158 2020 2219 2077 fit
2245 2036 2276 2076 a
2305 2019 2356 2075 vi
2387 2018 2650 2075 directiva
2671 2015 2738 2073 ad
2759 2018 3091 2087 coactivam,
3119 2014 3202 2071 vel
3223 2030 3254 2071 e
3274 2017 3572 2088 contrari03

1989 2109 2057 2167 de
2078 2125 2192 2183 quo
2216 2110 2372 2182 plura
2389 2108 2638 2166 dicemus
2655 2107 2832 2179 capite
2847 2106 3111 2181 sequenti.
3131 2107 3372 2178 Negatur
3392 2108 3574 2178 etiam,

1987 2216 2108 2258 esse
2138 2201 2466 2273 impossibile
2485 2242 2500 2273 ,
2533 2198 2767 2273 aliquem
2795 2200 2964 2255 teneri
2993 2199 3296 2269 praeceptis
3325 2195 3574 2267 alicuius,

1991 2306 2021 2349 a
2046 2308 2157 2365 quo
2182 2308 2289 2349 non
2314 2290 2486 2364 possit
2507 2290 2628 2363 cogi
2650 2304 2747 2360 per
2766 2303 3017 2361 poenam,
3033 2293 3129 2344 aut
3149 2286 3349 2358 puniri,
3365 2286 3408 2342 si
3429 2284 3580 2343 in'ob·

1988 2380 2172 2439 ediens
2201 2380 2288 2437 sit.
2321 2383 2453 2437 Nam
2481 2380 2606 2436 licet
2637 2385 2868 2451 utraque
2898 2384 3140 2450 potestas
3169 2378 3478 2432 necessaria
3506 2377 3579 2432 sit

1990 2470 2057 2529 ad
2081 2470 2384 2527 efficaciam
2415 2468 2546 2542 legis
2569 2512 2583 2540 ,
2615 2484 2722 2523 non
2751 2478 2837 2525 est
2864 2476 3045 2525 tamen
3073 2467 3445 2524 necessarium
3471 2508 3485 2536 ,
3517 2470 3581 2521 ut

1990 2577 2207 2633 semper
2240 2566 2472 2633 utraque
2499 2559 2566 2614 sit
2594 2558 2642 2613 in
2671 2556 2858 2614 eadem
2881 2572 3128 2630 persona.
3154 2556 3408 2624 Quamvis
3434 2554 3576 2610 enim

1991 2651 2348 2724 regulariter,
2388 2657 2442 2705 et
2477 2655 2686 2706 attento
2725 2646 2841 2703 solo
2882 2647 3154 2704 ordinario
3195 2647 3343 2720 iure,
3383 2647 3456 2703 ita
3485 2646 3574 2715 sit,

1990 2741 2340 2797 nihilominus
2370 2746 2591 2811 propter
2612 2753 2904 2795 commune
2927 2737 3130 2794 bonum
3153 2743 3385 2807 possunt
3412 2736 3578 2791 inter·

1992 2830 2126 2888 dum
2169 2830 2440 2901 separari,
2485 2840 2542 2885 et
2577 2830 2651 2885 ita
2683 2829 2890 2885 sactum
2920 2835 3006 2884 est
3033 2830 3086 2883 in
3116 2825 3423 2883 huiusmodi
3451 2824 3575 2899 legi-

1992 2920 2117 2977 bus.
2148 2920 2284 2976 Nam
2312 2919 2524 2993 legibus
2548 2918 2796 2975 civilibus
2823 2918 3014 2976 relicta
3033 2924 3119 2973 est
3139 2917 3364 2975 directio
3384 2931 3574 2973 neces-

1994 3012 2138 3067 saria
2167 3011 2324 3065 etiam
2355 3008 2540 3083 quoad
2573 3022 2831 3079 personas
2859 3007 3185 3063 clericorum
3215 3008 3263 3063 in
3294 3007 3407 3076 his,
3439 3022 3578 3080 quae

1994 3099 2301 3157 secundum
2341 3113 2690 3155 communem
2729 3099 2992 3153 rationem
3034 3099 3240 3154 civium
3273 3098 3581 3155 necessaria

1996 3196 2126 3247 sunt
2160 3190 2228 3247 ad
2263 3204 2558 3247 commune
2594 3188 2800 3243 bonum
2837 3187 3102 3260 civitatis,
3131 3194 3186 3244 et
3225 3187 3474 3244 omnibus
3502 3190 3579 3244 ci·

1996 3280 2155 3337 vibus
2185 3280 2498 3337 communia
2525 3284 2670 3334 sunt.
2695 3278 2766 3334 Et
2786 3277 3132 3335 nihilominus
3152 3280 3365 3336 coactio
3391 3294 3581 3335 neces-

1996 3372 2135 3428 saria
2162 3372 2325 3428 etiam
2357 3386 2458 3443 pro
2487 3369 2689 3426 talibus
2718 3368 2924 3441 legibus
2963 3368 3273 3440 servandis,
3305 3375 3582 3426 reservata

1995 3468 2083 3518 est
2108 3460 2498 3519 ecclesiasticis
2527 3458 2828 3530 iudicibus,
2867 3466 3090 3530 propter
3118 3458 3378 3516 honorem
3406 3465 3463 3515 et
3489 3458 3584 3515 de-

1998 3552 2231 3607 centiam
2271 3548 2630 3607 ecclesiastici
2673 3554 2883 3619 status,
2924 3554 2982 3604 et
3007 3548 3073 3605 ad
3103 3551 3306 3605 maiora
3333 3548 3477 3605 mala
3506 3552 3583 3605 vi-

1998 3637 2180 3695 tanda.
2212 3640 2362 3697 Unde
2393 3637 2458 3695 ad
2490 3639 2845 3711 magistratus
2875 3638 3058 3695 civiles
3081 3640 3366 3711 pertinebit
3388 3639 3584 3713 implo-

1999 3745 2122 3785 rare
2144 3730 2400 3786 auxilium
2425 3727 2792 3801 praelatorum
2815 3727 3094 3785 Ecclesiae
3109 3768 3124 3799 ,
3151 3735 3212 3785 ut
3232 3735 3436 3801 cogant
3453 3730 3583 3786 sub-

1998 3817 2136 3876 ditos
2178 3834 2310 3875 suos
2351 3818 2521 3874 iustas
2562 3817 2707 3890 leges
2749 3832 3000 3888 servare,
3045 3817 3192 3891 quod
3233 3819 3334 3891 ipsi
3370 3835 3470 3892 pro
3500 3820 3584 3877 sui

2000 3912 2245 3966 muneris
2277 3906 2598 3980 obligatione
2625 3906 2807 3965 facere
2837 3907 3187 3965 tenebuntur.

2084 4004 2173 4057 18.
2202 3997 2562 4070 interrogabit
2583 4003 2763 4054 autem
2785 3995 3016 4054 fortasse
3045 3998 3236 4070 aliquis
3252 4040 3266 4069 ,
3291 3999 3490 4071 quibus
3512 4001 3585 4056 si-

2000 4090 2123 4163 gnis
2162 4094 2262 4144 aut
2301 4088 2502 4161 regulis
2531 4087 2797 4159 cognosci
2833 4087 3035 4160 possit,
3066 4087 3282 4161 quando
3321 4089 3466 4164 leges
3508 4092 3585 4147 ci-

1999 4179 2132 4240 viles
2166 4178 2302 4235 tales
2339 4180 2478 4250 sint,
2519 4184 2582 4233 ut
2615 4176 3026 4234 ecclesiasticas
3064 4194 3322 4251 personas
3350 4180 3586 4254 obligent

2004 4270 2073 4326 ad
2113 4270 2200 4325 sui
2240 4267 2695 4325 observationem.
2741 4270 2816 4325 De
2855 4267 2956 4325 hac
2994 4270 3138 4326 enim
3165 4286 3224 4327 re
3255 4270 3424 4327 multa
3451 4272 3586 4328 scri-

2004 4358 2143 4415 bunt
2168 4358 2494 4431 iurisperiti,
2519 4362 2575 4414 et
2601 4373 2707 4414 non
2739 4364 2850 4415 tam
2871 4357 3178 4430 generalem
3207 4360 3452 4433 regulam
3474 4367 3586 4419 tra-

2003 4449 2174 4521 dunt,
2203 4464 2368 4522 quam
2395 4462 2492 4521 per
2519 4449 2700 4505 varios
2735 4464 2902 4505 casus
2938 4448 3287 4519 discurrunt,
3321 4438 3393 4507 uf
3409 4450 3584 4509 videri

2004 4546 2192 4613 potest
2217 4539 2268 4595 in
2297 4538 2542 4611 Bartolo,
2571 4538 2972 4614 Panormitano,
3001 4546 3057 4597 et
3083 4539 3298 4612 Felino;
3331 4540 3427 4599 sed
3451 4542 3590 4601 illud

2002 4645 2137 4702 pene
2181 4628 2444 4685 inlinitum
2483 4634 2600 4699 est,
2630 4634 2686 4684 et
2725 4636 3007 4700 praeterea
3041 4629 3258 4688 difficile
3287 4639 3372 4689 est
3396 4649 3463 4689 ex
3487 4633 3589 4690 illis

2006 4719 2210 4792 aliquid
2239 4724 2454 4775 certum
2482 4717 2761 4790 colligere.
2790 4720 3062 4786 Quantum
3087 4736 3220 4796 ergo
3247 4722 3317 4779 ad
3341 4739 3438 4780 nos
3467 4739 3588 4795 spe-

2004 4816 2151 4882 ctat,
2183 4807 2352 4866 videri
2381 4814 2560 4881 potest
2588 4808 2738 4865 utilis
2773 4808 3053 4867 distinctio
3090 4811 3270 4886 legum
3301 4829 3470 4885 supra
3495 4812 3591 4869 da-

2004 4907 2090 4973 ta3
2135 4916 2260 4957 nam
2299 4899 2570 4973 quaedam
2611 4899 2912 4971 respiciunt
2949 4900 3154 4960 bonnm
3185 4902 3464 4976 publicum
3492 4904 3592 4961 im-

2005 4993 2238 5051 mediate
2277 4999 2334 5048 et
2372 4990 2673 5047 secundum
2711 5008 2800 5065 se,
2833 4992 2964 5050 aliae
2993 4994 3195 5051 bonum
3223 4992 3587 5067 singulorum,

2009 5100 2076 5142 ex
2103 5097 2216 5156 quo
2254 5080 2472 5139 tandem
2512 5080 2743 5139 resultat
2775 5097 3062 5140 commune
3089 5084 3313 5143 bonum.
3346 5088 3421 5142 De
3447 5084 3591 5157 prio-

2007 5174 2163 5231 ribus
2192 5186 2322 5243 ergo
2359 5170 2569 5244 legibus
2597 5172 2921 5245 generaliter
2957 5173 3214 5231 affirmari
3255 5180 3437 5247 potest
3463 5175 3593 5233 obli-

2006 5279 2137 5341 gare
2165 5260 2428 5336 clericos,
2457 5261 2676 5335 quando
2703 5263 2930 5321 materia
2955 5278 3144 5323 earum
3171 5265 3476 5325 communis
3503 5271 3590 5328 est
