4325 6267
1774 384 1984 435 CAPUT
2011 382 2156 433 xlv.

323 512 383 563 01
415 505 453 563 1.
481 510 581 565 ius
599 506 928 583 publicum,
963 507 1018 565 ff.
1053 506 1118 565 de
1149 508 1351 581 pactis,
1383 514 1444 565 ut
1469 516 1554 565 031
1581 509 1921 583 privilegium

325 596 461 665 sori,
497 614 549 653 v.
583 614 639 671 g.
674 606 931 671 respectu
962 598 1182 672 clerici,
1208 600 1300 655 001
1331 600 1442 670 11130
1473 600 1794 657 renunciare
1815 616 1922 656 non

323 692 540 757 potest,
580 688 709 761 quia
747 704 854 745 non
897 688 1099 745 1010110
1143 703 1410 761 personae
1439 705 1592 762 suae,
1626 689 1721 746 sed
1749 689 1922 761 digni-

323 776 452 831 tatis
495 776 761 835 clericalis
803 794 1134 836 concessum
1175 786 1279 835 est.
1325 780 1394 835 Et
1435 778 1539 836 hoc
1578 780 1921 853 privilegium

319 866 822 938 propriissime·est
861 868 978 941 lex,
1009 885 1118 925 non
1162 872 1341 928 solum
1375 879 1631 945 respectu
1667 870 1919 942 aliorum,

319 956 533 1027 quibus
557 958 912 1030 praecipitur,
941 966 1005 1015 ut
1022 959 1128 1016 tale
1153 961 1493 1036 privilegium
1517 962 1716 1018 clerico
1738 960 1924 1018 obser-

318 1051 486 1115 vent,
519 1046 614 1103 sed
655 1050 816 1105 etiam
855 1054 1108 1121 respectu
1146 1050 1314 1122 ipsius
1343 1051 1559 1121 clerici,
1593 1052 1688 1107 cui
1719 1050 1922 1122 praeci·

317 1136 510 1209 pitur,
541 1143 606 1196 ut
633 1138 720 1195 illo
749 1145 963 1199 utatur.
1000 1142 1056 1195 ln
1083 1138 1173 1196 illa
1201 1140 1342 1197 enim
1371 1141 1730 1214 dispositione
1760 1156 1921 1213 supe-

317 1227 491 1283 rioris
517 1229 788 1286 invenitur
815 1230 1060 1302 perfecta
1087 1231 1166 1286 vis
1196 1231 1496 1305 obligandi3
1524 1232 1652 1289 nihil
1685 1248 1820 1305 ergo
1850 1231 1923 1289 illi

315 1316 480 1374 deest
501 1317 571 1375 ad
595 1320 857 1376 rationem
881 1321 1030 1393 legis.
1057 1321 1172 1378 Alia
1197 1330 1326 1379 sunt
1345 1323 1623 1397 privilegia
1653 1338 1922 1380 concessa

315 1408 533 1465 intuitu
574 1410 770 1483 privati
809 1410 1082 1467 commodi
1125 1412 1367 1483 ipsarum
1415 1428 1810 1484 personarum,
1853 1412 1920 1469 de

315 1498 528 1570 quibus
563 1505 648 1555 est
681 1514 862 1556 sermo
898 1501 953 1555 in
988 1499 1136 1559 dicto
1176 1517 1300 1571 cap.
1338 1504 1492 1560 Cum
1518 1505 1914 1568 accessissent,

317 1585 389 1643 (10
421 1587 634 1659 probat.
674 1595 732 1645 et
765 1590 816 1645 in
859 1590 1079 1662 regula,
1118 1591 1292 1666 Quod
1318 1592 1388 1647 ob
1414 1596 1710 1666 qratiam,
1745 1592 1812 1650 (10
1840 1608 1924 1650 re-

319 1675 468 1749 gulis
509 1677 668 1750 iuris,
703 1680 758 1735 in
791 1682 844 1737 6.
878 1680 980 1737 Ubi
1007 1680 1228 1748 Glossa,
1260 1690 1316 1738 et
1343 1682 1461 1753 alii,
1494 1683 1726 1758 sylvest.
1757 1684 1922 1739 verbo

311 1766 723 1841 privileqium.
763 1770 879 1826 Hoc
919 1787 1051 1843 ergo
1088 1772 1462 1846 privilegium,
1493 1774 1536 1829 si
1569 1782 1924 1845 comparetur

320 1856 392 1912 ad
425 1857 640 1929 ipsum,
671 1859 763 1915 cui
792 1860 1116 1917 conceditur
1137 1901 1152 1930 ,
1179 1863 1294 1917 sine
1320 1862 1487 1919 dubio
1511 1879 1621 1920 non
1654 1862 1818 1921 habet
1838 1880 1924 1919 ra-

321 1948 533 2004 tionem
573 1948 740 2021 legis,
775 1956 838 2007 ut
883 1950 1080 2022 probat
1117 1953 1256 2009 ratio
1296 1952 1475 2024 sacta,
1519 1956 1650 2026 quia
1692 1970 1798 2010 non
1837 1961 1926 2012 est

320 2044 690 2110 praeceptum
717 2038 791 2096 1111
811 2024 1150 2115 impositum,
1173 2056 1347 2113 neque
1367 2041 1567 2115 obligat
1595 2043 1768 2119 illum,
1794 2061 1923 2103 cum

320 2129 504 2201 possit
533 2131 582 2185 ei
609 2132 952 2188 renunciare.
984 2134 1054 2188 At
1095 2148 1224 2189 vero
1251 2139 1509 2203 respectu
1537 2134 1770 2193 aliorum
1790 2179 1805 2207 ,
1829 2138 1924 2209 qui

323 2218 436 2275 tale
481 2219 825 2294 privilegium
866 2222 1210 2279 observaturi
1247 2230 1407 2296 3001,
1439 2240 1624 2281 veram
1651 2225 1813 2281 habet
1841 2242 1927 2282 ra·

323 2310 534 2366 tionem
568 2310 734 2385 legis3
765 2312 1007 2369 continet
1043 2316 1185 2369 enim
1213 2321 1562 2385 praeceptum
1600 2322 1926 2388 perpetuum

327 2399 580 2474 obligans
622 2399 691 2457 ad
717 2402 883 2459 talem
913 2404 1314 2461 immunitatem
1344 2405 1692 2480 servandam,
1727 2407 1925 2481 alioqui

327 2490 490 2547 valde
531 2490 778 2550 inefficax
807 2499 954 2550 esset
979 2494 1086 2550 tale
1113 2495 1481 2569 privilegium:
1521 2513 1654 2571 ergo
1683 2500 1832 2555 sicut
1859 2499 1927 2555 de

328 2582 694 2651 promissione
739 2582 1006 2655 diximus,
1048 2584 1133 2641 vel
1173 2586 1334 2643 etiam
1387 2587 1454 2643 de
1501 2587 1618 2659 1030
1658 2589 1922 2659 punitiva,

330 2677 612 2744 quatenus
641 2672 846 2746 obligat
871 2673 1142 2746 iudicem,
1169 2683 1230 2732 ut
1257 2676 1362 2733 tale
1389 2678 1599 2734 iustum
1627 2695 1928 2737 nocumen-

333 2769 460 2818 tum
489 2762 722 2835 inserat,
753 2764 824 2820 ita
852 2764 901 2819 in
931 2767 1203 2836 praesenti
1229 2764 1524 2823 dicendum
1552 2775 1656 2825 est.

414 2856 471 2911 7.
501 2854 659 2911 Circa
686 2862 944 2927 quartum
969 2854 1034 2912 de
1056 2856 1279 2913 consilio
1299 2899 1315 2929 ,
1343 2857 1536 2915 Glossa
1559 2860 1610 2915 in
1634 2859 1689 2916 d.
1715 2860 1822 2934 leg.
1848 2860 1928 2918 le-

329 2946 428 3016 yis
465 2946 688 3011 virtus,
735 2951 962 3017 propter
1000 2946 1136 3003 illud
1177 2951 1425 3024 censuit,
1455 2952 1614 3007 etiam
1641 2951 1928 3009 consilium

329 3036 605 3107 pertinere
643 3036 712 3093 ad
753 3036 1007 3093 virtutem
1049 3036 1202 3109 legis.
1233 3038 1383 3095 Illam
1414 3047 1593 3097 tamen
1625 3044 1928 3099 communi-

328 3134 418 3184 ter
459 3128 756 3199 reprobant
787 3128 933 3184 Bart.
967 3136 1025 3185 et
1051 3130 1276 3185 caeteri.
1313 3132 1442 3188 Soto
1473 3132 1562 3188 lib.
1605 3136 1654 3191 1.
1685 3130 1757 3189 de
1782 3136 1922 3191 inst.

329 3234 386 3291 q.
420 3222 480 3289 2,
513 3224 617 3274 art.
652 3222 707 3276 2.
737 3233 860 3275 eam
887 3217 1102 3290 irridet,
1128 3220 1388 3292 quoniam
1415 3220 1705 3279 consilium
1742 3224 1927 3295 potius

330 3308 806 3382 condistinguitur
841 3324 874 3365 a
901 3317 1222 3382 praecepto,
1251 3317 1310 3367 et
1343 3320 1737 3385 consequenter
1777 3330 1808 3371 a
1854 3312 1930 3371 le-

331 3414 433 3471 301
468 3399 620 3471 quod
660 3400 824 3457 sentit
860 3399 1022 3456 etiam
1063 3399 1119 3457 d.
1159 3401 1394 3459 Thomas
1421 3402 1476 3459 d.
1511 3419 1565 3477 q.
1601 3408 1693 3473 92,
1725 3412 1832 3461 art.
1865 3410 1922 3463 2.

331 3488 400 3545 ad
437 3493 497 3557 2,
534 3496 592 3545 et
615 3504 670 3561 q.
710 3492 798 3547 17.
829 3488 900 3545 de
926 3493 1094 3546 verit.
1131 3496 1236 3547 art.
1271 3498 1326 3549 3.
1357 3491 1424 3549 ad
1455 3497 1521 3565 23
1553 3500 1608 3550 et
1639 3494 1774 3550 11000
1805 3509 1928 3551 sen-

330 3579 498 3635 tentia
539 3580 592 3634 in
629 3579 812 3651 rigore
851 3585 909 3635 et
958 3582 1291 3651 proprietate
1331 3597 1461 3638 vera
1499 3589 1614 3657 est,
1660 3590 1722 3640 ut
1761 3599 1928 3656 supra

327 3670 492 3732 etiam
523 3667 651 3725 dixi.
685 3670 753 3726 Et
771 3669 910 3726 ratio
935 3668 989 3727 d.
1017 3670 1252 3727 Thomae
1275 3678 1361 3729 est
1383 3674 1617 3746 optima,
1641 3674 1770 3747 quia
1791 3690 1926 3731 con-

327 3760 516 3816 silium
545 3776 651 3815 non
680 3760 907 3832 requirit
935 3766 1262 3831 potestatem
1282 3764 1618 3837 superioris,
1645 3764 1738 3821 sed
1767 3780 1797 3821 a
1819 3766 1924 3837 pri-

327 3857 457 3906 vato
485 3851 650 3905 etiam
677 3849 794 3906 dari
820 3854 1034 3922 potest,
1061 3866 1197 3925 ergo
1225 3868 1322 3927 per
1348 3868 1406 3909 se
1435 3868 1542 3909 non
1571 3855 1807 3927 requirit
1827 3870 1926 3913 au·

327 3941 640 3996 ctoritatem
667 3938 824 4011 legis.

410 4036 464 4089 8.
501 4028 670 4087 0111101
701 4044 830 4086 vero
858 4033 1072 4102 potest,
1103 4030 1231 4103 quia
1258 4030 1400 4087 idem
1427 4030 1481 4088 (1.
1515 4031 1750 4089 Thomas
1785 4038 1834 4093 1.
1863 4038 1921 4105 2,

328 4135 384 4193 q.
427 4124 565 4188 108,
598 4124 704 4175 art.
741 4124 796 4183 4,
828 4119 1054 4175 consilia
1079 4120 1388 4193 evangelica
1410 4121 1562 4193 ponit
1582 4122 1718 4179 inter
1743 4128 1924 4195 partes

326 4210 464 4283 legis
507 4209 736 4282 gratiae.
781 4209 1162 4281 Respondetur
1198 4213 1408 4283 primo,
1439 4214 1655 4269 nomine
1685 4211 1816 4286 legis
1842 4216 1925 4271 in-

327 4298 554 4355 terdurn
593 4298 978 4371 comprehendi
1008 4306 1174 4357 totam
1203 4301 1634 4375 dispositionem,
1673 4318 1771 4360 300
1801 4320 1928 4376 pro-

327 4388 626 4445 videntiam
661 4388 986 4462 legislatoris
1023 4391 1174 4447 circa
1201 4391 1654 4463 gubernationem
1683 4393 1927 4451 subdito-

325 4494 490 4551 rum,
521 4485 580 4534 et
605 4479 686 4535 310
715 4478 784 4535 ad
811 4478 966 4536 illum
993 4482 1226 4551 pertinet
1252 4497 1359 4538 non
1389 4490 1602 4540 tantum
1632 4491 1925 4557 praecepta

325 4568 494 4641 dare,
535 4567 634 4624 sed
672 4570 837 4625 etiam
878 4569 1102 4626 consilia
1129 4570 1194 4628 de
1223 4571 1318 4645 iis,
1350 4588 1492 4646 quae
1521 4572 1744 4630 meliora
1771 4582 1918 4647 sunt3

325 4658 477 4731 quod
509 4658 818 4715 observavit
842 4658 1092 4716 Christus
1122 4662 1382 4718 Dominus
1417 4663 1470 4717 in
1510 4661 1628 4737 lege
1657 4664 1925 4737 evangeli-

325 4766 425 4823 ca,
454 4756 510 4807 et
550 4751 602 4806 in
644 4752 760 4807 iure
797 4752 959 4807 etiam
987 4750 1255 4818 humano,
1286 4755 1606 4827 praesertim
1635 4755 1918 4827 canonico,

327 4856 492 4913 saepe
534 4841 888 4912 observatur,
933 4847 995 4897 ut
1028 4847 1179 4912 patet
1206 4842 1255 4896 in
1285 4842 1454 4914 capit.
1492 4844 1912 4913 Commissum,

326 4930 395 4987 (10
434 4928 816 5003 sponsalibus,
845 4930 942 5001 ibi,
979 4932 1186 4986 Tutius
1225 4937 1330 4988 est.
1377 4933 1448 4989 Et
1487 4931 1660 4989 multa
1699 4940 1830 4991 sunt
1855 4933 1924 4989 si-

327 5022 473 5079 milia
500 5024 622 5078 iura
640 5061 655 5087 ,
680 5019 748 5078 ad
769 5036 910 5095 quae
939 5020 1287 5094 intelligenda
1316 5021 1416 5078 hoc
1441 5030 1523 5078 est
1549 5038 1708 5095 saepe
1735 5038 1922 5079 neces·

219 5172 242 5195 .
327 5114 558 5169 sarium.
592 5114 652 5169 ln
695 5113 797 5168 1100
839 5127 972 5185 ergo
1002 5126 1168 5168 30030
1194 5128 1304 5168 000
1331 5113 1468 5169 male
1497 5111 1628 5169 dixit
1655 5112 1740 5169 illa
1767 5112 1922 5170 Glos-

327 5220 386 5259 sa
413 5246 426 5273 ,
465 5202 640 5275 legem
667 5218 774 5259 non
806 5208 1018 5259 tantum
1049 5204 1380 5276 praecipere,
1413 5203 1506 5261 sed
1534 5204 1694 5261 etiam
1722 5220 1924 5262 consu-

328 5294 479 5367 lere,
515 5292 766 5368 quamvis
794 5308 854 5351 re
894 5306 1024 5351 vera
1051 5291 1102 5351 id
1143 5308 1250 5352 000
1297 5293 1462 5352 saciat
1501 5293 1830 5372 formaliter,
1861 5301 1922 5355 ut

3416 362 3499 423 55

1993 508 2076 566 lex
2095 552 2109 580 ,
2143 508 2239 565 sed
2263 507 2888 565 concomitanter.Addo
2910 488 3193 581 praeterea
3212 550 3225 573 ,
3252 503 3469 579 quando
3494 503 3580 561 lex

1991 598 2249 670 consulit,
2281 615 2451 656 unum
2480 600 2737 656 effectum
2778 602 2933 672 sequi
2970 599 3133 656 alium
3156 641 3171 671 ,
3203 597 3487 669 nimirum,
3519 602 3584 653 ut

1991 688 2123 745 illud
2154 705 2297 761 opus
2317 731 2331 759 ,
2358 689 2505 761 quod
2522 690 2831 746 consulitur
2848 733 2861 760 ,
2889 692 3007 747 iure
3032 689 3299 763 prohiberi
3322 703 3429 745 000
3452 704 3579 761 pos-

1992 781 2094 852 sit,
2126 796 2230 859 nec
2262 787 2521 853 tanquam
2550 780 2753 837 malum
2784 780 3043 853 refutari,
3068 784 3121 836 et
3145 777 3325 851 quoad
3351 778 3452 835 hoc
3475 776 3581 834 dici

1993 876 2184 941 potest
2211 870 2301 925 illa
2329 868 2413 925 lex
2444 870 2679 927 retinere
2706 870 2813 926 vim
2837 871 2969 942 legis
2985 911 3001 943 ,
3024 876 3078 925 et
3104 868 3360 941 obligare.
3387 868 3456 925 Et
3478 867 3581 923 1100

1992 960 2154 1016 modo
2178 976 2309 1017 cum
2332 961 2519 1016 maiori
2544 961 2870 1032 proprietate
2892 960 3153 1017 dicuntur
3176 956 3401 1014 consilia
3419 973 3582 1013 evan-

1991 1048 2169 1123 gelica
2197 1051 2463 1120 pertinere
2492 1050 2559 1107 ad
2583 1049 2753 1123 legem
2778 1050 2980 1123 gratiae
3004 1054 3257 1121 tanquam
3282 1046 3581 1119 approbata

1991 1148 2048 1195 et
2089 1139 2324 1197 stabilita
2366 1156 2462 1211 per
2505 1140 2670 1196 illam.
2714 1141 2783 1196 Et
2825 1140 2924 1196 hac
2964 1138 3174 1195 ratione
3214 1154 3313 1210 pro
3343 1136 3581 1193 consiliis

1991 1230 2319 1304 evangelicis
2348 1230 2671 1287 damnamus
2698 1230 3005 1287 haereticos
3022 1271 3036 1293 ,
3059 1230 3154 1302 qui
3180 1233 3578 1301 paupertatem,

1993 1327 2091 1377 aut
2143 1323 2538 1378 continentiam
2592 1320 3001 1394 reprehendunt
3049 1326 3307 1393 tanquam
3354 1326 3585 1375 naturae

1994 1412 2347 1469 contrariam.
2378 1413 2455 1468 lta
2482 1426 2613 1484 ergo
2643 1410 2791 1469 nulla
2823 1412 2906 1467 lex
2934 1417 3051 1477 est,
3077 1409 3159 1466 vel
3189 1409 3470 1481 dispositio
3492 1424 3586 1465 su·-

1993 1502 2245 1573 perioris,
2270 1516 2408 1574 quae
2432 1503 2730 1573 participet
2751 1502 3011 1559 rationem
3038 1501 3193 1574 legis,
3217 1500 3320 1555 nisi
3342 1500 3393 1556 in
3412 1514 3590 1573 quan-

1996 1602 2115 1648 tum
2147 1591 2525 1664 obligationem
2556 1591 2786 1649 inducit.
2956 1612 2967 1621 ·
3502 1618 3517 1647 a

2072 1687 2125 1739 9.
2162 1682 2292 1738 Dico
2323 1681 2597 1737 secundo:
2631 1682 2685 1737 Si
2714 1680 2973 1753 obligatio
2997 1682 3208 1753 proprie
3232 1687 3439 1737 etcum
3463 1695 3589 1751 pro-

1997 1772 2247 1844 portione
2278 1778 2564 1841 sumatur,
2598 1788 2814 1843 semper
2842 1773 3017 1827 oritur
3042 1787 3113 1827 ex
3144 1771 3327 1843 aliquo
3354 1772 3469 1827 iure
3488 1812 3503 1842 ,
3532 1776 3589 1825 et

1993 1862 2145 1936 103ος
2180 1870 2345 1935 atque
2381 1864 2458 1919 ita
2486 1865 2538 1919 10
2569 1862 2672 1919 1100
2704 1878 2870 1918 30030
2898 1861 3003 1918 (1101
3031 1867 3215 1934 potest
3241 1861 3330 1916 1110
3360 1861 3589 1917 effectus

1995 1953 2336 2027 adaequatus
2381 1953 2530 2025 legis.
2577 1953 2895 2012 Declaratur
2933 1952 3207 2023 breviter3
3242 1967 3366 2007 nam
3395 1953 3448 2007 in
3478 1952 3590 2023 pri-

1993 2044 2094 2100 mis
2124 2059 2348 2100 necesse
2372 2050 2460 2101 est
2489 2043 2633 2116 loqui
2656 2043 2720 2101 de
2745 2042 3074 2116 obligatione
3096 2042 3467 2100 communitati
3491 2042 3590 2097 im-

1994 2132 2201 2205 posita,
2226 2135 2356 2207 quia
2380 2134 2423 2189 si
2444 2135 2755 2205 imponatur
2779 2135 3020 2205 privatae
3042 2148 3335 2205 personae,
3361 2148 3470 2189 non
3488 2132 3591 2188 erit

1995 2241 2060 2282 ex
2092 2226 2241 2297 103ος
2271 2232 2326 2281 01
2353 2224 2497 2281 idem
2524 2230 2638 2296 est,
2667 2225 2709 2280 si
2731 2226 3041 2297 imponatur
3062 2223 3130 2280 ad
3163 2223 3323 2280 breve
3348 2232 3586 2296 tempus,

1995 2316 2124 2389 quia
2165 2322 2297 2379 tunc
2342 2315 2503 2371 etiam
2530 2314 2713 2371 (1011011
2739 2313 2973 2372 conditio
3001 2314 3261 2388 requisita
3288 2312 3355 2370 ad
3386 2314 3584 2387 legem.

1993 2406 2253 2473 Quamvis
2293 2403 2413 2461 illae
2453 2406 2611 2461 etiam
2656 2404 3036 2477 obligationes,
3078 2411 3349 2477 quatenus
3390 2403 3590 2460 habent

1997 2496 2233 2570 aliquam
2261 2495 2695 2571 convenientiam
2727 2512 2856 2553 cum
2881 2491 3206 2568 obligatione
3229 2494 3363 2567 legis
3384 2494 3436 2550 10
3456 2493 3585 2566 1100,

1995 2586 2142 2660 (10οᾱ
2182 2586 2250 2643 011
2295 2585 2396 2643 0110
2429 2586 2659 2643 habente
2688 2590 3011 2658 potestatem
3040 2587 3426 2657 imponuntur,
3457 2598 3589 2641 con-

1995 2683 2287 2751 sequenter
2324 2676 2485 2733 etiam
2513 2676 2847 2733 conveniunt
2874 2691 3005 2732 cum
3034 2674 3149 2749 lege
3186 2676 3241 2731 10
3269 2674 3407 2746 1100,
3438 2672 3589 2747 quod

1994 2782 2063 2823 ex
2090 2768 2318 2839 imperio
2358 2782 2457 2823 seu
2485 2773 2779 2838 praecepto
2810 2766 2991 2839 aliquo
3032 2766 3375 2837 proveniunt,
3419 2764 3590 2820 maxi·-

1995 2872 2083 2914 me
2122 2856 2343 2929 quando
2384 2856 2765 2913 necessitatem
2817 2855 2868 2911 in
2910 2856 3241 2911 conscientia
3278 2855 3583 2925 imponunt.

1995 2948 2107 3004 lmo
2147 2946 2313 3003 etiam
2354 2952 2488 3003 1000
2530 2946 2597 3002 ab
2635 2945 2815 3018 aliqua
2842 2945 2958 3016 lege
2987 2950 3155 3001 totam
3184 2944 3288 2999 vim
3318 2940 3587 3016 obligandi

1997 3036 2295 3107 accipiunt.
2340 3039 2521 3109 Atque
2548 3036 2624 3091 ita
2650 3050 2845 3091 sensus
2884 3035 3197 3090 assertionis
3224 3040 3338 3104 est,
3369 3048 3585 3089 omnem

1996 3125 2309 3183 huiusmodi
2347 3124 2738 3197 obligationem
2778 3139 2844 3181 ex
2887 3123 3003 3195 lege
3031 3123 3159 3180 oriri
3187 3123 3368 3195 aliquo
3398 3123 3579 3180 modo.

1995 3216 2269 3273 Probatur
2296 3206 2479 3271 autem
2508 3215 2683 3286 primo
2710 3227 2742 3269 a
2770 3215 3049 3269 contrario
3080 3228 3145 3269 ex
3168 3215 3309 3287 Aug.
3336 3218 3428 3271 22.
3454 3228 3589 3269 con-

1995 3310 2096 3363 tra
2133 3308 2348 3363 Faust.
2392 3319 2516 3376 cap.
2562 3307 2656 3363 27.
2696 3303 3009 3368 definiente,
3042 3308 3333 3376 peccatum
3360 3318 3482 3360 esse
3508 3302 3587 3360 di-

1995 3402 2148 3453 ctum
2180 3395 2262 3452 vel
2290 3394 2497 3451 iactum
2522 3400 2714 3450 contra
2744 3392 2947 3467 10301ος
2973 3410 3098 3449 nam
3120 3401 3305 3466 aperte
3326 3380 3585 3466 supponit

1994 3502 2213 3545 omnem
2243 3486 2633 3559 obligationem
2662 3483 2729 3540 ad
2750 3483 2953 3557 aliquid
2978 3485 3259 3542 vitandum
3281 3483 3363 3540 vel
3385 3483 3585 3540 sacien-

1994 3578 2126 3636 dum
2170 3578 2297 3635 oriri
2327 3593 2393 3634 ex
2422 3577 2555 3649 1030.
2587 3576 2723 3632 Nam
2751 3575 2965 3649 quoties
2990 3574 3185 3648 aliquis
3213 3562 3426 3648 agendo
3452 3591 3585 3632 con-

1992 3676 2078 3727 tra
2099 3668 2483 3742 obligationem
2512 3667 2784 3739 propriam
2806 3665 2857 3721 in
2880 3666 3132 3723 conscien
3142 3666 3213 3723 tia
3232 3673 3451 3739 peccat,
3477 3666 3588 3740 agit

1994 3766 2190 3817 contra
2219 3758 2425 3832 legem3
2456 3773 2587 3830 ergo
2616 3757 2737 3813 talis
2766 3750 3020 3829 obligatio
3049 3763 3171 3816 erat
3195 3773 3261 3815 ex
3289 3758 3425 3831 lege.

2067 3848 2267 3906 Deinde
2298 3848 2563 3920 probatur
2586 3845 2793 3904 eisdem
2822 3846 3104 3919 exemplis,
3128 3863 3269 3921 quae
3293 3848 3345 3904 in
3367 3853 3587 3905 contra-

1992 3940 2138 3997 rium
2163 3937 2566 4010 afferebantur,
2598 3937 2841 4009 scilicet,
2865 3942 3004 3994 voto
3024 3978 3039 4009 ,
3065 3939 3449 4011 promissione,
3481 3945 3580 3997 aut.
3662 3973 3667 3977 -

1995 4044 2355 4104 quocumque
2395 4036 2589 4101 11001ος
2621 4044 2747 4085 nam
2785 4044 2851 4085 ex
2880 4028 2963 4094 his
2992 4029 3241 4086 omnibus
3271 4046 3377 4087 non
3407 4032 3583 4087 oritur

1993 4120 2279 4193 obligatio,
2308 4119 2405 4175 nisi
2436 4136 2503 4178 ex
2530 4119 2731 4177 virtute
2760 4119 2915 4192 legis.
2945 4120 3004 4176 10
3032 4118 3133 4175 11113
3160 4120 3301 4176 enim
3331 4120 3582 4177 omnibus

1993 4210 2332 4283 distinguere
2353 4216 2565 4280 oportet
2586 4208 3003 4266 fundamentum
3025 4225 3123 4266 seu
3144 4210 3447 4283 proximam
3469 4226 3583 4267 ma·

1992 4302 2185 4357 teriam
2214 4300 2557 4372 obligationis
2585 4315 2617 4356 a
2642 4299 2861 4371 propria
2886 4300 3095 4356 ratione
3112 4339 3128 4371 ,
3160 4307 3215 4357 et
3240 4313 3411 4357 causa
3438 4302 3577 4374 eius;

1992 4405 2115 4446 nam
2145 4389 2559 4446 fundamentum
2586 4388 2837 4446 consistit
2863 4390 2918 4445 in
2948 4388 3129 4467 aliqua
3156 4392 3366 4446 actione
3392 4390 3583 4449 buma-

1991 4496 2093 4537 na:
2126 4478 2217 4536 illa
2254 4495 2387 4536 vero
2428 4481 2737 4553 supposita,
2783 4480 2870 4536 ius
2906 4487 3021 4550 031,
3052 4479 3203 4552 quod
3231 4480 3463 4555 obligat,
3497 4482 3577 4539 310

1991 4571 2044 4627 10
2083 4576 2211 4628 voto
2254 4569 2339 4644 (et
2374 4570 2516 4627 idem
2554 4576 2641 4626 est
2679 4584 2810 4626 cum
2850 4570 3199 4641 proportione
3228 4568 3295 4626 (10
3322 4570 3577 4645 reliquis)

1990 4662 2299 4735 proximum
2339 4660 2749 4717 fundamentum
2788 4658 3125 4732 obligationis
3163 4665 3248 4718 est
3274 4660 3581 4719 voluntaria

1991 4753 2313 4825 promissio:
2346 4750 2495 4825 quod
2532 4758 2711 4808 autem
2743 4750 2959 4822 proprie
2987 4749 3190 4823 obligat
3217 4750 3283 4808 ad
3312 4751 3456 4809 illam
3484 4752 3584 4809 im-

1990 4840 2241 4915 plendam
2261 4883 2276 4913 ,
2306 4848 2391 4897 est
2410 4844 2495 4897 ius
2522 4839 2657 4896 illud
2685 4838 2931 4895 naturale
2958 4854 3023 4895 ac
3043 4839 3318 4898 divinum:
3346 4843 3417 4898 Si
3443 4840 3583 4914 quid

1987 4934 2196 4988 vovisti
2222 4932 2499 4997 Domino,
2540 4944 2612 4985 ne
2639 4931 2889 4985 moreris
2915 4926 3177 4987 reddere.
3204 4932 3273 4988 Et
3310 4932 3388 4987 ita
3417 4932 3580 4989 etiam

1989 5022 2221 5078 luristae
2246 5020 2467 5092 dicunt,
2500 5034 2717 5076 omnem
2744 5017 3124 5091 obligationem
3141 5062 3156 5093 ,
3183 5034 3322 5094 quae
3352 5036 3418 5079 ex
3446 5036 3577 5079 con-

1987 5111 2255 5168 tractibus
2295 5110 2503 5183 oritur,
2547 5124 2667 5165 0330
2696 5108 3033 5179 naturalem,
3064 5109 3148 5166 vel
3178 5110 3419 5183 civilem,
3452 5114 3580 5185 quia

1987 5218 2052 5261 ex
2091 5201 2207 5259 iure
2246 5201 2511 5273 naturali,
2554 5216 2652 5259 seu
2677 5200 2951 5274 gentium,
2982 5210 3077 5258 aut
3108 5199 3249 5257 civili
3279 5202 3487 5275 oritur,
3518 5208 3579 5259 ut

1988 5295 2228 5355 sumitur
2255 5305 2319 5353 ex
2348 5298 2503 5354 textu
2532 5306 2659 5353 cum
2689 5290 2879 5351 Glossa
2903 5292 2959 5351 in
2988 5290 3026 5352 l.
3046 5306 3185 5351 cnm
3206 5289 3485 5369 amptius,
3518 5292 3573 5353 ff.
