4325 6267
1732 321 1944 370 CAPUT
1973 322 2117 370 XIV.

355 450 534 519 Atque
563 460 629 502 ex
661 444 743 501 his
773 444 983 516 reliqua
1003 443 1253 516 exempla
1275 445 1429 503 facile
1451 444 1702 517 expedita
1723 449 1872 500 sunt.

284 537 410 594 Nam
449 535 678 592 tertium
705 532 772 589 de
804 533 1232 604 praescriptione
1264 533 1441 590 solum
1474 534 1694 607 probat,
1729 535 1878 606 leges

283 624 460 682 civiles
511 638 674 695 posse
714 637 779 678 ex
823 622 965 680 iusta
991 637 1160 679 causa
1191 629 1434 695 mutare,
1467 624 1550 680 vel
1584 622 1879 680 transferre

283 715 393 771 iura
429 712 777 784 dominandi,
806 727 912 786 qua
938 713 1240 769 mutatione
1264 714 1406 770 sacta
1425 757 1440 784 ,
1466 697 1770 770 extrinseca
1793 729 1881 768 ra-

281 805 418 858 tione
463 801 572 858 dici
613 808 792 873 potest
837 803 1036 857 mutari
1076 786 1161 858 ius
1191 803 1476 872 naturale,
1507 803 1638 875 quia
1665 809 1879 858 mutata

279 893 502 948 materia
523 929 539 962 ‚
575 898 757 946 cessat
778 890 932 963 prius
959 890 1074 955 ius,
1101 899 1157 948 et
1180 891 1320 946 aliud
1345 891 1570 962 obligat,
1597 891 1745 963 quod
1771 907 1878 946 non

280 987 544 1053 repugnat
593 979 785 1050 dictis,
829 981 938 1036 imo
979 979 1068 1035 illa
1106 981 1413 1036 confirmat.
1448 982 1718 1049 Quartum
1749 995 1877 1035 vero

280 1071 586 1143 exemplum
638 1068 705 1126 de
747 1071 1087 1125 testamentis
1138 1069 1220 1127 vel
1264 1071 1642 1126 contractibus
1700 1069 1880 1124 solum

284 1161 499 1234 probat,
541 1159 630 1216 ius
669 1158 970 1215 humanum
1000 1173 1158 1228 posse
1186 1158 1389 1230 aliquid
1418 1158 1617 1216 addere
1655 1159 1760 1214 iuri
1787 1173 1882 1212 na-

285 1249 471 1316 turali,
505 1248 660 1321 quod
700 1247 859 1303 etiam
902 1263 1096 1303 verum
1125 1254 1230 1304 est.
1262 1245 1448 1320 Neque
1478 1246 1603 1304 inde
1632 1247 1883 1320 sequitur

283 1336 474 1411 aliquid
502 1343 702 1393 contra
741 1337 1034 1407 positivum
1063 1344 1416 1408 praeceptum
1445 1339 1584 1393 iuris
1627 1343 1881 1408 naturae,

281 1429 404 1500 quia
441 1423 530 1482 ius
574 1427 823 1483 naturale
859 1425 1283 1498 notfpraecipit,
1315 1445 1368 1482 v.
1403 1445 1460 1500 g.
1507 1435 1570 1485 nt
1604 1428 1882 1484 matrimo-

285 1517 426 1572 nium
454 1518 572 1572 sine
608 1522 692 1571 tot
723 1515 954 1570 testibus
982 1515 1193 1572 sactum
1217 1517 1422 1588 valeat3
1450 1514 1546 1574 sed
1575 1518 1626 1572 in
1654 1517 1758 1572 hoc
1787 1530 1883 1572 ne·

284 1608 460 1679 gative
479 1622 540 1662 se
567 1605 847 1662 habetnon
865 1604 1129 1677 exigendo
1147 1612 1332 1662 testes.
1349 1603 1500 1662 Unde
1517 1607 1594 1675 lit,
1611 1612 1673 1662 ut
1689 1619 1881 1677 quam-

284 1696 374 1753 diu
411 1699 498 1752 ius
545 1696 842 1768 positivum
883 1695 1002 1751 illos
1041 1711 1146 1752 non
1175 1696 1571 1767 postulaverit,
1603 1696 1882 1752 matrimo-

285 1788 430 1843 nium
469 1785 586 1840 sine
616 1774 926 1842 illis'valeat
943 1799 1010 1840 ex
1037 1786 1088 1839 vi
1113 1785 1246 1840 iuris
1269 1784 1562 1853 naturalis3
1592 1789 1881 1856 postquam

285 1883 463 1934 autem
499 1876 589 1932 ius
633 1875 922 1947 positivum
965 1873 1138 1932 talem.
1171 1873 1538 1932 conditionem
1569 1872 1883 1945 postulabat

286 1965 348 2022 ad
385 1965 632 2022 valorem
683 1970 1040 2036 contractus,
1080 1965 1168 2020 ius
1206 1962 1452 2020 naturale
1483 1963 1551 2019 illi
1581 1978 1686 2018 non
1719 1977 1884 2036 repas

286 2062 442 2129 gnat,
474 2053 570 2110 sed
615 2055 798 2125 potius
837 2069 940 2109 suo
979 2052 1141 2110 modo
1183 2053 1250 2110 ad
1286 2052 1433 2108 illins
1461 2053 1595 2108 iuris
1625 2051 1882 2107 observa-

245 2141 250 2145 ’
289 2145 476 2201 tionem
523 2143 764 2216 obligat,
805 2150 863 2199 et
901 2143 979 2198 sic
1021 2142 1086 2214 de
1125 2142 1246 2198 aliis
1276 2140 1458 2197 formis
1490 2140 1730 2198 humano
1759 2139 1879 2196 iure

285 2236 508 2292 inventis
539 2232 836 2290 dicendum
865 2239 970 2289 est.

364 2330 446 2382 16.
480 2324 566 2380 Ad
603 2321 908 2379 secundum
947 2329 1336 2394 argumentum
1379 2323 1670 2378 continens
1698 2311 1880 2376 exem'-

285 2413 365 2484 pla
392 2412 762 2468 humanarum
800 2411 1272 2482 dispensationum
1301 2413 1354 2466 in
1387 2411 1502 2482 lege
1536 2409 1772 2466 naturali
1797 2424 1884 2464 re-

289 2501 610 2573 spondetur,
641 2499 940 2571 procedere
980 2501 1137 2555 iuxta
1165 2497 1467 2555 secundam
1497 2498 1878 2569 assertionem,
1909 2543 1918 2552 ,

287 2597 338 2648 et
374 2591 516 2647 illam
562 2589 820 2662 probare.
867 2591 1002 2646 Nam
1039 2591 1282 2660 primum
1310 2588 1620 2660 exemplum
1647 2586 1714 2643 de
1744 2592 1872 2642 voto

285 2685 338 2736 et
361 2682 668 2736 iuramento
696 2684 881 2750 aperte
911 2682 1163 2734 versatur
1195 2677 1242 2732 in
1285 2677 1539 2740 materia,
1572 2691 1714 2749 quae
1751 2691 1881 2747 pen-

288 2769 376 2826 det
393 2785 457 2827 ex
477 2769 724 2826 humano
758 2767 980 2825 arbitrio
1007 2774 1064 2824 et
1089 2783 1388 2834 consensu3
1418 2770 1564 2823 etita
1589 2767 1638 2822 in
1663 2765 1884 2821 illorum

289 2858 683 2931 dispensatione
727 2873 836 2912 non
879 2857 1156 2914 relaxatur
1187 2856 1239 2912 in
1267 2872 1326 2912 se
1357 2861 1715 2926 praeceptum
1749 2853 1882 2925 legis

290 2948 571 3019 naturalis,
601 2945 694 3003 sed
725 2946 1018 3002 remittitur
1039 2945 1286 3002 debitum
1309 2950 1492 3000 ortum
1514 2959 1580 2999 ex
1604 2957 1882 2998 consensu

291 3037 548 3108 humano,
581 3045 640 3092 et
681 3037 758 3093 ita
792 3041 974 3092 cessat
1005 3040 1408 3106 consequenter
1438 3033 1694 3106 obligatio
1725 3038 1884 3088 natu-

291 3127 409 3183 ralis
431 3126 744 3198 praecepti,
771 3132 830 3182 ut
857 3126 912 3182 in‘
940 3131 1178 3181 tractatu
1209 3121 1280 3180 de
1312 3126 1649 3180 iuramento
1685 3125 1740 3177 et
1758 3126 1884 3176 voto

292 3233 354 3273 ex
375 3216 622 3288 prol'esso
646 3213 908 3272 traditum
926 3219 1030 3270 est.
1057 3212 1317 3270 Eiusdem
1337 3211 1552 3283 generis
1577 3217 1662 3266 est
1683 3224 1884 3265 secun-

291 3305 414 3362 dum
441 3305 756 3377 exemplum
797 3304 864 3360 de
909 3303 1251 3360 matrimonio
1282 3309 1430 3374 rato,
1465 3317 1586 3356 nam
1617 3300 1781 3356 etiam
1812 3299 1885 3354 ibi

293 3393 594 3466 obligationi
647 3392 882 3449 naturali
924 3391 1294 3448 substernitur
1335 3396 1660 3448 contractus
1690 3389 1883 3445 huma·

293 3499 417 3554 nus,
447 3486 668 3540 ratione
703 3483 867 3556 cuius
899 3487 1082 3554 potest
1105 3483 1159 3537 in
1187 3481 1278 3538 illo
1308 3479 1630 3551 dispensari.
1654 3476 1811 3545 Quod
1841 3477 1885 3532 si

295 3573 456 3630 instes
476 3617 492 3644 ‚
526 3574 660 3646 quia
695 3572 780 3628 lex
811 3571 1076 3628 naturalis
1107 3571 1394 3642 praecipit,
1422 3576 1484 3626 ut
1511 3568 1795 3625 vinculum
1825 3569 1884 3622 il-

295 3661 382 3717 lud
418 3665 490 3719 sit
529 3661 940 3731 indissolubile3
982 3659 1321 3732 respondeo,
1355 3675 1460 3714 non
1494 3661 1568 3715 ita
1597 3658 1701 3714 boc
1732 3672 1886 3728 prae-

295 3752 464 3822 cipere
508 3751 820 3808 naturalem
863 3751 1068 3821 legem‚
1117 3755 1178 3805 ut
1216 3747 1464 3804 absolute
1493 3749 1565 3803 sit
1590 3749 1884 3802 intrinsece

293 3842 490 3897 malum
515 3838 1038 3896 contractumillum
1055 3836 1440 3909 dissolv13nam
1459 3835 1560 3892 hoc
1575 3852 1680 3892 non
1706 3841 1886 3892 osten-

296 3928 433 3985 ditur
477 3930 820 3986 sufficienter
848 3943 914 3984 ex
941 3928 1226 3999 principiis
1263 3926 1603 3982 naturalibus
1624 3967 1638 3996 ,
1671 3925 1768 3982 sed
1797 3941 1890 3981 so-

298 4015 402 4073 lum
432 4025 493 4076 ut
521 4017 748 4075 dissolvi
772 4033 876 4072 non
904 4017 1078 4088 possit
1099 4018 1310 4088 privata
1333 4015 1660 4072 auctoritate
1677 4056 1692 4081 ,
1717 4021 1772 4070 et
1794 4031 1889 4071 vo-

297 4104 492 4163 luntate
535 4107 983 4164 contrahentium
1009 4147 1024 4178 ,
1057 4107 1183 4178 quia
1213 4105 1333 4162 talis
1370 4104 1664 4161 dissolutio
1692 4121 1798 4160 non
1829 4105 1888 4160 fit

296 4198 401 4252 sine
429 4197 619 4270 aliquo
653 4195 993 4268 praeiudicio
1015 4196 1443 4266 communitatis,
1472 4210 1568 4251 seu
1593 4195 1765 4266 ipsius
1791 4212 1886 4251 na-

296 4293 442 4342 turae
470 4286 915 4356 conservandae,
953 4289 1046 4342 cui
1077 4301 1175 4358 per
1207 4284 1310 4341 tale
1338 4283 1621 4340 vinculum
1655 4285 1758 4341 suit
1787 4284 1888 4340 ali-

297 4391 398 4448 quo
437 4375 602 4433 niodo
643 4377 728 4432 ius
763 4377 1093 4448 acquisitum
1113 4415 1128 4445 ,
1157 4381 1214 4431 et
1250 4375 1368 4432 ideo
1397 4373 1618 4430 dissolvi
1648 4390 1754 4430 non
1785 4390 1881 4444 po-

297 4473 398 4523 test
428 4469 644 4538 privata
673 4465 1034 4536 auctoritate3
1061 4471 1257 4520 contra
1286 4479 1451 4536 quam
1481 4464 1783 4521 naturalem
1813 4464 1888 4520 le-

297 4569 410 4626 gem
456 4572 562 4613 non
605 4556 665 4610 lit
685 4596 700 4627 ,
729 4555 948 4627 quando
979 4552 1329 4624 dispensatur
1357 4555 1682 4610 auctoritate
1714 4553 1888 4624 publi-

297 4659 386 4717 ca,
427 4651 486 4702 et
524 4646 600 4700 ita
630 4644 778 4701 nulla
805 4644 1138 4714 dispensatio
1168 4644 1222 4697 in
1255 4644 1477 4716 proprio
1507 4644 1622 4698 iure
1653 4643 1890 4700 naturali

298 4735 641 4807 praeceptivo
664 4733 736 4788 ibi
767 4733 1074 4789 intervenit.
1100 4731 1253 4799 Quod
1282 4737 1458 4788 autem
1489 4732 1540 4786 id
1571 4734 1683 4787 lieri
1716 4731 1888 4802 possit

300 4825 626 4882 auctoritate
659 4823 906 4895 publica,
939 4837 1048 4878 non
1087 4828 1174 4878 est
1200 4823 1582 4893 contrarium,
1617 4822 1724 4877 imo
1755 4837 1890 4876 con-

301 4921 617 4970 sentaneum
645 4912 744 4983 ipsi
775 4918 1031 4979 naturae3
1059 4911 1188 4984 quia
1220 4905 1416 4966 natura
1439 4911 1584 4981 ipsa,
1613 4917 1677 4966 ut
1705 4913 1783 4966 sic
1809 4909 1889 4965 di-

301 5017 448 5071 cam,
481 5007 667 5074 potest
700 5000 896 5057 cedere
933 5001 1040 5056 iuri
1087 5017 1189 5057 suo
1232 5008 1455 5072 propter
1497 4999 1641 5055 aliud
1683 5001 1888 5055 bonum

302 5095 504 5163 maius,
538 5090 689 5164 quod
727 5092 776 5146 in
806 5107 972 5147 suum
1007 5091 1170 5147 etiam
1210 5089 1564 5146 commodum
1593 5089 1882 5146 redundat.

303 5181 368 5237 Et
393 5180 520 5253 quia
557 5179 958 5237 administratio
987 5195 1178 5238 eorum
1209 5179 1439 5250 inrium,
1471 5194 1610 5251 quae
1639 5179 1705 5236 ad
1737 5195 1890 5236 com-

3354 299 3463 365 131

1952 460 2114 501 mune
2153 444 2359 502 bonum
2402 450 2629 501 naturae
2665 443 2969 514 pertinent,
3015 442 3309 498 commissa
3334 448 3419 498 est
3448 457 3544 512 po-

1950 536 2132 590 testati
2161 533 2374 605 gerenti
2402 549 2597 589 curam
2628 532 2957 604 reipublicae
2979 574 2994 600 ,
3022 531 3139 588 ideo
3165 549 3270 587 non
3300 537 3385 588 est
3406 548 3542 588 con-

1951 630 2035 678 tra
2064 621 2313 678 naturale
2342 621 2449 689 ius,
2475 619 2622 692 quod
2648 621 2769 678 talis
2790 628 2952 678 actus
2974 621 3300 677 auctoritate
3328 620 3545 692 publica

1949 710 2303 767 dissolvatur.
2340 713 2419 764 An
2452 724 2580 763 vero
2612 710 2746 764 haec
2785 714 3031 781 potestas
3060 710 3131 765 sit
3158 715 3552 780 supernatura-

1952 800 2042 870 lia,
2075 799 2156 854 vel
2191 798 2361 869 possit
2386 813 2505 852 esse
2535 797 2583 852 in
2610 814 2747 868 pura
2770 804 2964 853 natura
2983 837 2998 867 ,
3028 797 3109 852 vel
3136 798 3541 853 matrimonium

1950 895 2099 945 esset
2139 904 2318 958 purus
2362 892 2721 956 contractus,
2768 893 2824 942 et
2867 904 2969 942 non
3014 893 3458 958 sacramentum,
3489 893 3547 942 et

1956 977 2239 1050 quomodo
2267 977 2451 1032 locum
2482 975 2678 1032 habeat
2705 977 2755 1030 in
2784 976 3125 1032 matrimonio
3150 984 3365 1032 tantum
3397 983 3538 1046 rato,

1951 1073 2004 1122 et
2047 1057 2153 1121 n'on
2199 1067 2249 1122 in
2293 1071 2711 1138 consummato,
2756 1067 2809 1121 in
2850 1066 3079 1122 materia
3106 1064 3172 1122 de
3205 1065 3544 1122 matrimonio

1953 1155 2309 1213 tractandum
2336 1161 2441 1212 est.
2730 1145 2751 1162 ‘

2037 1249 2122 1304 17.
2155 1246 2215 1301 Iu
2248 1246 2410 1301 tertio
2440 1242 2688 1315 exemplo
2716 1242 2783 1299 de
2808 1243 3206 1314 dispensatione
3230 1247 3279 1301 in
3308 1245 3543 1300 residen-

1954 1335 2031 1390 tia
2071 1335 2463 1406 episcoporum
2486 1374 2501 1400 ,
2533 1333 2799 1404 disputari
2832 1341 3047 1404 posset,
3078 1350 3145 1390 an
3178 1334 3431 1407 obligatio
3462 1351 3547 1391 re-

1953 1422 2162 1480 sidendi
2206 1424 2277 1479 sit
2315 1421 2381 1478 de
2418 1423 2536 1478 iure
2566 1423 2804 1478 naturali
2835 1421 2916 1479 vel
2945 1422 3129 1478 divino
3160 1425 3425 1494 positiv03
3456 1422 3552 1480 sed

1950 1513 2082 1586 quia
2111 1528 2219 1569 non
2248 1519 2335 1568 est
2362 1511 2525 1568 buius
2555 1510 2691 1579 loci,
2726 1528 2978 1583 suppono
3004 1527 3125 1567 esse
3152 1510 3219 1566 de
3248 1511 3363 1566 iure
3389 1518 3547 1568 natu·

1952 1603 2070 1658 rali.
2116 1602 2235 1668 Quo
2278 1600 2558 1672 supposito
2580 1643 2595 1670 ,
2640 1601 2807 1672 Soto,
2841 1608 2904 1658 ut
2931 1617 3101 1672 supra
3131 1600 3330 1671 retuli,
3359 1607 3548 1672 negat,

1952 1679 2100 1748 illam
2127 1705 2251 1746 esse
2283 1705 2469 1746 veram
2498 1689 2986 1766 dispensationem,
3020 1705 3117 1762 per
3145 1705 3313 1763 quam
3344 1690 3552 1746 relaxe-

1954 1787 2046 1837 tur
2066 1781 2187 1836 eius
2205 1777 2459 1850 obligatio
2479 1820 2494 1849 ,
2522 1777 2616 1836 sed
2639 1794 2761 1836 esse
2786 1779 3293 1850 interpretationem
3318 1783 3550 1851 tantum,

1953 1869 2106 1942 quod
2136 1870 2187 1924 in
2225 1867 2311 1924 tali
2345 1883 2482 1924 casu
2504 1870 2591 1924 ius
2614 1871 2863 1925 naturale
2886 1885 2994 1924 nou
3018 1868 3241 1940 obliget.
3267 1868 3401 1936 Quia
3421 1883 3553 1924 cum
3594 1923 3609 1933 ,

1953 1960 2087 2017 illud
2129 1965 2487 2030 praeceptum
2530 1959 2600 2014 sit
2636 1958 3023 2014 affirmativum
3044 1999 3059 2026 ,
3090 1972 3199 2013 non
3228 1957 3427 2029 obligat
3455 1973 3554 2028 pro

1953 2066 2201 2122 semper,
2225 2057 2281 2106 et
2300 2049 2417 2105 ideo
2440 2049 2921 2104 facile-occurrere
2945 2054 3179 2120 possunt
3200 2049 3549 2117 occasiones,

1952 2141 2004 2196 in
2036 2139 2261 2213 quibus,
2282 2155 2380 2195 seu
2412 2154 2511 2210 pro
2535 2138 2734 2210 quibus
2764 2137 2868 2195 tale
2898 2145 3255 2208 praeceptum
3286 2153 3388 2192 non
3419 2135 3552 2192 obli-

1952 2237 2074 2304 get,
2106 2236 2163 2286 et
2190 2232 2243 2284 in
2274 2229 2380 2284 illis
2410 2227 2624 2283 habebit
2654 2228 2836 2284 locum
2860 2227 3259 2300 interpretatio.
3287 2225 3395 2283 Sed
3418 2226 3553 2282 baec

1957 2319 2250 2392 responsio
2280 2317 2581 2373 efficaciter
2604 2316 2947 2388 improbatur
2970 2317 3270 2373 rationibus
3292 2316 3453 2372 iactis
3476 2316 3553 2371 in-

1951 2415 2034 2466 ter
2071 2406 2595 2482 argumentandum.
2630 2407 2764 2473 Quia
2807 2406 2897 2462 nbi
2938 2413 3023 2463 est
3062 2422 3202 2477 pura
3230 2406 3555 2482 interpreta-

1952 2499 2058 2568 tio,
2093 2512 2198 2552 non
2232 2494 2447 2552 tollitur
2476 2494 2731 2566 obligatio
2748 2536 2762 2564 ,
2788 2493 2885 2550 sed
2905 2494 3080 2550 ablata
3102 2495 3433 2566 supponitur
3453 2535 3468 2566 ,
3494 2504 3552 2551 et

1950 2585 2300 2656 declaratum
2338 2585 2389 2639 in
2430 2583 2535 2639 hoc
2567 2589 2751 2639 autem
2780 2599 2979 2656 genere
3011 2591 3099 2639 est
3128 2583 3347 2640 evidens
3376 2591 3430 2638 et
3456 2599 3552 2638 ex-

1953 2674 2210 2746 perientia
2240 2672 2621 2743 notissimum,
2650 2687 2812 2744 saepe
2842 2672 3069 2728 concedi
3092 2672 3339 2728 licentias
3362 2678 3417 2728 et
3440 2673 3549 2729 dis-

1953 2766 2297 2837 pensationes
2340 2762 2387 2818 in
2431 2761 2683 2833 casibus,
2728 2763 2780 2818 in
2821 2762 3023 2834 quibus
3066 2777 3164 2832 per
3200 2777 3259 2817 se
3290 2761 3549 2834 obligatio

1953 2870 2061 2910 non
2091 2859 2446 2925 cessaverat,
2479 2867 2580 2907 nec
2612 2853 2821 2922 privata
2850 2852 3186 2908 auctoritate
3218 2857 3403 2923 posset
3432 2857 3551 2906 tum

1953 2944 2292 3002 conscientia
2320 2942 2526 3011 omitti,
2561 2956 2659 3013 per
2698 2956 3109 3014 quamcumque
3146 2940 3551 3012 interpretatio-

1955 3049 2074 3089 nem
2097 3031 2497 3102 doctrinalem,
2526 3037 2586 3085 ut
2609 3032 2689 3086 sic
2711 3029 2918 3098 dicam,
2945 3029 3279 3085 subsistente
3304 3029 3393 3084 tali
3417 3044 3551 3085 cau·

1953 3139 2042 3194 sa3
2075 3127 2131 3178 et
2184 3127 2362 3177 tamen
2410 3119 2553 3175 lacta
2603 3119 2864 3175 facultate
2914 3133 3008 3188 per
3056 3119 3372 3174 Pontificem
3423 3133 3555 3174 cum

1953 3210 2143 3269 eadem
2186 3226 2359 3266 causa
2398 3209 2516 3266 sola
2540 3249 2553 3272 ,
2598 3207 2959 3264 dubitandum
2990 3223 3095 3263 non
3126 3214 3239 3278 est,
3271 3210 3405 3280 quia
3436 3213 3558 3264 tuta

1953 3300 2287 3357 conscientia
2328 3315 2437 3354 non
2478 3296 2812 3368 resideatur3
2856 3313 2989 3369 ergo
3034 3297 3252 3368 signum
3282 3303 3398 3366 est,
3431 3311 3555 3352 esse

1955 3392 2024 3448 ibi
2052 3406 2234 3445 veram
2259 3387 2646 3444 relaxationem
2672 3403 2765 3458 per
2787 3393 3113 3458 potestatem
3140 3385 3553 3444 iurisdictionis-‚⁴

1953 3482 2140 3551 Neque
2170 3479 2335 3535 etiam
2359 3477 2465 3533 dici
2492 3481 2705 3548 potest,
2732 3475 2877 3531 illam
2901 3491 3020 3532 esse
3046 3477 3554 3546 interpretationem

1954 3571 2008 3625 in
2035 3585 2173 3625 casu
2195 3566 2394 3637 dubio,
2421 3573 2476 3622 et
2496 3564 2619 3620 ideo
2643 3566 2921 3636 requirere
2945 3564 3397 3632 iurisdictionem,
3426 3563 3558 3635 quia

1955 3659 2169 3715 nullum
2197 3657 2525 3728 supponitur
2554 3653 2817 3722 dubium3
2846 3655 2951 3710 imo
2986 3656 3318 3725 supponitur
3345 3660 3407 3711 ut
3435 3669 3562 3710 cer-

1958 3756 2106 3819 tum,
2137 3762 2365 3804 causam
2394 3762 2500 3801 non
2526 3760 2645 3801 esse
2669 3743 2829 3800 talem
2850 3785 2865 3812 ,
2890 3759 3031 3815 quae
3056 3759 3151 3814 per
3177 3760 3234 3799 se
3261 3744 3439 3800 valeat
3460 3760 3554 3800 au·

1957 3839 2102 3895 ferre
2129 3837 2535 3909 obligationem.
2551 3834 2710 3902 Quod
2730 3834 2898 3890 etiam
2920 3839 3087 3904 patet,
3103 3835 3231 3906 quia
3255 3849 3423 3890 causa
3446 3849 3564 3890 sae-

1961 3944 2025 4002 pe
2054 3936 2139 3985 est
2168 3927 2477 3982 extrinseca
2507 3928 2763 3995 respectu
2792 3923 2915 3979 talis
2948 3922 3289 3995 obligationis
3310 3963 3325 3994 ,
3365 3929 3429 3979 ut
3458 3939 3564 3994 pu-

1957 4018 2103 4074 blica
2146 4016 2353 4072 utilitas
2399 4015 2445 4070 in
2492 4013 2746 4086 regimine
2788 4014 2957 4068 totius
2999 4012 3183 4084 regni,
3222 4011 3308 4067 vel
3339 4011 3391 4066 in
3422 4013 3557 4067 assi-

1963 4107 2159 4165 stendo
2204 4105 2485 4162 catholico
2527 4103 2760 4174 principi
2802 4101 2869 4157 ad
2899 4116 3191 4157 commune
3220 4100 3427 4157 bonum
3456 4103 3563 4156 Ec-

1958 4197 2196 4265 clesiae,
2229 4194 2315 4251 vel
2355 4195 2543 4265 regui,
2574 4201 2629 4248 et
2667 4191 2875 4247 similes
2897 4233 2911 4262 ,
2942 4206 3085 4263 quae
3117 4205 3215 4262 per
3245 4206 3300 4244 se
3330 4206 3438 4245 non
3468 4205 3561 4246 ex-

1958 4292 2195 4356 cusant,
2226 4291 2283 4340 et
2308 4282 2547 4339 multum
2579 4280 2817 4351 pendent
2852 4297 2919 4336 ex
2947 4278 3167 4335 arbitrio
3202 4278 3472 4347 humano,
3503 4282 3561 4335 et

1957 4375 2076 4434 ideo
2117 4379 2354 4447 possunt
2392 4371 2650 4427 sufficere
2680 4369 2743 4425 ad
2782 4365 3171 4454 honestandam
3205 4369 3563 4439 dispensatio-

1956 4482 2080 4522 nem
2103 4507 2118 4536 ,
2151 4479 2257 4519 non
2288 4477 2415 4518 vero
2446 4457 2512 4516 ad
2545 4459 2839 4515 tollendam
2872 4475 2968 4530 per
2997 4474 3054 4513 se
3084 4456 3484 4529 obligationem.

2042 4559 2128 4613 18.
2155 4551 2411 4608 Concedo
2433 4564 2587 4620 ergo,
2613 4547 2762 4602 illam
2784 4562 2902 4602 esse
2924 4546 3405 4618 dispensationem.
3436 4546 3564 4602 Dico

1957 4650 2165 4714 tamen,
2197 4659 2303 4698 non
2333 4655 2455 4696 esse
2497 4640 2551 4695 in
2590 4639 2709 4693 iure
2738 4637 2977 4693 naturali
3006 4635 3352 4708 praeceptivo
3384 4651 3478 4707 per
3506 4651 3565 4690 se

1962 4739 2246 4805 spectat0‚
2280 4728 2373 4785 sed
2414 4729 2463 4783 in
2506 4727 2733 4783 materia
2770 4726 2887 4782 eius
2928 4723 3185 4782 mutando
3215 4724 3393 4792 illam,
3427 4740 3564 4797 qua·

1961 4831 2122 4880 tenus
2163 4823 2329 4877 etiam
2375 4817 2575 4890 pendet
2612 4831 2676 4872 ex
2708 4831 2985 4872 consensu
3025 4821 3121 4871 aut
3148 4814 3430 4870 voluntate
3460 4813 3568 4869 hu-

1961 4927 2151 4982 mana3
2183 4925 2294 4982 qua
2325 4907 2623 4963 mutatione
2652 4904 2820 4973 l'acta,
2851 4907 3033 4976 ipsum
3064 4903 3312 4960 naturale
3343 4919 3568 4975 praece-

1962 5009 2116 5074 ptum
2159 5015 2254 5070 per
2297 5014 2355 5054 se
2397 5003 2581 5052 cessat
2623 4996 2884 5068 obligare.
2930 4994 3285 5065 Declaratur,
3317 4995 3447 5067 quia
3474 4993 3565 5050 illa

1961 5089 2219 5162 obligatio
2246 5085 2519 5142 residendi
2545 5100 2648 5140 non
2687 5085 2950 5156 insurgit,
2984 5084 3083 5138 nisi
3121 5081 3382 5140 mediante
3408 5089 3564 5152 pacto

1961 5187 2016 5238 et
2047 5177 2268 5236 vinculo
2298 5177 2437 5234 inter
2466 5179 2791 5248 episcopum
2820 5182 2876 5229 et
2899 5173 3221 5231 ecclesiam:
3252 5173 3354 5228 hoc
3380 5178 3564 5228 autem
