4325 6267
826 344 948 409 296

2172 353 2376 405 LIBER
2402 353 2507 403 111.

748 493 1133 546 testamentum
1162 502 1265 544 non
1294 486 1624 560 legitimum,
1658 492 1771 543 etc.
1804 483 2088 543 subditur:
2123 483 2340 540 Secun-
2402 482 2562 553 perii
2589 482 2668 556 (id
2697 490 2781 541 est
2808 484 3038 558 dignitas
3067 493 3121 543 et
3151 500 3408 558 suprema
3427 483 3698 559 potestas)
3723 481 3995 542 solemni-

746 576 893 636 dum
939 578 1046 635 hoc
1084 575 1205 633 divi
1241 579 1485 636 Severus
1526 581 1581 633 et
1620 578 1955 634 Antoninus
1994 574 2340 648 saepissime

747 670 1137 743 scripserant:
1164 664 1303 723 licet
1340 670 1493 723 enim
1512 710 1528 735 ‚
1562 667 1769 740 inquit,
1800 664 2020 739 leyibus
2056 662 2238 721 soluti
2265 664 2340 718 si·

748 775 911 824 mats,
955 762 1225 815 attamen
1263 756 1486 831 tepibus
1524 760 1795 813 vivimus.
1826 757 1927 816 Ubi
1966 772 2073 813 non
2105 759 2340 827 possunt

748 846 840 903 illa
868 848 1037 905 verba
1064 847 1283 905 limitari
1304 847 1371 904 ad
1400 847 1517 905 sola
1538 852 1863 905 testamenta
1885 845 2230 919 imperfecta,
2255 842 2336 900 vel

750 937 947 994 similia
976 937 1171 1011 legata,
1196 953 1435 1011 quorum
1459 938 1744 995 occasione
1764 937 1837 994 ibi
1856 936 2181 1006 afferuntur,
2206 948 2338 992 cum

750 1027 1063 1085 reserantur
1084 1034 1346 1100 tanquam
1380 1028 1693 1100 saepissime
1718 1030 1772 1083 in
1799 1026 2077 1099 rescriptis
2104 1027 2338 1097 impera-

750 1125 939 1175 torum
967 1118 1215 1191 repetita.
1248 1118 1328 1176 Ita
1353 1133 1485 1193 ergo
1517 1120 1694 1191 potuit
1715 1119 2031 1191 contingere
2052 1116 2104 1173 in
2122 1115 2338 1187 Ulpiani

752 1208 910 1266 libro.
946 1210 1080 1266 item
1124 1207 1246 1266 inde
1284 1208 1513 1284 colligo,
1556 1209 1880 1266 sententiam
1908 1208 2049 1264 illam
2076 1214 2336 1279 tanquam

752 1298 1150 1371 universalem,
1180 1306 1237 1356 et
1262 1315 1371 1355 non
1401 1300 1682 1356 limitatam
1710 1298 1777 1355 ad
1813 1304 2019 1356 certam
2048 1294 2339 1371 quamdam

752 1393 925 1465 legem
953 1394 1229 1460 receptam
1256 1387 1424 1446 fuisse
1444 1431 1460 1461 ,
1492 1387 1929 1463 quandoquidem
1952 1388 2019 1445 ab
2048 1388 2339 1459 imperato-

751 1481 905 1541 ribus
928 1480 1243 1551 saepissime
1264 1480 1647 1550 repetebantur
1664 1493 2013 1552 quacumque
2035 1475 2214 1535 oblata
2245 1494 2339 1534 oc·

752 1573 992 1631 cesione.
1025 1570 1221 1628 Deinde
1246 1571 1470 1646 colligo,
1498 1573 1883 1645 imperatorem
1904 1570 2255 1642 intellexisse,
2279 1586 2337 1628 se

754 1680 875 1721 esse
914 1662 1157 1719 solutum
1200 1660 1444 1735 legibus,
1486 1678 1594 1718 non
1634 1661 1912 1735 privilegio
1954 1668 2051 1719 aut
2080 1660 2338 1719 beneficio

752 1756 1015 1824 Senatus,
1048 1752 1143 1809 sed
1170 1768 1270 1809 suo
1296 1754 1446 1827 iure,
1477 1759 1627 1810 etex
1656 1751 1706 1809 vi
1734 1767 2018 1824 supremae
2049 1754 2337 1822 potestatis

751 1860 923 1917 suae,
949 1848 1048 1901 aut
1082 1842 1310 1899 subinde
1351 1843 1673 1899 sententiam
1714 1842 1855 1899 illam
1896 1842 2104 1916 Ulpiani
2141 1842 2336 1901 intelli·

752 1934 985 2009 gandam
1012 1947 1133 1991 esse
1161 1932 1227 1991 de
1255 1949 1511 2007 supremo
1533 1935 1803 2007 principe,
1834 1934 1927 2007 qui
1954 1949 2024 1991 ex
2052 1950 2111 1991 se
2136 1940 2196 1991 et
2223 1936 2340 1991 sine

754 2024 1031 2100 privilegio
1072 2023 1285 2080 solutus
1327 2022 1537 2097 legibus
1576 2040 1698 2082 esse
1737 2024 1967 2097 dicitur,
1999 2025 2150 2099 quod
2189 2025 2241 2082 in
2267 2025 2342 2082 al-

750 2124 871 2175 tera
896 2122 1048 2186 parte
1076 2112 1321 2171 eiusdem
1349 2114 1485 2188 legis
1524 2114 1857 2188 significatur
1878 2156 1894 2188 ,
1936 2114 2067 2172 dum
2108 2114 2335 2173 dicitur:

752 2210 1115 2281 Auyitstam,
1150 2204 1287 2261 licet
1312 2202 1538 2277 leqibas
1567 2204 1767 2264 soluta
1792 2222 1907 2263 non
1934 2209 2029 2274 sit,
2059 2208 2252 2279 utique
2274 2222 2340 2265 ex

752 2298 806 2355 vi
840 2312 972 2355 suae
998 2294 1302 2370 dignitatis,
1326 2294 1714 2353 nihilominus
1743 2296 2013 2369 beneficio
2032 2300 2337 2373 principis

754 2403 879 2446 esse
904 2386 1181 2445 solutam.
1217 2386 1457 2459 Denique
1477 2385 1583 2443 hoc
1615 2387 1849 2443 maxime
1874 2386 2198 2444 confirmant
2217 2402 2335 2443 ver-

753 2478 826 2537 ba
852 2477 986 2551 legis
1012 2493 1089 2537 eae
1112 2473 1483 2551 impensecto,
1516 2477 1577 2535 C.
1609 2474 1677 2533 de
1698 2483 1914 2535 testam.
1947 2475 2086 2533 licet
2104 2475 2204 2535 lea·
2227 2480 2339 2535 im-

2413 569 2517 627 bus
2539 572 2770 631 iuribus
2799 576 3215 649 imperatorem
3237 575 3441 643 solvit;
3463 574 3616 633 nihil
3635 580 3838 632 tamen
3866 580 3996 631 tam

2407 665 2718 737 proprium
2743 668 3092 740 imperatori
3117 672 3204 724 est
3224 710 3239 734 ‚
3275 683 3458 741 qaam
3486 664 3711 740 leqibus
3737 669 3952 723 vivere.

2486 754 2624 810 Vera
2649 770 2782 830 ergo
2811 764 2897 814 est
2923 760 3232 814 communis
3260 758 3651 830 interpretatio,
3675 772 3816 831 quae
3843 757 3995 829 leges

2408 842 2507 901 has
2545 844 2792 919 intelligit
2838 846 2906 904 de
2945 850 3288 920 exemptione
3328 848 3588 922 principis
3627 864 3660 905 a
3701 849 3751 903 vi
3802 848 3992 921 legum

2407 936 2686 1001 coactiva,
2717 952 2752 993 a
2775 954 2886 1011 qua
2913 954 3020 995 non
3051 945 3138 996 est
3163 943 3411 1011 exempta
3448 941 3638 1013 regina
3679 955 3776 997 seu
3815 954 3996 1013 augu-

2409 1034 2523 1098 sta,
2554 1028 2682 1101 quia
2711 1027 3022 1099 simpliciter
3047 1038 3132 1087 est
3155 1030 3407 1103 inferior,
3437 1036 3492 1087 et
3517 1036 3698 1101 potest
3725 1046 3821 1102 per
3847 1030 3997 1102 prin-

2409 1118 2590 1188 cipem
2617 1118 2768 1191 cogi,
2801 1127 2856 1176 et
2881 1120 3092 1193 puniri,
3127 1128 3306 1178 tamen
3333 1120 3536 1194 gaudet
3573 1120 3666 1177 illo
3707 1120 3990 1193 privilegio

2409 1202 2666 1265 beneficio
2697 1210 2956 1282 principis
2985 1217 3204 1282 propter
3232 1209 3562 1284 singularem
3591 1210 3908 1283 dignitatem
3935 1216 3993 1267 et

2409 1300 2846 1357 coniunctionem
2875 1316 3006 1357 cum
3033 1302 3294 1373 principe.
3324 1301 3462 1358 Cum
3493 1306 3678 1358 autem
3717 1301 3768 1357 in
3809 1301 3995 1373 proxi-

2410 1404 2496 1445 me
2525 1390 2704 1446 citatis
2731 1389 2939 1447 iuribus
2968 1393 3326 1465 imperatores
3353 1390 3590 1464 addunt,
3623 1396 3891 1449 attamen
3912 1390 3996 1449 le-

2408 1480 2579 1553 yibas
2606 1483 2852 1537 vivimus
2871 1525 2886 1547 ‚
2923 1491 3334 1555 recognoscunt
3359 1481 3672 1539 directivam
3700 1481 3992 1555 obligatio-

2409 1586 2532 1627 nem
2557 1570 2772 1643 legum,
2802 1578 2858 1628 et
2884 1570 3006 1629 ideo
3034 1588 3126 1629 eas
3149 1586 3205 1629 se
3227 1588 3446 1629 servare
3470 1573 3814 1646 profitentur.
3841 1571 3995 1631 Unde

2409 1660 2462 1743 in
2491 1662 2529 1717 1.
2561 1676 2637 1717 ea·
2663 1661 3035 1737 imperfecta,
3069 1663 3123 1720 ff.
3156 1664 3222 1720 de
3248 1664 3413 1737 legat.
3448 1668 3509 1735 3,
3535 1664 3612 1721 sic
3641 1662 3864 1721 dicitur:
3891 1668 3994 1721 Ex

2406 1749 2750 1824 imperfecto
2777 1756 3128 1810 testamento
3153 1750 3374 1826 leqata,
3407 1752 3498 1811 vel
3511 1751 3991 1825 fideicommissa

2407 1842 2827 1915 imperatorem
2871 1842 3178 1900 vindicare
3215 1841 3612 1901 verecundum
3649 1849 3734 1901 est
3758 1862 3780 1913 ;
3821 1842 3988 1901 decet

2407 1934 2564 1987 entim
2593 1937 2798 1989 tantae
2825 1934 3133 1990 maiestati
3159 1936 3284 1990 eias
3309 1949 3549 1993 servare
3577 1934 3746 2008 leyes,
3781 1934 3995 2008 quibus

2409 2024 2536 2095 ipse
2561 2020 2788 2079 solatas
2815 2037 2937 2079 esse
2961 2021 3210 2079 videtur.
3243 2024 3313 2080 Et
3337 2024 3413 2081 ita
3438 2024 3819 2083 intellexerunt
3847 2024 3994 2081 illam

2411 2112 2586 2187 legem
2613 2128 2724 2169 non
2753 2112 2932 2170 solum
2959 2113 3012 2170 d.
3058 2114 3290 2172 Thomas
3317 2122 3374 2173 et
3400 2114 3664 2189 theologi,
3707 2116 3802 2174 sed
3829 2117 3994 2173 etiam

2413 2202 2710 2275 iurisperiti
2749 2204 2803 2257 in
2844 2203 3107 2277 principio
3149 2203 3381 2279 allegati.
3410 2207 3704 2279 Supererat
3729 2206 3836 2263 hoc
3865 2206 3992 2263 loco

2409 2293 2704 2351 dicendum
2732 2291 2800 2350 de
2829 2296 3133 2353 mutatione
3155 2296 3288 2370 legis
3316 2296 3506 2353 civilis.
3549 2295 3652 2354 Sed
3693 2297 3799 2364 bac
3840 2312 3994 2355 com-

2407 2385 2622 2443 modius
2670 2384 3001 2442 tractabitur
3040 2385 3176 2443 insra
3204 2385 3342 2444 libro
3369 2387 3506 2447 vin.
3555 2385 3877 2460 generaliter
3925 2386 3994 2443 de

2409 2478 2557 2534 omni
2581 2476 2699 2550 lege
2725 2474 2984 2533 bumana.

2057 3203 2232 3263 FINIS
2259 3202 2431 3264 LIBRI
2457 3202 2680 3263 TERTII
