4325 6267
1756 371 1970 422 CAPUT
1998 373 2072 420 X.

269 494 347 552 Ut
391 499 572 550 tamen
610 494 898 551 veritatem
943 493 1274 553 catholicam
1311 495 1549 554 breviter
1585 495 1874 570 explicem,

275 583 464 641 dicam
491 585 650 656 prius
679 582 748 642 de
774 582 898 658 fide,
929 593 1122 658 postea
1147 585 1215 644 de
1242 586 1511 645 moribus.

344 677 406 730 2.
437 673 626 731 Primo
653 688 788 746 ergo
817 685 1036 733 certum
1067 675 1155 749 sit,
1180 675 1318 734 hanc
1349 683 1674 750 potestatem
1700 692 1878 750 neque

264 763 464 835 iidem,
493 779 676 838 neque
727 763 872 822 aliud
901 763 1106 822 donum
1145 766 1563 841 supernaturale
1593 768 1880 841 requirere

264 852 318 909 in
347 853 620 926 principe,
647 867 745 910 seu
767 853 820 910 in
849 853 1192 928 subiecto,in
1221 872 1335 930 quo
1357 858 1563 916 existit.
1579 858 1873 928 Probatur3

269 959 402 1002 nam
427 942 520 1000 vel
547 942 910 1001 conditionem
940 943 1080 1002 hanc
1111 946 1356 1018 postulat
1375 949 1495 1004 iure
1519 954 1768 1019 naturae,
1791 947 1880 1004 vel

266 1031 456 1092 divino
484 1033 744 1106 positivo,
770 1033 856 1090 vel
875 1033 1289 1108 ecclesiastico3
1320 1035 1452 1104 nihil
1471 1045 1656 1094 autem
1679 1035 1880 1094 horum

265 1122 378 1180 dici
416 1129 648 1196 potest3
688 1137 844 1198 ergo.
887 1125 1162 1183 Probatur
1202 1127 1378 1184 minor
1416 1126 1602 1199 quoad
1651 1127 1880 1199 primam

262 1219 510 1288 partem3
549 1213 678 1287 quia
712 1212 850 1272 haec
887 1221 1132 1286 potestas
1172 1219 1409 1290 pertinet
1445 1216 1515 1274 ad
1554 1233 1754 1289 purum
1795 1218 1882 1275 ius

263 1302 546 1376 naturale,
575 1311 834 1376 utsupra
861 1314 1144 1364 ostensum
1171 1314 1286 1379 est3
1319 1306 1465 1366 unde
1503 1308 1702 1365 sutura
1735 1315 1885 1366 esset

267 1393 324 1450 in
343 1392 683 1465 hominibus,
707 1395 920 1452 etiamsi
941 1404 1263 1474 crearentur
1281 1398 1336 1454 in
1359 1399 1514 1470 puris
1537 1397 1882 1456 naturalibus

267 1485 386 1542 sine
417 1483 531 1541 ullo
557 1482 744 1542 ordine
775 1483 842 1541 ad
873 1486 1348 1558 supernaturalem
1389 1488 1580 1560 tinem,
1612 1494 1669 1545 et
1695 1485 1801 1546 fuit
1825 1489 1882 1544 in

267 1573 527 1647 gentibus
555 1579 682 1630 ante
707 1572 912 1632 Christi
939 1575 1235 1634 adventum
1259 1616 1274 1647 ,
1305 1583 1362 1636 et
1388 1592 1537 1634 nunc
1573 1585 1662 1634 est
1699 1577 1882 1634 infide-

269 1663 418 1722 libus
439 1679 551 1720 non
574 1661 856 1736 baptizatis
884 1668 1204 1737 praesertim
1242 1668 1294 1724 in
1333 1669 1608 1741 gentibus.
1641 1669 1709 1726 Et
1746 1669 1882 1726 ratio

267 1752 426 1810 clara
447 1759 556 1828 est,
585 1755 716 1826 quia
743 1754 900 1828 fides,
929 1762 987 1815 et
1013 1755 1226 1830 reliqua
1245 1756 1396 1815 dona
1423 1765 1558 1816 sunt
1583 1757 1884 1830 superioris
1905 1733 1926 1760 ‘

267 1843 512 1918 ordinis3
540 1858 676 1918 ergo
713 1859 822 1902 non
857 1853 1094 1918 possunt
1132 1847 1256 1906 iure
1299 1854 1528 1907 naturae
1571 1849 1782 1922 requiri
1815 1848 1886 1908 ad

269 1933 418 1992 hanc
447 1939 792 2006 potestatem.
821 1957 834 1968 ·

349 2028 410 2082 3.
439 2024 668 2082 Dicetur
693 2023 951 2100 fortasse,
976 2023 1082 2086 boc
1104 2035 1494 2103 argumentum
1513 2035 1666 2088 recte
1690 2045 1889 2109 proce-

269 2111 406 2178 dere
445 2112 516 2170 de
549 2129 694 2187 puro
731 2115 856 2172 iure
897 2122 1128 2174 naturae
1151 2161 1166 2189 ,
1208 2126 1488 2192 quatenus
1524 2119 1789 2178 fundatur
1831 2121 1886 2178 in

271 2202 396 2260 solo
422 2201 633 2260 lumine
661 2203 926 2262 naturali:
958 2221 1123 2265 secus
1151 2213 1338 2267 autem
1365 2224 1488 2266 esse
1515 2208 1582 2266 de
1607 2211 1730 2266 iure
1751 2223 1890 2266 con-

269 2292 514 2350 naturali
537 2295 770 2366 gratiae,
802 2294 953 2367 quod
983 2295 1245 2354 fundatur
1271 2299 1324 2354 in
1353 2295 1561 2356 lumine
1584 2297 1738 2371 fidei,
1761 2301 1890 2371 quia

271 2383 888 2455 suppositaelevatione
923 2392 1155 2443 naturae
1189 2387 1462 2445 humanae
1495 2387 1565 2446 ad
1595 2389 1756 2446 finem
1795 2403 1890 2446 su-

267 2471 720 2545 pernaturalem,
766 2473 949 2546 ipsum
989 2475 1176 2534 lumen
1217 2479 1640 2550 supernaturale
1685 2480 1888 2555 dictat,

269 2579 382 2620 non
404 2578 530 2620 esse
549 2563 798 2622 homines
820 2565 1114 2638 regendos,
1142 2567 1301 2625 etiam
1329 2570 1386 2625 in
1405 2568 1656 2627 civilibus
1677 2575 1730 2626 et
1753 2575 1890 2627 tem·

271 2652 592 2726 poralibus,
621 2653 724 2712 nisi
760 2670 861 2726 per
901 2656 1175 2728 principes
1196 2656 1432 2730 ¹fideles,
1460 2667 1686 2732 propter
1718 2662 1892 2718 vitan·

270 2741 410 2800 dum
430 2758 728 2802 commune
759 2743 1194 2818 incommodum,
1227 2747 1380 2820 quod
1406 2762 1470 2804 ex
1501 2749 1778 2807 contrario
1805 2765 1892 2806 se·

271 2833 370 2907 qui
394 2838 594 2904 potest.
625 2832 734 2890 Sed
755 2832 862 2892 hoe
891 2834 1100 2907 absque
1127 2834 1482 2895 fundamento
1505 2839 1732 2913 dicitur,
1762 2841 1893 2913 quia

274 2921 554 2982 ordinatio
593 2923 662 2981 ad
701 2923 864 2980 tinem
904 2927 1380 2995 supernaturalem
1421 2943 1520 3000 per
1558 2928 1757 3003 iidem,
1805 2929 1891 2986 vel

272 3013 375 3071 alia
401 3014 580 3086 dona,
609 3031 721 3073 non
751 3021 929 3073 mutat
963 3023 1220 3075 naturam
1249 3018 1415 3075 huius
1446 3022 1766 3093 potestatis,
1797 3035 1893 3076 ne·

273 3119 390 3177 que
425 3103 653 3177 impedit
689 3115 850 3162 actus
883 3106 1039 3176 eius,
1085 3123 1252 3182 ergo,
1291 3109 1456 3166 etiam
1483 3111 1656 3181 posito
1687 3108 1893 3166 lumine

271 3193 423 3266 fidei,
449 3209 564 3251 non
581 3200 761 3266 potest
779 3210 877 3267 per
897 3211 1084 3254 veram
1105 3200 1376 3255 rationem
1397 3197 1613 3272 colligi,
1645 3205 1894 3272 potesta-

275 3290 392 3342 tem
417 3283 564 3341 hanc
593 3285 904 3342 necessario
931 3301 1246 3359 supponere
1267 3286 1450 3346 fidem.
1473 3289 1732 3356 Quamvis
1751 3289 1894 3346 enim

275 3390 348 3432 ex
377 3373 662 3448 principiis
682 3373 803 3432 fidei
832 3382 986 3433 recte
1013 3375 1331 3449 colligatur,
1363 3393 1472 3436 non
1497 3393 1620 3436 esse
1643 3377 1897 3436 obedien·

277 3462 416 3521 dum
443 3463 796 3537 magistratui
824 3465 1108 3537 temporali
1137 3467 1188 3522 in
1218 3466 1336 3541 his,
1366 3482 1510 3542 quae
1537 3467 1656 3525 fidei
1686 3467 1774 3526 vel
1805 3485 1897 3526 su-

277 3553 736 3627 pernaturalibus
763 3555 1070 3628 praeceptis
1096 3564 1425 3630 repugnant,
1460 3574 1568 3616 non
1595 3557 1722 3614 inde
1744 3557 1899 3615 colli-

277 3645 434 3719 gitur
449 3684 468 3717 ,
495 3659 607 3701 non
627 3659 788 3718 posse
807 3660 931 3702 esse
951 3661 1146 3704 verum
1173 3647 1473 3721 principem
1501 3663 1653 3720 eum,
1677 3649 1770 3722 qui
1797 3649 1898 3704 fide

278 3741 504 3807 careat,
537 3739 636 3792 aut
653 3735 703 3791 ei
725 3733 1091 3793 obediendum
1115 3752 1227 3793 non
1247 3751 1367 3794 esse
1395 3739 1450 3793 in
1472 3736 1579 3812 his,
1612 3752 1752 3811 quae
1774 3753 1899 3811 per-

279 3827 466 3882 tinent
485 3824 558 3882 ad
578 3831 788 3901 rectam
807 3825 1260 3898 gubernationem
1281 3825 1560 3900 politicam
1575 3833 1634 3884 et
1647 3825 1768 3885 fidei
1790 3844 1900 3886 non

279 3920 706 3988 repugnantem.
729 3914 888 3984 Quod
905 3915 1068 3974 etiam
1090 3925 1277 3990 aperte
1299 3918 1592 3975 confirmat
1615 3919 1903 3991 Scriptura

279 4005 496 4064 Daniel.
541 4008 612 4064 2:
665 4007 754 4062 Pu
778 4021 840 4062 es
865 4022 1006 4073 rex,
1041 4011 1097 4063 et
1133 4011 1300 4065 Deus
1327 4006 1480 4065 caeli
1506 4007 1614 4066 tibi
1650 4024 1902 4083 reynu‘m

281 4093 490 4162 dedi&
519 4101 642 4153 erat
667 4101 848 4153 autem
875 4095 1132 4169 infidelis,
1163 4103 1221 4155 et
1245 4099 1439 4154 Genes.
1473 4101 1568 4157 47.
1601 4099 1795 4171 loseph
1825 4098 1902 4156 fe-

283 4187 364 4242 cit
391 4190 600 4242 terram
636 4185 854 4261 AEgypti
891 4185 1237 4244 tributariam
1273 4186 1572 4260 Pharaoni,
1603 4188 1698 4261 qui
1740 4189 1902 4246 etiam

281 4280 410 4333 erat
445 4273 692 4330 infidelis.
719 4275 946 4332 Constat
979 4290 1112 4348 ergo
1134 4315 1150 4346 ,
1180 4274 1323 4333 hanc
1359 4282 1690 4348 potestatem
1716 4292 1784 4334 ex
1811 4293 1905 4334 na-

282 4372 422 4425 tura
449 4365 528 4422 rei
551 4366 608 4422 in
635 4364 752 4423 sola
788 4365 1022 4423 naturali
1047 4366 1256 4424 ratione
1285 4366 1522 4426 fundari.
1637 4399 1640 4404 -

365 4461 428 4515 4.
459 4455 536 4516 Et
563 4471 862 4528 possumus
889 4455 1066 4514 obiter
1095 4454 1325 4531 addere,
1349 4458 1598 4531 quamvis
1626 4456 1906 4517 ad-actua·

285 4546 400 4604 lem
430 4561 600 4603 usum
627 4545 742 4602 eius
761 4546 1079 4619 requiratur
1107 4563 1244 4605 usus
1274 4549 1496 4604 rationis
1519 4549 1572 4605 in
1593 4547 1824 4606 habente
1845 4549 1909 4607 il-

288 4634 426 4711 lam3
453 4643 638 4694 tamen
665 4634 732 4693 ad
761 4638 931 4708 ipsam
959 4643 1282 4710 potestatem
1307 4653 1414 4696 non
1437 4639 1668 4713 requiri,
1690 4638 1900 4696 scilicet

289 4726 483 4800 quoad
517 4726 602 4782 ius
629 4724 940 4783 dominandi
965 4734 1025 4783 et
1050 4727 1290 4801 regendi3
1323 4735 1507 4801 potest
1530 4730 1674 4786 enim
1703 4746 1825 4788 esse
1856 4732 1908 4787 in

289 4831 506 4889 puero,
533 4815 701 4873 etiam
721 4823 846 4873 ante
877 4831 1041 4874 usum
1071 4817 1294 4874 rationis
1315 4858 1332 4890 ,
1355 4824 1416 4874 ut
1438 4824 1588 4889 patet
1609 4820 1667 4875 in
1689 4834 1776 4887 eo,
1813 4818 1908 4891 qui

291 4905 420 4964 iure
445 4903 810 4962 haereditario
837 4919 1074 4978 regnum
1113 4906 1326 4964 obtinet
1361 4908 1544 4964 statim
1573 4922 1606 4964 a
1633 4909 1907 4981 principio

291 4995 631 5068 nativitatis3
661 4994 748 5050 ille
775 4994 950 5065 enim,
981 5000 1040 5052 et
1063 5001 1187 5053 ante
1217 4997 1448 5054 rationis
1476 5008 1671 5070 usum,
1700 5003 1758 5054 et
1785 5004 1909 5055 ante

293 5083 630 5157 baptismum
656 5098 753 5141 rex
778 5084 991 5159 existit,
1023 5083 1189 5142 babet
1208 5100 1338 5159 ergo
1369 5093 1696 5159 potestatem
1725 5090 1781 5144 in
1813 5089 1908 5146 ha-

295 5172 422 5233 bitu
439 5216 456 5244 ,
488 5173 620 5232 licet
645 5189 746 5248 per
774 5190 834 5232 se
863 5172 1010 5233 illam
1035 5189 1296 5234 exercere
1319 5192 1426 5234 non
1451 5180 1648 5250 possit.
1672 5179 1744 5235 Et
1765 5178 1911 5236 idem

299 5266 622 5340 contingere
670 5259 852 5339 pot'est
896 5266 950 5323 in
989 5281 1089 5339 eo,
1117 5266 1212 5340 qui
1253 5266 1321 5327 ad
1361 5274 1578 5344 tempus
1619 5267 1814 5328 incidit
1853 5271 1910 5328 in

612 5509 654 5574 “
711 5479 722 5488 .

3350 354 3468 418 191

1947 498 2268 569 amentiam.;
2313 511 2439 554 nam
2480 497 2523 554 si
2564 499 2797 556 amentia
2826 498 2896 554 sit
2924 502 3220 570 perpetua,
3250 495 3551 568 privandus

1944 594 2031 645 est
2071 587 2162 644 tali
2202 593 2472 660 potestate
2504 595 2727 661 propter
2753 603 3051 646 commune
3080 588 3305 645 bonum.
3338 589 3412 645 De
3440 601 3551 660 quo

1949 674 2082 734 alias
2110 676 2383 734 dicemus.

2024 766 2282 824 Secunda
2308 781 2437 840 pars
2466 767 2690 824 minoris
2710 807 2725 836 ,
2751 782 2893 840 quae
2920 773 3009 823 est
3026 766 3095 826 de
3120 767 3235 824 iure
3257 766 3433 825 divino
3453 784 3553 841 po·

1947 859 2108 914 sitive
2127 896 2144 928 ,
2178 857 2311 912 satis
2341 871 2408 913 ex
2436 871 2501 913 eo
2524 857 2821 930 probatur,
2848 857 2979 929 quia
2999 857 3212 915 ostendi
3238 874 3345 915 non
3368 864 3554 930 potest

1947 949 2050 1006 tale
2073 949 2162 1005 ius
2192 963 2371 1020 neque
2391 963 2457 1003 ex
2480 947 2786 1020 Scriptura,
2810 962 2989 1020 neque
3012 963 3079 1004 ex
3099 946 3410 1005 traditione.
3435 949 3552 1006 lmo

1949 1037 2265 1111 oppositum
2292 1037 2495 1094 docent
2521 1035 2725 1093 Paulus
2754 1037 2820 1094 ad
2845 1039 3005 1094 Rom.
3038 1040 3127 1109 13,
3145 1044 3201 1094 et
3231 1040 3277 1093 1.
3303 1038 3541 1096 Timoth.

1949 1133 2006 1199 2,
2030 1130 2303 1185 etPetrus
2338 1132 2387 1186 1.
2419 1128 2683 1185 canonica
2711 1143 2764 1185 c.
2798 1131 2863 1198 2,
2896 1127 2988 1184 ubi
3016 1126 3330 1198 admonent,
3364 1127 3546 1185 fideles

1951 1218 2202 1277 subditos
2248 1233 2370 1276 esse
2398 1218 2621 1292 regibus
2668 1225 2725 1275 et
2752 1217 3123 1289 principibus,
3153 1218 3249 1290 qui
3290 1223 3425 1274 tunc
3456 1216 3555 1274 do-

1949 1307 2332 1379 minabantur,
2376 1323 2517 1381 quos
2556 1312 2779 1364 constat
2803 1304 2975 1364 fuisse
3006 1305 3266 1370 infideles.
3298 1309 3412 1363 Nec
3442 1306 3551 1364 dici

1951 1405 2152 1472 potest,
2180 1398 2286 1454 hoc
2314 1398 2511 1455 recisse
2532 1397 2809 1470 apostolos
2834 1396 2901 1454 ad
2924 1396 3208 1454 vitandum
3232 1399 3409 1454 maius
3433 1413 3549 1454 ma-

1952 1488 2103 1560 lum3
2135 1503 2261 1544 nam
2301 1503 2561 1561 expresse
2602 1489 2789 1560 aiunt,
2832 1486 2951 1543 illos
2978 1501 3100 1543 esse
3130 1487 3407 1544 ministros
3436 1487 3551 1559 Dei,

1951 1586 2009 1637 et
2035 1577 2104 1634 ab
2132 1577 2223 1633 illo
2252 1577 2451 1634 habere
2480 1582 2806 1649 potestatem
2824 1618 2839 1647 ,
2862 1578 3052 1649 eisque
3074 1575 3439 1634 obediendum
3466 1591 3554 1632 es-

1951 1686 2041 1740 se,
2074 1684 2181 1726 non
2210 1675 2427 1726 tantum
2454 1673 2679 1740 propter
2708 1669 2981 1740 timorem,
3012 1666 3109 1723 sed
3136 1667 3299 1723 etiam
3328 1672 3557 1739 propter

1953 1759 2371 1817 conscientiam.
2414 1758 2495 1816 Ex
2534 1757 2737 1830 quibus
2778 1757 2917 1814 locis
2961 1763 3214 1829 constat,
3260 1756 3457 1815 stando
3498 1758 3555 1812 in

1951 1849 2070 1908 iure
2097 1849 2277 1907 divino
2298 1890 2314 1920 ,
2344 1847 2487 1905 hanc
2516 1853 2843 1921 potestatem
2874 1861 3227 1919 perseverare
3250 1848 3306 1904 in
3332 1845 3552 1917 infideli,

1955 1955 2060 1997 non
2102 1939 2285 1998 solum
2324 1945 2583 2012 respectu
2624 1938 2854 1996 aliorum
2895 1936 3223 2006 infidelium,
3256 1937 3351 1994 sed
3382 1937 3551 1994 etiam

1953 2035 2214 2102 respectu
2243 2028 2695 2100 christianorum,
2720 2027 2813 2102 qui
2840 2026 2971 2084 alias
3000 2027 3143 2085 iusto
3169 2026 3327 2085 titulo
3351 2025 3553 2084 subditi

1953 2127 2111 2178 erant
2135 2119 2245 2194 illi;
2277 2135 2403 2176 nam
2440 2119 2508 2176 de
2538 2118 2619 2175 bis
2648 2120 2703 2173 in
2732 2117 3052 2190 particulari
3087 2118 3394 2190 loquuntur
3422 2131 3553 2188 apo-

1955 2189 2080 2268 stoli
2120 2210 2175 2266 in
2213 2208 2316 2266 illis
2357 2207 2516 2265 locis.
2559 2208 2929 2282 Congruentia
2956 2214 3141 2264 autem
3170 2207 3321 2264 reddi
3350 2213 3557 2280 potest,

1955 2301 2086 2373 quia
2112 2299 2220 2355 tale
2248 2299 2337 2356 ius
2365 2313 2473 2354 non
2494 2297 2691 2354 fuisset
2714 2312 3023 2370 congruum
3051 2295 3119 2354 ad
3140 2297 3263 2354 fidei
3284 2309 3552 2370 propaga-

1955 2389 2154 2446 tionem
2176 2394 2235 2446 et
2253 2389 2755 2458 conservationem,
2783 2403 2907 2444 nam
2931 2387 3167 2458 plurima
3188 2387 3449 2444 scandala
3474 2401 3560 2442 se-

1958 2484 2294 2555 querentur,
2325 2493 2427 2534 nec
2454 2492 2613 2550 reges
2651 2475 2891 2534 infideles
2927 2477 3337 2550 permitterent,
3368 2475 3561 2536 subdi-

1959 2576 2046 2627 tos
2075 2568 2142 2626 ad
2171 2568 2330 2626 fidem
2360 2567 2625 2624 converti.

2039 2665 2091 2716 5.
2116 2661 2297 2733 Atque
2319 2657 2445 2715 hinc
2470 2657 2625 2714 facile
2646 2662 2865 2715 constat
2878 2654 3022 2716 aliud
3043 2656 3351 2715 membrum
3365 2655 3431 2716 de
3446 2657 3565 2714 iure

1957 2748 2334 2807 ecclesiastico
2352 2789 2367 2817 ,
2392 2745 2544 2821 quod
2572 2749 2903 2805 auctoritate
2930 2747 3095 2804 etiam
3122 2749 3377 2820 negativa
3404 2746 3559 2804 suffi-

1958 2840 2162 2896 cienter
2191 2836 2482 2910 probatur,
2509 2836 2649 2910 quia
2661 2835 2849 2894 nullibi
2872 2837 3165 2893 invenitur.
3191 2835 3275 2893 Ad
3298 2839 3560 2894 maiorem

1961 2935 2143 2986 autem
2172 2926 2580 3002 intelligentiam
2606 2924 2944 3000 distinguere
2972 2942 3273 2998 possumus
3300 2925 3555 2998 duplices

1960 3033 2118 3092 reges
2145 3015 2421 3074 infideles:
2452 3015 2677 3090 quidam
2707 3032 2988 3089 nunquam
3008 3015 3267 3089 baptizati
3296 3031 3399 3072 nec
3429 3030 3560 3088 apo-

1962 3115 2138 3166 statae
2166 3123 2199 3164 a
2226 3106 2329 3164 fide
2348 3148 2363 3178 ,
2392 3105 2479 3162 alii
2510 3112 2642 3163 sunt
2669 3105 2927 3164 baeretici
2948 3113 3250 3179 apostatae,
3277 3108 3325 3164 in
3352 3109 3567 3180 priores

1962 3213 2072 3256 non
2102 3196 2269 3254 habet
2294 3193 2544 3254 Ecclesia
2571 3194 2997 3253 iurisdictionem
3024 3194 3325 3271 directam,
3353 3203 3411 3253 et
3437 3195 3560 3254 ideo

1964 3303 2073 3344 non
2113 3292 2302 3360 potest
2338 3285 2461 3342 illos
2502 3285 2726 3358 punire,
2757 3299 2859 3342 nec
2886 3299 2983 3356 per
3010 3299 3069 3341 se
3097 3287 3281 3358 regnis
3322 3287 3561 3358 privare.

1964 3377 2018 3436 Si
2059 3382 2243 3434 autem
2285 3375 2390 3432 sub
2430 3390 2489 3430 se
2531 3373 2795 3431 haberent
2832 3373 3050 3447 fideles,
3088 3381 3144 3431 et
3168 3389 3265 3431 eos
3292 3374 3377 3432 vel
3406 3391 3437 3432 a
3465 3373 3567 3432 fide

1964 3472 2283 3524 averterent
2306 3506 2320 3539 ,
2343 3462 2427 3521 vel
2456 3463 2523 3521 ab
2550 3461 2859 3522 obedientia
2882 3463 3162 3521 Ecclesiae
3182 3505 3197 3536 ,
3224 3464 3313 3522 vel
3340 3464 3473 3522 alias
3496 3464 3568 3523 ad

1965 3572 2165 3631 pravos
2205 3569 2387 3612 mores
2428 3553 2712 3611 manifeste
2751 3552 3108 3622 inducerent,
3140 3561 3275 3611 tunc
3316 3553 3569 3612 Ecclesia

1967 3646 2195 3703 haberet
2220 3646 2431 3702 iustum
2457 3643 2661 3700 bellum
2684 3651 2882 3701 contra
2904 3643 3043 3718 illos,
3068 3650 3365 3718 possetque
3385 3659 3482 3701 eos
3510 3646 3568 3702 in

1969 3736 2343 3796 defensionem
2372 3731 2751 3792 inmeantium
2788 3740 3059 3806 potestate
3096 3740 3153 3792 et
3190 3750 3359 3808 regno
3387 3735 3569 3807 priva·

1969 3843 2060 3900 re3
2092 3825 2355 3901 quamdiu
2382 3839 2513 3882 vero
2542 3839 2649 3881 non
2676 3823 2991 3896 privantur,
3022 3839 3179 3881 suam
3210 3826 3447 3882 retinent
3472 3840 3574 3897 po·

1970 3922 2246 3975 testatem.
2277 3917 2337 3973 ln
2376 3915 2709 3986 posteriores
2750 3921 2935 3972 autem
2966 3914 3129 3972 habet
3154 3914 3406 3972 Ecclesia
3430 3914 3574 3973 dire·

1971 4013 2118 4065 ctam
2147 4010 2475 4078 potestatem
2502 4011 2560 4062 et
2588 4019 2683 4076 per
2711 4018 2769 4062 se
2788 4043 2805 4077 ,
2830 4007 3041 4062 ratione
3061 4004 3347 4079 baptismi,
3369 4012 3427 4062 et
3454 4003 3572 4063 ideo

1971 4099 2028 4155 in
2057 4112 2291 4169 poenam
2316 4093 2645 4152 infidelitatis
2672 4101 2731 4151 et
2757 4093 2996 4151 haeresis
3024 4100 3205 4167 potest
3224 4110 3321 4153 eos
3342 4094 3444 4151 hac
3474 4110 3575 4166 po-

1971 4193 2167 4246 testate
2199 4186 2444 4258 privare;
2478 4183 2745 4242 hactenus
2773 4200 2905 4242 vero
2935 4201 3043 4241 non
3073 4184 3304 4255 privavit
3327 4199 3424 4243 eos
3452 4184 3572 4257 ipso

1972 4277 2142 4349 facto,
2168 4277 2360 4334 saltem
2383 4281 2655 4348 quantum
2684 4273 2753 4331 ad
2776 4274 3133 4332 retentionem
3156 4281 3213 4331 et
3234 4289 3398 4332 usum
3427 4273 3573 4330 illius

1971 4368 2290 4443 potestatis,
2332 4368 2443 4424 imo
2484 4381 2585 4423 nec
2624 4364 2693 4422 de
2732 4366 2879 4423 sacto
2918 4365 2987 4422 ab
3014 4364 3105 4422 illa
3132 4363 3290 4457 deiici
3318 4370 3567 4436 possunt,

1973 4460 2152 4518 donec
2203 4474 2303 4532 per
2355 4456 2679 4516 sententiam
2718 4455 3152 4513 ecclesiasticam
3191 4454 3571 4528 declarentur,

1975 4551 2281 4621 iuxta‘cap.
2319 4549 2475 4606 Cum
2508 4543 2836 4603 secundum
2862 4543 3040 4619 leyes,
3074 4544 3140 4603 de
3168 4545 3493 4619 haereticis,
3525 4543 3578 4601 in'

1979 4643 2013 4698 6
2031 4682 2046 4712 ,
2077 4645 2134 4697 et
2160 4637 2325 4695 latius
2353 4635 2594 4696 traditur
2623 4635 2675 4690 iu
2702 4637 2933 4694 materia
2959 4632 3031 4692 de
3057 4632 3223 4693 Fide.

2057 4733 2111 4788 6.
2125 4729 2284 4786 Circa
2304 4725 2529 4784 alteram
2552 4730 2765 4798 partem
2786 4722 2854 4782 de
2874 4723 3139 4794 moribus,
3153 4723 3446 4782 dicendum
3470 4730 3575 4796 est,

1979 4823 2305 4893 potestatem
2335 4816 2474 4873 hanc
2502 4815 2555 4871 in
2584 4813 2895 4871 hominibus
2923 4813 3135 4870 iniustis
3155 4821 3213 4872 et
3234 4815 3434 4888 iniquis
3454 4827 3581 4886 per-

1979 4923 2202 4968 manere
2226 4921 2409 4980 posse,
2439 4911 2495 4962 et
2522 4904 2597 4960 ita
2623 4903 2940 4976 simpliciter
2966 4922 3074 4964 non
3102 4904 3339 4978 pendere
3363 4920 3433 4962 ex
3462 4919 3580 4961 mo-

1979 4999 2132 5056 ribus
2179 4996 2445 5053 honestis.
2496 4993 2789 5052 Conclusio
2835 5000 2920 5051 est
2960 4997 3123 5054 etiam
3160 5001 3313 5051 certa
3348 4992 3416 5076 de
3454 4992 3579 5066 tide,

1981 5103 2124 5164 quae
2155 5087 2293 5144 satis
2320 5091 2539 5143 constat
2565 5100 2635 5142 ex
2659 5083 2921 5142 discursu
2948 5087 3118 5142 totius
3144 5084 3463 5156 scripturae
3483 5124 3500 5155 ,
3530 5083 3585 5139 in

1980 5193 2092 5254 qua
2111 5175 2569 5251 legimus,plures
2590 5190 2746 5248 reges
2767 5180 2875 5233 tam
2898 5176 2958 5232 in
2977 5174 3183 5249 populo
3202 5172 3395 5244 lsrael,
3412 5188 3579 5247 quam

1979 5269 2120 5328 inter
2144 5273 2334 5342 gentes
2354 5266 2523 5326 fuisse
2542 5267 2937 5342 iniquissimos,
2960 5272 3019 5324 et
3039 5262 3391 5322 nihilominus
3413 5261 3581 5322 ruisse

3722 4437 3753 4458 Χ
