4325 6267
703 327 891 402 ,52

735 478 867 529 sunt
892 485 1079 529 omnes
1105 467 1324 542 laudes,
1353 484 1490 545 quas
1516 466 1584 527 de
1611 465 1730 544 lege
1759 468 1942 528 divina
1970 467 2321 543 prosequitur

733 561 901 620 David
937 568 1052 619 toto
1089 563 1228 633 psal.
1276 565 1399 619 118.
1431 562 1577 618 inter
1603 559 1736 618 alia:
1777 565 2054 620 Lucerna
2072 559 2321 636 pedibus

732 657 876 710 meis
914 652 1155 710 verbum
1193 657 1484 726 taum,‚et
1510 650 1710 709 lumen
1736 653 1960 710 semitis
1984 654 2149 707 meis.
2181 652 2315 707 Nam

731 743 835 798 hoc
879 741 1042 798 modo
1081 741 1372 814 praecipue
1410 741 1493 816 legi
1523 743 1651 799 facit
1676 742 1883 812 honos,
1917 741 2160 814 scilicet,
2194 739 2320 797 diri-

729 832 909 907 gendo
936 831 1004 888 ad
1033 831 1108 900 id,
1139 830 1286 904 quod
1313 831 1517 889 bonum
1543 839 1658 900 est,
1689 837 1744 889 et
1771 831 2158 904 obligationem
2187 828 2319 886 illud

735 920 995 993 operandi
1034 921 1388 993 imponendo,
1432 923 1526 977 cui
1568 928 1838 979 consonat
1877 920 2014 979 illud
2052 919 2186 993 psal.
2226 923 2315 976 18:

733 1017 862 1070 Lex
891 1013 1132 1068 Domini
1158 1009 1573 1077 immaculata,
1603 1015 1940 1068 convertens
1963 1014 2226 1067 animas.
2252 1010 2323 1066 Et

730 1102 903 1158 iufra:
942 1104 1338 1175 Praeceptum
1373 1103 1621 1158 Domini
1669 1099 1933 1158 lucidum
1971 1099 2322 1158 illuminans

732 1191 956 1250 oculos.

813 1286 912 1342 Est
953 1290 1138 1341 autem
1175 1283 1593 1351 advertendum,
1623 1281 1854 1339 Paulum
1881 1279 2220 1354 distinguere
2250 1279 2324 1336 le·

732 1391 858 1450 gem
900 1391 931 1430 a
969 1375 1162 1447 gratia,
1193 1375 1320 1447 quia
1349 1374 1462 1446 lex,
1493 1380 1559 1431 ut
1589 1374 1695 1444 lex,
1726 1374 1855 1430 licet
1881 1373 2162 1442 ostendat,
2194 1369 2326 1446 quid

733 1462 1068 1537 operandum
1111 1465 1202 1535 sit,
1233 1480 1329 1536 per
1357 1481 1414 1520 se
1440 1481 1548 1520 non
1578 1463 1671 1520 dat
1697 1466 1836 1520 vires
1863 1462 1932 1520 ad
1958 1462 2012 1519 id
2047 1478 2323 1536 exequen-

2202 339 2402 392 LIBER
2426 342 2480 392 1.

2392 469 2528 528 dum
2556 468 2689 546 quid
2718 470 2774 528 in
2800 466 2892 528 illo
2923 483 3109 541 sensu,
3136 467 3232 527 sed
3252 467 3597 542 simpliciter,
3626 467 3755 543 quia
3775 465 3987 524 bonum

2393 561 2602 618 morale
2636 568 2695 619 et
2730 559 3024 620 honestum
3058 560 3359 618 intendunt.
3405 561 3483 617 lta
3520 559 3804 632 profitetur
3834 559 3989 616 lure-

2393 652 2683 711 consultus
2724 653 2775 709 in
2819 654 2857 711 1.
2898 657 2959 723 1,
2990 653 3045 710 ff.
3078 651 3145 710 de
3172 652 3305 708 iust.
3335 660 3392 710 et
3417 653 3527 708 iur.
3560 651 3775 707 dicens:
3810 651 3989 708 Iusti-

2392 746 2543 800 tiam
2572 741 2837 811 colimus,
2876 741 3106 799 licitum
3126 740 3202 800 ab
3222 740 3426 798 illicito
3447 739 3860 806 discernentes,
3890 738 3991 795 bo-

2390 849 2495 889 nos
2522 849 2640 890 uon
2666 831 2855 890 solum
2882 837 3041 890 metu
3058 847 3415 908 poenarum,
3442 829 3544 887 sed
3571 834 3755 889 etiam
3774 830 3993 887 exhor-

2392 927 2615 981 tatione
2632 927 3049 999 praemiorum
3078 921 3309 995 efficere
3336 924 3656 996 cupientes.
3688 919 3835 977 Idem
3864 935 3990 976 sen-

2392 1016 2641 1073 titArist.
2669 1021 2724 1072 3.
2750 1013 2925 1073 Polit.
2952 1029 3074 1086 cap.
3102 1019 3157 1084 4,
3182 1012 3388 1082 dicens,
3410 1013 3571 1068 tinem
3598 1012 3835 1069 civitatis
3866 1027 3991 1068 esse

2394 1103 2532 1160 bene
2555 1107 2747 1161 vivere
2765 1150 2779 1172 ‚
2813 1109 2869 1161 et
2895 1105 3260 1162 honestatem
3288 1100 3559 1174 aliquam
3588 1103 3993 1176 participare,-

2394 1199 2451 1250 et
2476 1209 2601 1266 cap.
2634 1198 2688 1252 6.
2721 1196 2826 1251 ait:
2856 1199 2942 1252 De
2962 1195 3177 1250 virtute
3204 1197 3259 1248 et
3282 1195 3419 1248 vitio
3439 1186 3677 1268 publice
3704 1194 3988 1264 coqitant,

2395 1287 2748 1357 quicumque
2774 1299 2985 1348 curam
3010 1282 3229 1340 habent
3257 1281 3393 1339 bene
3419 1279 3767 1337 instituendi
3787 1283 3995 1336 civita-

2396 1379 2551 1441 tem;
2592 1381 2649 1430 et
2684 1379 2730 1432 1..
2762 1372 3072 1432 Politicor.
3109 1388 3231 1443 cap.
3268 1371 3439 1428 ultim.
3473 1370 3639 1440 dicit,
3681 1386 3881 1426 omnes
3908 1373 3993 1425 ci-

2395 1481 2489 1522 ves
2518 1463 2724 1521 debere
2750 1479 2873 1521 esse
2898 1465 3219 1538 participes
3240 1465 3481 1520 virtutis
3500 1460 3766 1528 ntoralis,
3798 1477 3999 1534 quan·-

733 1554 898 1626 dnm3
937 1555 1043 1611 hoc
1083 1554 1226 1610 enim
1267 1552 1336 1610 ad
1373 1555 1602 1626 gratiam
1631 1560 1866 1627 spectat.
1899 1554 2052 1612 Unde
2081 1562 2169 1610 est
2192 1552 2326 1611 illud
2398 1559 2527 1612 tum
2565 1571 2713 1629 opus
2755 1559 2861 1611 est.
2894 1555 3094 1611 Tamen
3124 1554 3175 1610 in
3208 1554 3452 1626 principe
3480 1554 3709 1625 requirit
3736 1554 3997 1608 virtutem

735 1642 889 1702 Pauli
921 1643 989 1700 ad
1027 1645 1186 1700 Rom.
1221 1647 1282 1702 7:
1324 1643 1501 1702 Video
1527 1643 1720 1702 aliam
1747 1643 1931 1719 leqem
1957 1648 2024 1702 in
2049 1644 2329 1714 membris
2398 1644 2711 1717 simpliciter
2733 1686 2748 1716 ,
2794 1645 2977 1718 utique
3018 1646 3069 1700 in
3099 1645 3343 1701 secundo
3375 1660 3541 1700 sensu
3581 1645 3756 1714 posito
3776 1684 3791 1715 ,
3822 1643 3873 1701 id
3912 1647 4000 1700 est

733 1737 876 1793 meis
913 1739 1343 1808 repuqnantem
1381 1735 1496 1808 leyi
1535 1738 1747 1791 mentis
1775 1751 1968 1804 nicae,
2005 1741 2118 1791 etc.
2151 1735 2222 1790 Et
2251 1735 2331 1790 in·
2398 1734 2775 1792 collectionem
2803 1738 3047 1792 omnium
3074 1735 3360 1808 virtutum,
3392 1734 3519 1808 quia
3549 1733 3601 1790 in
3624 1733 3879 1791 omnihus
3900 1733 3997 1790 de-

738 1824 849 1881 fra:
900 1827 1045 1901 Quis
1080 1839 1172 1880 me
1209 1822 1482 1881 liberabit
1515 1823 1587 1882 de
1613 1840 1854 1900 corpore
1879 1827 2088 1882 monis
2117 1825 2332 1882 Itu-ius?
2403 1825 2495 1882 bet
2520 1825 2853 1898 praecipere.

733 1922 792 1972 et
822 1915 1149 1988 respondet:
1193 1918 1408 1974 Gratia
1443 1917 1554 1972 Dei
1593 1932 1703 1992 per
1741 1918 1943 1972 Iesum
1997 1916 2325 1976 Christum.
2479 1921 2533 1974 4.
2567 1917 2726 1973 Ratio
2768 1923 2952 1973 autem
2994 1931 3026 1972 a
3063 1915 3229 1988 priori
3268 1921 3383 1987 est,
3425 1915 3553 1990 quia
3578 1915 3699 1972 finis
3726 1914 3997 1972 humanae

739 2009 850 2064 Lex
877 2022 1034 2078 ergo,
1066 2007 1110 2062 si
1141 2005 1312 2062 multa
1340 2004 1655 2078 praecipiat,
1687 2012 1742 2063 et
1768 2007 1912 2063 vires
1940 2004 2197 2078 operandi
2227 2022 2335 2062 non
2406 2006 2740 2080 reipublicae
2765 2013 2849 2064 est
2876 2022 3002 2064 vera
3031 2007 3261 2064 felicitas
3289 2006 3530 2080 politica,
3562 2022 3704 2082 quae
3731 2007 3995 2068 sinemo-

740 2098 1032 2172 praebeat‚
1073 2097 1320 2170 quamvis
1359 2112 1455 2169 per
1493 2112 1550 2152 se
1580 2096 1764 2154 tendat
1791 2097 1858 2153 ad
1887 2096 2123 2167 bonum,
2153 2102 2335 2169 potest
2400 2095 2552 2154 ribus
2594 2096 2829 2154 honestis
2868 2113 2990 2155 esse
3026 2112 3132 2155 non
3162 2103 3367 2170 potest3
3401 2113 3497 2169 per
3526 2097 3669 2170 leges
3698 2105 3885 2152 autern
3916 2098 3995 2154 ci·

739 2205 860 2246 esse
888 2187 1132 2260 occasio,
1165 2195 1226 2244 ut
1256 2185 1418 2244 homo
1448 2193 1675 2260 propter
1695 2187 2038 2260 fragilitatem
2063 2203 2220 2244 suam
2243 2201 2333 2260 pe-

745 2281 829 2336 ior
871 2279 983 2334 fiat.
1030 2281 1203 2350 Atque
1234 2276 1324 2333 hic
1352 2283 1438 2334 est
1467 2292 1662 2334 sensus
1691 2277 1842 2335 Pauli
1869 2278 1922 2332 in
1950 2277 2229 2350 prioribus
2257 2275 2335 2332 lo·

742 2372 854 2442 cis;
907 2385 1032 2425 nam
1074 2368 1210 2424 haec
1252 2373 1370 2424 erat
1407 2366 1692 2424 infirmitas
1736 2367 1867 2440 legis
1913 2366 2138 2439 veteris,
2184 2366 2333 2440 quod

665 2501 686 2510 -
741 2460 914 2516 multa
940 2457 1188 2530 iubebat,
1219 2469 1275 2512 et
1299 2473 1409 2513 non
1437 2457 1676 2530 iuvabat,
1706 2463 1761 2514 et
1787 2457 1904 2514 ideo
1933 2455 2132 2514 dicitur
2151 2501 2166 2529 ,
2197 2458 2333 2514 iram

743 2559 800 2607 et
839 2555 1074 2606 mortem
1116 2552 1398 2621 operatam
1437 2549 1636 2619 fuisse,
1680 2563 1789 2604 non
1819 2564 1914 2621 per
1943 2563 2022 2623 se,
2052 2549 2135 2604 vel
2162 2564 2230 2606 ex
2256 2549 2335 2605 in-

747 2640 983 2698 tentione
1021 2655 1152 2710 sua,
1183 2637 1280 2694 sed
1308 2652 1403 2711 per
1433 2638 1781 2695 occasionem
1809 2639 1875 2694 ab
1903 2637 2215 2695 hominihus
2244 2653 2333 2694 ac-

745 2736 981 2803 ceptam.
1009 2729 1164 2788 Unde
1195 2744 1322 2785 cum
1352 2728 1559 2786 dicitur
1585 2732 1650 2786 ut
1669 2728 2009 2787 abundaret
2027 2727 2329 2792 delictum.

744 2823 922 2895 posita
948 2819 1220 2894 particula
1245 2825 1331 2884 ut,
1370 2837 1477 2876 non
1505 2821 1770 2894 significat
1797 2821 1987 2890 finem,
2017 2820 2113 2877 sed
2142 2837 2337 2878 conse·

751 2913 1030 2969 cntionem
1041 2955 1062 2998 ὃ
1093 2909 1242 2984 quod
1267 2912 1319 2966 in
1347 2909 1440 2966 illa
1467 2909 1738 2981 particula
1762 2915 1830 2966 ut
1857 2911 2112 2984 frequens
2139 2917 2250 2984 est,
2280 2921 2339 2970 et

745 3001 1047 3059 notandum
1089 3002 1141 3056 in
1177 2999 1481 3071 Scriptura.
1517 3000 1740 3057 Ponitur
1768 3008 1952 3058 autem
1979 3000 2046 3058 ad
2075 3001 2336 3060 denotan-

748 3093 902 3165 dum,
927 3092 1184 3148 effectum
1206 3089 1359 3147 illum
1379 3090 1688 3162 praevisum
1707 3105 1828 3146 esse
1850 3106 1881 3147 a
1902 3093 2034 3162 Deo,
2052 3098 2108 3148 et
2128 3107 2193 3148 ex
2217 3107 2337 3164 spe-

747 3183 871 3240 ciali
910 3180 1248 3255 providentia
1283 3181 1643 3253 permissum,
1683 3187 1748 3238 ut
1775 3179 2203 3239 homines-suam
2229 3177 2337 3238 fra-'

743 3274 1004 3348 gilitatem
1042 3278 1100 3330 et
1138 3272 1520 3329 necessitatem
1559 3271 1768 3328 divinae
1796 3272 2002 3344 gratiae
2029 3288 2094 3329 ac
2123 3272 2334 3331 redem-

741 3365 937 3438 ptionis
966 3364 1163 3420 Christi
1192 3368 1612 3437 cognoscerent.

824 3461 876 3512 3.
907 3456 1064 3511 Circa
1102 3453 1408 3510 secundum
1443 3451 1510 3510 de
1539 3452 1658 3525 lege
1685 3452 1826 3534 civili
1854 3453 2014 3528 aliqui
2046 3454 2337 3512 thomistae

741 3545 1089 3617 existimant,
1119 3551 1407 3616 propterea
1434 3541 1616 3598 divum
1644 3542 1903 3601 Thomam
1931 3543 2229 3615 addidisse,
2259 3545 2335 3602 le-

746 3633 1099 3712 yemsacere
1126 3632 1336 3690 bonum
1364 3631 1454 3689 vel
1489 3631 1859 3706 simpliciter,
1895 3632 1986 3691 vel
2013 3633 2335 3693 secundum

743 3722 911 3800 quid,-
937 3723 1066 3796 quia
1092 3722 1176 3779 lex
1205 3722 1404 3794 civilis,
1435 3722 1563 3778 licet
1590 3739 1697 3780 non
1719 3723 1884 3781 faciat
1902 3725 2110 3782 bonum
2130 3726 2331 3797 virum,

743 3813 894 3888 quod
915 3819 1139 3870 estesse
1161 3812 1364 3869 honum
1387 3811 1728 3884 simpliciter,
1755 3813 1883 3870 facit
1905 3814 2108 3872 honum
2132 3817 2327 3888 civem,

744 3903 898 3977 quod
923 3913 1009 3959 est
1034 3917 1154 3958 esse
1181 3902 1388 3958 honum
1419 3901 1724 3959 secundum
1747 3902 1894 3976 quid.
1923 3904 2028 3962 Sed
2049 3904 2336 3964 adverten-

744 3995 876 4053 dum
905 4000 1011 4068 est,
1037 3992 1167 4051 illud
1191 3991 1519 4050 secundam
1537 3991 1679 4067 qaid
1701 3993 1988 4065 dupliciter
2011 3998 2188 4069 accipi
2208 4014 2331 4070 pos-

749 4103 838 4158 se3
874 4101 980 4142 uno
1017 4083 1210 4154 modo,
1242 4088 1306 4141 ut
1331 4081 1688 4157 distinguitur
1714 4083 1916 4140 honum
1949 4085 1999 4140 in
2029 4087 2209 4159 aliquo
2238 4103 2331 4159 ge-

712 4247 718 4250 .
741 4192 895 4248 nere,
920 4193 971 4231 v.
999 4188 1052 4248 g.
1077 4175 1355 4245 scientiae,
1381 4172 1464 4229 vel
1489 4175 1622 4230 artis
1649 4189 1681 4231 a
1707 4173 1848 4230 hono
1871 4175 2080 4246 morali,
2111 4192 2209 4233 seu
2234 4178 2330 4234 ho-

2403 2187 2533 2244 viles
2562 2188 2811 2262 dirigitur
2838 2191 2893 2245 in
2914 2205 3033 2246 eam
3054 2187 3382 2264 felicitatem,
3406 2195 3463 2245 et
3483 2187 3605 2245 ideo
3632 2202 3858 2244 necesse
3885 2195 3993 2260 est,

2404 2286 2468 2337 ut
2488 2279 2611 2336 illae
2633 2279 2781 2353 leges
2804 2279 2871 2336 ad
2891 2280 3097 2336 bonum
3120 2277 3321 2336 morale
3344 2293 3441 2350 per
3462 2293 3519 2334 se
3541 2277 3786 2351 tendant,
3813 2278 3990 2351 quod,

2406 2375 2470 2426 ut
2496 2369 2639 2441 dixi„
2663 2377 2749 2426 est
2775 2370 2977 2427 bouum
3006 2368 3345 2441 simpliciter.
3374 2367 3603 2436 Quando
3632 2383 3763 2425 vero
3784 2369 3996 2424 Aristo-

2404 2460 2537 2517 teles
2574 2461 2779 2518 bonum
2819 2460 2993 2516 civem
3035 2459 3318 2532 distinguit
3344 2475 3377 2514 a
3403 2459 3543 2514 bono
3571 2461 3720 2528 viro,
3751 2457 3805 2515 id
3835 2460 3991 2532 facit,

2404 2553 2535 2624 quia
2572 2551 2699 2622 plus
2738 2551 3042 2624 requiritur
3081 2549 3147 2606 ad
3190 2549 3449 2608 virtutem
3487 2549 3613 2607 boni
3656 2549 3787 2621 viri,
3828 2565 3997 2624 quam

2406 2640 2529 2697 boni
2566 2641 2736 2713 civis,
2780 2642 3033 2714 quamvis
3070 2640 3212 2696 enim
3253 2640 3429 2696 virtus
3455 2639 3583 2696 honi
3609 2639 3743 2696 civis
3770 2641 3999 2696 moralis

2404 2731 2475 2788 sit
2500 2738 2555 2788 et
2581 2729 2807 2787 honesta
2832 2746 2901 2787 ex
2928 2745 2985 2786 se
3003 2772 3018 2800 ,
3051 2737 3231 2788 tamen
3260 2732 3513 2802 praecise
3542 2737 3761 2802 sumpta
3786 2737 3875 2786 est
3910 2747 3997 2787 se-

2404 2820 2649 2878 cundum
2688 2820 2853 2894 quid,
2897 2820 3142 2878 secundo
3182 2837 3347 2878 sensu
3388 2837 3556 2892 supra
3594 2819 3911 2892 declarato,
3942 2827 3999 2878 et

2406 2910 2521 2967 sola
2560 2927 2666 2968 non
2705 2909 2911 2968 sufficit
2950 2910 3016 2967 ad
3058 2911 3501 2968 constituendum
3541 2911 3860 2984 simpliciter
3897 2911 3996 2968 bo-

2404 3017 2534 3058 num
2574 3002 2769 3058 virum.
2800 3001 2950 3058 Unde
2981 3001 3025 3056 si
3055 3002 3177 3074 quis
3220 3001 3289 3057 sit
3315 2999 3613 3074 solitariuS,
3644 3001 3847 3072 poterit
3871 3017 3995 3058 esse

2406 3093 2487 3148 vir
2514 3091 2689 3148 bonus
2713 3135 2727 3164 ‚
2759 3093 2966 3148 etiamsi
3007 3107 3113 3148 non
3157 3092 3229 3148 sit
3266 3092 3443 3148 honus
3484 3090 3636 3150 civis.
3670 3093 3773 3160 Qui
3810 3101 3996 3150 autem

2405 3197 2533 3254 pars
2561 3190 2649 3239 est
2676 3182 2928 3253 civitatiS,
2960 3198 3067 3239 non
3094 3182 3197 3239 erit
3224 3183 3398 3238 bonus
3428 3181 3771 3255 simpliciter,
3807 3183 3911 3238 nisi
3940 3190 3998 3240 et
4024 3221 4033 3238 .

2407 3275 2487 3329 vir
2515 3273 2691 3329 honus
2721 3279 2775 3329 et
2804 3273 2980 3329 honus
3009 3272 3141 3328 civis
3172 3272 3259 3340 sit,
3292 3271 3420 3343 quia
3449 3271 3654 3328 bonum
3687 3287 3752 3328 ex
3782 3271 3995 3345 integra
4024 3332 4030 3338 ,

2405 3378 2602 3434 causa3
2650 3365 2851 3434 poterit
2880 3369 3058 3420 autem
3088 3379 3206 3420 esse
3236 3364 3411 3420 honus
3442 3363 3601 3434 civis,
3632 3362 3759 3420 licet
3784 3379 3896 3420 non
3925 3365 4000 3422 sit

2406 3452 2585 3508 bonus
2614 3453 2716 3524 vir,
2747 3453 2877 3525 quia
2905 3467 3027 3510 esse
3054 3452 3259 3509 honum
3286 3454 3497 3526 civem,
3527 3461 3614 3510 est
3639 3467 3761 3510 esse
3787 3453 3998 3511 bonum

2408 3542 2714 3599 secundum
2742 3543 2892 3616 quid.

2485 3638 2537 3689 5.
2571 3639 2746 3704 Atque
2788 3632 2914 3688 hinc
2942 3638 3173 3713 ‘constat
3198 3649 3230 3688 a
3260 3633 3487 3707 fortiori,
3519 3633 3665 3706 leges
3695 3635 3996 3690 canonicas

2405 3724 2585 3780 facere
2614 3724 2814 3780 bonum
2844 3722 3160 3795 simpliciter
3186 3725 3242 3780 in
3270 3723 3462 3781 eodem
3490 3739 3687 3797 sensu3
3713 3739 3839 3780 nam
3865 3727 3910 3780 si
3936 3725 3997 3781 il·

2403 3812 2485 3870 lae
2526 3820 2741 3870 tantum
2782 3820 3095 3886 serventur,
3134 3830 3241 3870 non
3280 3814 3483 3871 faciunt
3527 3815 3731 3871 bonum
3773 3816 3994 3872 omnino

2400 3909 2868 3976 consummatum,
2897 3903 2955 3960 id
2981 3909 3067 3959 est
3094 3904 3148 3960 in
3176 3903 3320 3959 omni
3350 3918 3548 3976 genere
3571 3904 3727 3960 honi:
3752 3904 3903 3978 quod
3926 3904 3993 3962 de

2402 4009 2757 4068 quacumque
2784 3993 2899 4067 lege
2927 3993 2977 4048 in
3006 3994 3321 4066 particulari
3350 3995 3455 4052 dici
3486 4000 3695 4066 potest,
3726 3995 3855 4068 quia
3883 4012 3995 4052 non

2402 4084 2667 4157 praecipit
2692 4098 2846 4140 omne
2874 4082 3103 4158 honum,
3130 4083 3228 4141 sed
3256 4091 3467 4156 partem
3492 4084 3631 4155 eius,
3664 4090 3883 4156 praeter
3915 4086 3991 4143 le·

2398 4191 2523 4248 gem
2552 4176 2820 4246 caritatis,
2852 4189 2991 4246 quae
3020 4175 3217 4244 virtute
3246 4175 3427 4231 omnia
3453 4174 3862 4246 complectitur.
3895 4179 3992 4232 At-

744 4274 944 4339 nestof
964 4267 1113 4341 quod
1142 4281 1404 4322 vocamus
1430 4264 1634 4320 honum
1665 4265 1994 4339 simpliciter3
2025 4267 2131 4324 alio
2162 4269 2326 4325 modo
2398 4281 2505 4338 que
2534 4269 2608 4322 ita
2638 4280 2997 4338 unaquaeque
3028 4264 3109 4321 lex
3140 4265 3267 4321 facit
3293 4265 3499 4322 honum
3528 4281 3594 4322 ex
3617 4274 3769 4337 parte
3798 4267 3892 4341 (ut
3914 4269 3993 4323 ita

744 4359 887 4416 sumi
910 4364 1118 4430 potest,
1147 4363 1314 4429 prout
1333 4355 1472 4412 intra
1493 4357 1670 4428 ipsum
1692 4370 1865 4428 genus
1890 4355 2096 4414 honesti
2118 4358 2323 4416 honum
2399 4353 2630 4429 dicam),
2652 4354 2775 4410 etin
2803 4354 2904 4410 hoc
2930 4369 3095 4411 sensu
3119 4354 3250 4410 facit
3271 4355 3475 4411 bonum
3499 4356 3807 4413 secundum
3828 4357 3986 4430 quid:

741 4451 906 4508 unius
935 4453 1150 4504 tantum
1179 4447 1402 4503 virtutis
1433 4453 1517 4506 est
1544 4443 1853 4502 secundum
1881 4446 2036 4520 quid,
2065 4455 2323 4519 respectu
2396 4453 2513 4504 tota
2542 4451 2725 4503 autem
2753 4444 3006 4503 collectio
3035 4444 3213 4518 legum
3242 4445 3371 4502 facit
3392 4445 3645 4502 absolute
3667 4447 3893 4504 bonum.
3920 4448 3992 4503 Et

741 4538 1081 4596 collectionis
1118 4539 1360 4594 omnium
1399 4537 1696 4609 virtutum,
1735 4536 2015 4609 quomodo
2056 4542 2323 4608 tempera·
2399 4539 2502 4595 hoc
2533 4539 2716 4610 ipsum
2742 4538 2796 4593 in
2827 4552 2887 4617 re
2913 4543 3252 4593 censuerunt
3276 4538 3565 4593 caietanus
3593 4544 3651 4593 et
3676 4539 3811 4594 Soto
3838 4539 3992 4594 circa

741 4639 863 4702 tus,
908 4630 952 4686 si
990 4644 1099 4685 non
1128 4627 1198 4684 sit
1226 4627 1402 4708 bonus
1430 4625 1514 4682 vel
1538 4628 1746 4700 iustus,
1777 4625 1992 4684 dicetur
2024 4628 2203 4685 bonus
2234 4647 2318 4686 se·
2393 4629 2603 4686 dictum
2631 4636 2735 4684 art.
2776 4630 2826 4699 1,
2857 4627 3105 4700 quamvis
3135 4628 3200 4706 in·
3220 4627 3395 4683 verbis
3421 4627 3639 4684 differre
3673 4627 3979 4686 videantur.

736 4718 982 4778 cundum
1005 4717 1158 4793 quid.
1185 4717 1350 4775 Divus
1364 4716 1595 4772 Thomas
1618 4733 1749 4792 ergo
1771 4718 1882 4773 sine
1905 4716 2068 4774 dubio
2094 4718 2317 4776 locutus
2471 4724 2525 4776 6.
2552 4717 2711 4774 Circa
2733 4717 2954 4773 tertium
2980 4715 3313 4774 occurrebat
3332 4716 3629 4790 disputatio
3648 4733 3777 4775 cum
3792 4719 3989 4776 Adria·
4046 4770 4056 4779 .

742 4810 893 4868 estin
916 4809 1084 4883 priori
1110 4805 1448 4878 sensu,adeo
1478 4814 1540 4864 ut
1566 4806 1783 4875 dixerit,
1799 4807 1945 4881 leges
1973 4809 2247 4866 latronum
2272 4811 2317 4866 si
2390 4827 2462 4867 no
2500 4817 2555 4866 et
2594 4808 2743 4880 aliis·,
2776 4823 2842 4863 an
2870 4807 3149 4879 peccando
3190 4806 3514 4880 mortaliter,
3546 4811 3721 4881 possit
3748 4825 3873 4865 vere
3900 4809 3986 4866 lex

737 4907 1050 4973 serventur,
1080 4899 1259 4955 facere
1284 4897 1458 4954 bonos
1480 4897 1737 4972 latrones3
1763 4907 1819 4956 et
1839 4898 1980 4956 idem
1999 4907 2084 4956 est
2105 4899 2173 4956 de
2196 4899 2315 4974 lege
2393 4901 2573 4973 aliqua
2616 4898 2839 4956 servari.
2887 4897 2990 4955 Sed
3033 4898 3099 4954 de
3130 4898 3231 4954 hoc
3259 4898 3429 4955 videri
3457 4907 3641 4972 potest
3664 4899 3720 4958 d.
3751 4900 3988 4958 Thomas

731 4992 947 5048 militiae
968 5034 983 5061 ,
1013 4995 1070 5046 et
1094 4987 1385 5046 cuiuslibet
1413 4988 1572 5046 artis:
1604 4988 1700 5045 sed
1725 4989 1847 5047 illae
1876 4989 2021 5062 leges
2049 5005 2160 5046 non
2189 4998 2318 5050 sunt
2401 4995 2451 5049 1.
2482 4996 2539 5057 2,
2571 5006 2627 5063 q.
2668 4993 2801 5059 100,
2834 4993 2937 5044 art.
2973 4992 3027 5058 9,
3058 4994 3113 5043 et
3142 4993 3194 5044 3.
3226 4993 3284 5058 2,
3315 5004 3369 5060 q.
3404 4993 3506 5059 44,
3536 4997 3639 5046 art.
3674 4994 3729 5062 4,
3764 4996 3819 5047 et
3845 4990 3985 5048 infra

732 5082 878 5156 leges
900 5079 1235 5152 simpliciter,
1255 5077 1348 5135 sed
1365 5078 1670 5136 secundum
1692 5078 1848 5152 quid,
1872 5087 2022 5137 utex
2047 5080 2313 5152 principio
2387 5078 2673 5138 tractando
2714 5079 2782 5135 de
2819 5077 2938 5151 lege
2981 5077 3210 5150 positiva
3250 5078 3646 5152 disputabitur:
3696 5097 3845 5139 nunc
3886 5082 3981 5139 ad·

727 5170 983 5228 materiae
1005 5174 1239 5227 constat.
1259 5167 1411 5228 Unde
1435 5167 1580 5241 leges
1601 5168 1810 5242 civiles,
1835 5185 1973 5242 quae
1997 5170 2315 5242 simpliciter
2388 5172 2578 5242 mitto,
2622 5167 2781 5242 po'sse
2811 5169 2987 5242 legem
3016 5170 3223 5224 servari
3255 5185 3350 5241 per
3378 5177 3567 5227 actum
3596 5171 3799 5228 malum
3823 5215 3838 5246 ,
3872 5190 3987 5230 non

701 5264 876 5338 oleges
906 5268 1056 5336 suut,
1073 5276 1132 5318 re
1151 5276 1278 5318 vera
1294 5276 1400 5317 non
1422 5264 1635 5317 tantum
1655 5259 1865 5316 faciunt
1891 5259 2096 5317 honum
2117 5276 2319 5318 secun·
2384 5277 2513 5318 vero
2542 5265 2811 5334 quatenus
2840 5257 3015 5314 malus
3042 5264 3147 5331 est,
3182 5257 3274 5315 sed
3304 5265 3577 5331 quatenus
3608 5259 3815 5334 aliquid
3851 5262 3986 5320 honi
