4325 6267
1803 359 2016 414 carm·
2043 364 2141 414 XI·

344 505 438 555 tur
471 511 538 555 ex
567 493 658 554 illo
687 499 838 554 textu
861 505 994 552 cum
1013 488 1476 550 concordantibus
1497 481 1836 564 cap.'Lieet,
1868 487 1936 546 de

341 587 573 646 iureiur.
606 586 660 643 in
691 589 748 659 6,
778 589 833 642 et
857 586 1036 658 capite
1065 582 1167 640 ult.
1197 581 1265 639 de
1294 581 1614 655 praescript.
1645 582 1716 638 Et
1746 586 1937 638 notant

343 677 450 735 late
478 680 635 734 loan.
666 675 805 734 And.
840 675 892 732 in
921 672 1112 748 regula
1123 687 1444 748 possessor,
1474 673 1526 728 in
1548 670 1858 730 Mercurial.
1881 676 1939 728 et

345 771 602 827 Panorm.
631 767 683 824 in
701 769 938 824 Prooem.
959 759 1170 822 Decret.
1197 779 1347 820 num.
1383 766 1544 837 16,et
1570 763 1620 819 in
1643 778 1766 833 cap.
1799 766 1847 820 1.
1871 760 1938 818 de

341 858 543 915 iuram.
580 856 687 916 cal.
719 873 775 912 n.
812 859 863 916 7.
893 855 1118 913 Ratione
1145 851 1480 927 declaratur,
1504 854 1634 926 quia
1653 850 1934 923 spirituale

341 948 551 1005 bonum
585 963 684 1004 seu
712 945 940 1003 felicitas
969 944 1130 1002 liuius
1157 941 1298 1000 vitae
1323 949 1411 1000 est
1437 942 1715 1015 dispositio
1743 957 1840 1014 per
1869 957 1931 999 se

343 1036 594 1094 ordinata
622 1036 691 1094 ad
728 1035 975 1094 ultimam
1013 1035 1325 1091 felicitatem
1351 1033 1824 1106 supernaturalem
1853 1033 1932 1091 vi·

343 1135 432 1184 tae
467 1128 720 1200 futurae,
751 1126 834 1184 vel
865 1128 1045 1200 potius
1073 1131 1160 1182 est
1185 1122 1455 1198 quaedam
1484 1124 1758 1182 inchoatio
1787 1126 1930 1198 eius3

340 1232 475 1291 ergo
517 1223 795 1290 potestaS,
835 1231 976 1290 quae
1015 1231 1124 1272 non
1164 1213 1453 1272 ordinatur
1497 1229 1593 1286 per
1623 1229 1680 1272 se
1708 1212 1776 1272 ad
1805 1213 1936 1270 diri-

344 1305 555 1380 gendos
581 1306 826 1363 homines
853 1304 923 1361 ad
950 1303 1098 1362 illam
1125 1303 1457 1376 felicitatem,
1489 1319 1596 1361 non
1624 1309 1808 1376 potest
1833 1318 1933 1377 per

347 1413 408 1455 se
429 1397 620 1454 referri
643 1396 712 1454 ad
733 1391 1068 1470 spiritualem
1094 1395 1252 1452 tinem
1275 1395 1438 1453 huius
1458 1395 1616 1466 vitae,
1642 1393 1770 1468 quia
1792 1394 1934 1451 eius-

345 1487 470 1545 dem
505 1488 784 1561 potestatis
811 1492 898 1544 est
923 1486 1158 1560 dirigere
1185 1484 1251 1542 ad
1281 1486 1440 1542 finem
1469 1483 1753 1556 ultimum,
1783 1490 1842 1543 et
1867 1483 1934 1541 ad

351 1578 555 1651 omnia,
579 1593 722 1651 quae
743 1593 840 1650 per
859 1593 918 1633 se
938 1576 1007 1633 ad
1029 1576 1182 1633 illum
1203 1576 1516 1648 disponunt.
1539 1576 1782 1631 Potestas
1802 1588 1935 1648 ergo

349 1669 524 1726 civilis
555 1669 702 1725 sicut
728 1684 833 1726 non
856 1668 1138 1726 ordinatur
1159 1665 1226 1722 ad
1251 1672 1524 1724 aeternam
1546 1663 1933 1721 beatitudinem

347 1759 490 1815 vitae
519 1756 761 1832 futurae,
787 1757 858 1814 ita
879 1773 982 1814 nec
1001 1757 1070 1816 ad
1093 1754 1426 1828 spiritualem
1452 1754 1757 1829 felicitatem
1783 1769 1936 1827 prae-

349 1850 541 1907 sentis.
584 1847 736 1907 Unde
773 1849 936 1906 etiam
965 1845 1340 1918 concluditur,
1371 1861 1469 1920 per
1499 1861 1556 1901 se
1586 1862 1697 1903 non
1725 1846 1934 1902 versari

345 1941 400 1996 in
429 1938 698 2012 spirituali
731 1939 953 1996 materia
971 1979 987 2010 ,
1019 1938 1146 2012 quia
1173 1936 1288 1993 finis
1316 1936 1595 2009 proximus
1622 1942 1679 1992 et
1709 1935 1937 1993 materia

347 2030 751 2102 cuiuscumque
786 2027 1066 2102 potestatis
1093 2026 1573 2100 proportionantur
1603 2027 1740 2084 inter
1769 2042 1849 2099 se,
1879 2032 1937 2085 et

349 2120 438 2177 fini
479 2119 672 2177 ultimo
713 2119 955 2176 eiusdem
995 2120 1310 2191 potestatis3
1356 2118 1451 2175 sed
1491 2123 1732 2191 potestas
1769 2118 1934 2176 civilis

347 2227 456 2268 non
497 2211 662 2268 habet
701 2226 798 2282 pro
842 2211 945 2267 fine
987 2208 1180 2266 ultimo
1209 2209 1518 2268 felicitatem
1547 2214 1936 2282 supernatura-

348 2302 454 2360 lem
486 2302 622 2359 vitae
648 2302 895 2375 futurae,
927 2306 1025 2358 aut
1051 2301 1383 2372 praesentis,
1415 2315 1570 2372 ergo.
1601 2303 1776 2372 Atque
1811 2297 1934 2356 ideo

347 2393 400 2449 in
441 2390 678 2450 decretis
705 2407 866 2466 saepe
894 2391 980 2449 lex
1007 2391 1180 2448 civilis
1209 2397 1562 2463 comparatur
1589 2390 1846 2462 corpori,
1877 2396 1936 2447 et

317 2482 432 2541 .lex
475 2483 742 2540 canonica
778 2483 987 2540 animae
1015 2497 1080 2538 ac
1111 2481 1344 2554 spiritui,
1378 2487 1442 2538 ut
1468 2485 1725 2537 auctores
1753 2481 1936 2552 proxi·

348 2588 434 2630 me
461 2573 614 2630 citati
643 2579 869 2645 notant,
897 2579 955 2630 et
981 2577 1165 2645 aperte
1193 2570 1358 2629 tradit
1385 2569 1732 2628 Innocentius
1761 2571 1851 2628 ΙΙΙ.
1883 2571 1934 2626 in

349 2680 402 2722 c.
433 2662 669 2732 Solitas,
706 2662 772 2720 de
807 2663 1056 2720 maiorat.
1087 2669 1144 2720 et
1171 2660 1419 2720 obedien.
1451 2662 1586 2718 Hinc
1614 2661 1778 2718 etiam
1805 2659 1938 2718 dixit

348 2754 404 2812 d.
435 2755 666 2811 Thomas
703 2757 750 2810 l.
783 2759 848 2821 2,
880 2771 936 2827 q.
971 2756 1066 2823 99,
1097 2759 1202 2810 art.
1239 2757 1299 2810 3:
1331 2757 1458 2812 Lex
1486 2750 1694 2809 divina
1717 2753 1936 2826 princi-

339 2841 566 2919 paliter
609 2845 942 2904 instituitur
988 2840 1072 2900 ad
1117 2840 1520 2900 ordinandum
1559 2842 1823 2899 homines
1853 2839 1938 2898 ad

351 2937 575 3003 Deum;
607 2931 705 2991 lex
723 2938 925 2993 autem
943 2934 1215 2992 humana
1226 2930 1648 3008 principaliter
1672 2931 1755 2990 ad
1772 2929 1935 2988 ordi-

349 3025 626 3084 nandum
651 3027 916 3084 homines
935 3021 1020 3082 ad
1039 3027 1318 3091 invicem;
1330 3027 1385 3080 et
1403 3021 1532 3079 ideo
1551 3021 1704 3095 leqes
1724 3023 1936 3080 liuma-

345 3133 462 3176 nae
497 3133 616 3174 non
652 3121 1014 3189 curaverunt
1051 3112 1288 3188 aliquid
1321 3116 1630 3171 instituere
1668 3110 1740 3169 de
1769 3111 1935 3170 calta

343 3205 575 3274 divino,
617 3210 736 3264 nisi
770 3195 843 3264 in‘
871 3205 1073 3263 ordine
1110 3203 1195 3264 ad
1231 3203 1446 3262 bonum
1485 3219 1793 3260 commune
1829 3203 1930 3261 ho-

345 3300 594 3355 minum.

427 3393 482 3448 6.
515 3387 668 3446 Addo
707 3389 905 3461 tertio,
943 3391 1272 3461 potestatem
1299 3383 1512 3442 civilem
1549 3382 1932 3458 legislativam,

341 3481 505 3539 etiam
533 3480 590 3536 in
618 3495 756 3553 pura
783 3486 978 3537 natura
1005 3483 1328 3560 spectatam,
1355 3491 1464 3532 non
1485 3474 1684 3531 habere
1709 3491 1808 3547 pro
1833 3475 1934 3533 fine

341 3571 638 3628 intrinseco
670 3577 725 3627 et
748 3585 845 3643 per
871 3584 930 3626 se
956 3569 1156 3626 intento
1181 3566 1494 3624 felicitatem
1522 3565 1823 3622 naturalem
1857 3566 1932 3622 vi-

343 3667 427 3718 tae
467 3660 720 3734 futurae,
766 3661 874 3718 imo
915 3675 1016 3716 nec
1059 3659 1333 3731 propriam
1361 3655 1672 3744 felicitatem
1713 3661 1933 3714 natura-

343 3749 448 3808 lem
483 3753 620 3808 vitae
640 3748 962 3823 praesentis,
987 3755 1261 3823 quatenus
1291 3745 1356 3803 ad
1387 3745 1630 3820 singulos
1661 3745 1926 3818 homines,

345 3849 411 3899 ut
443 3841 808 3914 particulares
836 3825 1098 3911 personae
1127 3843 1276 3910 sunt,
1307 3832 1578 3910 pertinere
1601 3842 1806 3908 potest,
1833 3836 1930 3894 sed

341 3932 460 3988 eius
496 3931 657 3987 finem
693 3945 814 3987 esse
849 3928 1160 3986 felicitatem
1189 3928 1493 3985 naturalem
1521 3926 1928 3984 communitatis

341 4021 610 4078 humanae
649 4019 953 4093 perfectae,
993 4020 1156 4076 cuius
1193 4032 1383 4075 curam
1412 4018 1575 4092 gerit,
1605 4024 1663 4074 et
1690 4017 1928 4093 singulo-

341 4127 464 4168 rum
496 4111 800 4183 hominum,
831 4116 894 4167 ut
923 4114 1054 4166 sunt
1079 4106 1322 4165 membra
1350 4107 1472 4165 talis
1495 4107 1925 4179 communitatis,

342 4208 406 4260 ut
439 4204 494 4258 in
535 4217 634 4276 ea,
672 4200 880 4259 scilicet
914 4202 968 4258 in
998 4215 1132 4273 pace
1159 4205 1213 4256 et
1239 4199 1444 4257 iustitia
1474 4200 1687 4271 vivant,
1716 4207 1771 4258 et
1797 4215 1927 4258 cum

341 4292 669 4352 sufficientia
697 4291 1002 4366 bonorum,
1031 4306 1174 4366 quae
1200 4288 1269 4348 ad
1296 4291 1433 4348 vitae
1464 4290 1766 4363 corporalis
1795 4307 1928 4349 con-

339 4384 700 4442 servationem
741 4389 798 4440 et
837 4381 1274 4440 commoditatem
1316 4387 1595 4455 spectant,
1626 4388 1835 4440 etcum
1863 4399 1928 4440 ea

339 4475 609 4549 probitate
635 4489 851 4531 morum
869 4514 885 4546 ,
915 4489 1056 4548 quae
1084 4473 1152 4530 ad
1181 4472 1322 4530 banc
1349 4478 1626 4530 externam
1654 4488 1847 4544 pacem
1870 4481 1928 4532 et

341 4566 656 4624 felicitatem
685 4563 1040 4637 reipublicae,
1063 4570 1120 4620 et
1145 4562 1516 4644 continentem
1537 4561 1806 4623 humanae
1830 4579 1924 4621 na-

340 4664 496 4715 turae
523 4654 994 4713 conservationem
1021 4653 1330 4710 necessaria
1359 4661 1460 4710 est.
1493 4654 1638 4711 Haec
1664 4661 1748 4712 est
1773 4670 1924 4711 mens

336 4746 638 4805 Aristotelis
667 4744 718 4802 in
747 4743 882 4801 locis
909 4744 959 4800 in
989 4743 1254 4817 principio
1285 4745 1497 4816 citatis,
1520 4749 1578 4801 et
1607 4743 1663 4801 d.
1689 4744 1924 4802 Thomae

339 4853 511 4911 supra
548 4851 604 4910 q.
650 4839 754 4908 90,
785 4841 890 4892 art.
920 4838 951 4891 2
973 4877 987 4905 ,
1019 4833 1218 4892 iunctis
1245 4848 1300 4907 q.
1335 4837 1428 4904 95,
1459 4839 1564 4890 art.
1601 4838 1653 4905 1,
1684 4841 1742 4891 et
1770 4837 1824 4906 4,
1856 4851 1914 4908 q.

342 4931 452 5002 96,
484 4933 587 4984 art.
619 4931 678 4998 2,
709 4931 766 4982 et
794 4930 824 4984 3
847 4967 862 4998 ,
891 4929 947 4982 et
973 4940 1028 4999 q.
1065 4927 1159 4996 99,
1189 4931 1290 4982 art.
1325 4929 1379 4982 3.
1412 4926 1472 4982 In
1507 4924 1708 4998 quibus
1735 4924 1920 5001 docet,

339 5037 406 5079 ac
433 5017 700 5090 declarat,
732 5016 891 5073 finem
918 5015 1278 5072 humanarum
1307 5014 1488 5089 legum
1516 5031 1638 5072 esse
1667 5031 1915 5074 commu-

339 5127 408 5168 ne
430 5109 638 5167 bonum
659 5106 915 5178 civitatis,
931 5111 986 5164 et
1005 5104 1093 5162 illa
1111 5111 1325 5164 tantum
1345 5106 1653 5180 prohibere,
1677 5123 1744 5165 ac
1766 5123 1923 5180 prae·

240 5261 248 5266 .
337 5203 544 5275 cipere,
574 5214 716 5274 quae
745 5198 874 5256 buic
899 5198 991 5254 fini
1009 5204 1372 5256 consentanea
1400 5203 1551 5256 sunt.
1581 5197 1662 5256 Ad
1679 5199 1822 5258 idem
1843 5201 1924 5258 fa-

340 5293 528 5367 ciunt,
555 5305 698 5367 quae
722 5289 1021 5349 Fortunius
1055 5286 1283 5348 adducit
1319 5303 1386 5347 ex
1410 5289 1673 5363 prooemio
1701 5291 1917 5352 Decret.

3392 329 3519 416 ‘195

2004 497 2061 549 et
2085 506 2211 564 cap.
2243 493 2467 551 Factae
2504 497 2667 562 sunt,
2712 489 2840 550 dist.
2873 491 2943 566 43
2974 505 3101 552 nam
3127 504 3269 566 quae
3299 489 3369 550 ibi
3395 491 3593 550 dicun-

2004 588 2134 654 tur,
2179 580 2389 656 legibus
2428 584 2590 662 etiam
2630 581 2877 640 civilibus
2918 583 3232 640 communia
3256 597 3377 638 esse
3403 581 3589 639 viden-

2005 678 2114 730 tur.
2143 673 2300 730 Ratio
2329 689 2459 730 vero
2488 673 2630 729 sumi
2662 679 2842 745 potest
2868 689 2933 731 ex
2960 673 3145 745 dictis,
3176 671 3305 746 quia
3332 671 3469 730 haec
3497 688 3593 729 na-

2005 764 2197 822 turalis
2234 767 2475 837 potestas
2512 764 2776 821 condendi
2813 764 3080 821 humanas
3110 764 3255 838 leges
3282 779 3390 820 non
3417 769 3505 821 est
3532 763 3587 820 in

2004 854 2236 928 singulis
2274 853 2579 912 hominibus
2608 869 2702 928 per
2730 871 2788 911 se
2818 856 3098 928 spectatis,
3130 871 3232 912 nec
3260 855 3311 912 in
3343 853 3591 912 multitu-

2005 944 2128 1001 dine
2165 945 2449 1002 hominum
2494 952 2788 1020 aggregata
2824 945 3003 1002 solum
3042 962 3137 1018 per
3173 945 3461 1020 accidens3
3493 945 3593 1004 sed

2004 1041 2091 1092 est
2117 1038 2172 1092 in
2200 1035 2596 1094 communitate
2626 1043 2687 1094 ut
2706 1035 2985 1093 moraliter
3006 1036 3154 1094 uuita
3174 1043 3233 1094 et
3252 1035 3497 1094 ordinata
3516 1035 3589 1093 ad

2005 1125 2448 1199 componendum
2472 1142 2641 1184 unum
2663 1142 2870 1199 corpus
2895 1128 3211 1203 mysticum,
3235 1135 3293 1185 et
3312 1143 3380 1184 ex
3398 1127 3487 1184 illo
3508 1142 3595 1185 re·

2005 1217 2179 1275 sultat
2205 1222 2466 1291 tanquam
2497 1217 2799 1290 proprietas
2828 1215 2983 1290 eius,
3013 1233 3145 1290 ergo
3171 1233 3269 1290 per
3298 1233 3356 1274 se
3378 1216 3591 1275 ordina-

2007 1313 2099 1364 tur
2127 1305 2195 1363 ad
2224 1306 2431 1364 bonum
2458 1323 2749 1386 commune
2777 1307 2941 1366 huius
2964 1307 3232 1380 corporis,
3262 1309 3495 1382 eiusque
3518 1307 3593 1364 fe·

2006 1396 2286 1470 licitatem3
2318 1413 2443 1454 nam
2472 1397 2589 1454 finis
2619 1404 2702 1455 est
2722 1398 3158 1471 proportionatus
3183 1398 3463 1470 principio:
3490 1387 3596 1456 sic‘-

2007 1494 2070 1544 ut
2096 1503 2228 1560 ergo
2258 1487 2463 1545 bonum
2490 1488 2739 1557 naturale
2766 1487 2929 1545 huius
2956 1488 3209 1561 corporis
3248 1487 3455 1560 politici
3483 1505 3597 1546 non

2004 1578 2315 1636 extenditur
2356 1578 2500 1636 ultra
2534 1584 2874 1651 praesentem
2912 1580 3108 1651 vitam,
3152 1578 3259 1636 imo
3296 1594 3398 1636 nec
3428 1577 3593 1637 durat

2014 1669 2118 1724 nisi
2147 1670 2201 1725 in
2228 1669 2339 1740 illa3
2372 1669 2444 1726 ita
2472 1683 2572 1726 nec
2602 1669 2720 1724 finis
2749 1669 2912 1725 liuius
2934 1668 3215 1742 potestatis
3237 1674 3335 1726 aut
3352 1668 3485 1742 legis
3510 1669 3597 1726 ul-

2012 1767 2094 1816 tra
2133 1770 2477 1831 praesentem
2505 1759 2671 1817 vitam
2698 1757 3024 1816 extenditur.
3058 1760 3129 1816 Et
3152 1758 3341 1817 eadem
3370 1759 3585 1818 ratione

2002 1849 2165 1907 etiam
2198 1866 2300 1922 pro
2342 1850 2445 1908 hac
2471 1849 2576 1907 vita
2596 1865 2706 1907 non
2726 1849 2963 1907 intendit
2984 1851 3189 1908 bonum
3226 1850 3591 1924 singulorum,

2004 1939 2107 1997 nisi
2136 1939 2192 1996 in
2220 1940 2405 1998 ordine
2434 1939 2502 1998 ad
2530 1940 2735 1998 bonum
2764 1941 2929 1998 totius
2958 1941 3381 2014 communitatis,
3405 1942 3456 1998 in
3480 1957 3593 2016 quo

2005 2031 2144 2087 sistit
2173 2036 2437 2105 tanquam
2466 2032 2521 2088 in
2550 2031 2741 2088 ultimo
2766 2031 2868 2087 fine
2897 2030 3119 2104 proprio
3150 2031 3267 2088 talis
3297 2031 3592 2105 facultatis;

2003 2137 2134 2196 ergo
2166 2121 2241 2196 id,
2274 2122 2420 2196 quod
2460 2122 2531 2181 ita
2569 2123 2810 2196 pertinet
2846 2121 2914 2178 ad
2955 2125 3220 2194 privatam
3246 2121 3590 2193 felicitatem,

2005 2217 2068 2268 ut
2105 2227 2213 2269 non
2255 2211 2521 2269 redundet
2560 2211 2614 2269 in
2652 2212 2859 2269 bonum
2889 2212 3325 2284 communitatis,
3356 2212 3424 2269 ad
3448 2210 3594 2270 hanc

2007 2307 2338 2373 potestatem
2368 2302 2450 2359 vel
2480 2302 2652 2376 legem
2682 2302 2892 2360 civilem
2923 2318 3031 2359 non
3061 2306 3292 2375 spectat.

2090 2395 2141 2452 7.
2176 2392 2572 2464 confirmatur,
2614 2409 2680 2451 ac
2717 2393 3066 2466 declaratur3
3109 2408 3235 2450 nam
3273 2392 3470 2466 triplex
3496 2409 3594 2467 po-

2006 2488 2116 2540 test
2140 2481 2398 2556 distingui
2429 2483 2650 2540 moralis
2678 2485 2999 2557 gubernatio
3029 2483 3291 2555 hominis3
3323 2483 3592 2557 quaedam

2004 2573 2254 2646 politica,
2299 2589 2440 2648 quae
2468 2574 2704 2647 pertinet
2732 2571 2799 2630 ad
2826 2575 3066 2647 regimen
3094 2573 3328 2632 civitatis
3355 2581 3412 2632 et
3439 2590 3591 2633 com·-

2005 2664 2287 2722 munitatis
2327 2663 2627 2737 perfectae3
2672 2663 2774 2721 alia
2810 2666 3183 2738 oeconomica,
3215 2680 3355 2738 quae
3382 2669 3597 2737 spectat

2005 2753 2078 2810 ad
2095 2754 2339 2827 regimen
2363 2756 2523 2810 unius
2544 2753 2796 2825 familiae,
2820 2769 2919 2811 seu
2946 2754 3165 2828 domus,
3193 2755 3354 2812 tertia
3372 2753 3477 2812 dici
3500 2770 3597 2827 po-

2006 2847 2113 2900 test
2147 2845 2368 2917 propria
2398 2843 2830 2918 uniuscuiusque
2857 2846 3007 2902 circa
3036 2845 3385 2918 semetipsum
3406 2886 3421 2916 ,
3451 2860 3595 2919 quae

2005 2935 2108 2993 dici
2151 2942 2328 3008 potest
2366 2936 2700 3003 monastica,
2744 2936 2902 3009 quasi
2944 2936 3103 2992 unius
3141 2935 3384 3009 regimen
3414 2935 3591 2992 conti-

2005 3040 2158 3082 nens.
2192 3028 2437 3083 Potestas
2466 3032 2650 3084 autem
2676 3025 2844 3173 civizs
2874 3041 2972 3098 per
3000 3042 3058 3083 se
3088 3022 3369 3082 ordinatur
3398 3025 3466 3082 ad
3486 3043 3590 3100 gu-

2003 3116 2375 3174 bernationem
2419 3114 2725 3189 politicam,
2758 3131 2793 3172 u
2845 3131 2913 3172 ex
2941 3115 3313 3189 superioribus
3340 3123 3580 3188 constat,

2002 3213 2059 3265 et
2085 3205 2203 3264 ideo
2231 3222 2327 3280 per
2348 3223 2406 3264 se
2428 3205 2534 3262 n'on
2558 3205 2741 3281 dirigit
2762 3206 3177 3263 oeconomicum
3198 3207 3458 3280 regimen,
3484 3207 3589 3264 nisi

2004 3301 2060 3356 in
2092 3298 2201 3371 his,
2231 3313 2374 3373 quae
2409 3296 2715 3355 redundant
2754 3298 2807 3353 in
2845 3311 3137 3354 commune
3166 3296 3373 3354 bonum
3398 3297 3589 3356 civita·

2003 3392 2105 3462 tis,
2136 3398 2192 3446 et
2220 3387 2353 3446 illud
2378 3393 2611 3461 possunt
2638 3386 2918 3460 impedire,
2951 3392 3049 3444 aut
3075 3401 3430 3460 promovere,
3461 3388 3590 3446 reli-

2004 3495 2114 3554 qua
2142 3479 2307 3552 enim,
2338 3493 2477 3552 quae
2504 3476 2571 3560 ad
2600 3479 2867 3550 privatam
2897 3476 3151 3535 familiam
3178 3484 3451 3549 spectant,
3476 3494 3590 3536 non

2006 3585 2104 3642 per
2143 3568 2290 3642 leges
2330 3567 2551 3641 civiles,
2596 3566 2693 3624 sed
2729 3583 2827 3641 per
2869 3566 3302 3640 uniuscuiusque
3340 3567 3588 3640 patrisfa-

2003 3659 2177 3716 milias
2230 3657 2577 3732 prudentiam
2615 3657 2953 3716 ordinantur.
2994 3660 3140 3733 Ergo
3168 3658 3326 3716 simili
3353 3674 3582 3733 propor-

2003 3751 2148 3807 tione
2189 3765 2254 3807 ac
2294 3751 2501 3807 ratione
2532 3764 2638 3806 non
2668 3755 2883 3822 spectat
2910 3748 2976 3806 ad
3005 3749 3149 3824 leges
3178 3749 3367 3807 civiles
3396 3766 3585 3810 mona·

2001 3843 2140 3899 stica
2176 3841 2437 3913 directio,
2481 3856 2580 3898 seu
2608 3841 2815 3913 privata
2846 3840 3099 3898 honestas
3126 3840 3492 3914 singulorum,
3524 3847 3590 3900 ut

2001 3932 2138 3990 tales
2179 3938 2336 4006 sunt,
2380 3931 2476 3990 sed
2516 3931 2697 3989 solum
2726 3947 2791 3988 ea
2816 3947 3033 3988 morum
3060 3931 3336 3989 rectitudo
3364 3947 3461 4007 per
3490 3932 3591 3991 has

2001 4022 2150 4098 leges
2196 4023 2585 4101 constituitur,
2616 4038 2753 4098 quae
2790 4023 2932 4079 bono
2959 4021 3103 4079 civili
3131 4023 3215 4079 vel
3243 4024 3588 4098 necessaria,

1998 4115 2084 4172 vel
2116 4113 2274 4173 valde
2310 4114 2453 4172 utilis
2491 4120 2594 4171 est.
2635 4112 2716 4171 Ad
2745 4112 3057 4170 felicitatem
3086 4119 3271 4170 autem
3298 4115 3463 4171 etiam
3493 4130 3591 4172 na-

2001 4205 2237 4264 turalem
2276 4205 2713 4277 uniuscuiusque
2749 4203 3013 4276 bominis,
3054 4208 3117 4261 ut
3144 4203 3434 4278 singularis
3462 4220 3589 4277 per·

2000 4311 2136 4354 sona
2161 4303 2251 4352 est
2272 4337 2287 4367 ,
2318 4310 2425 4351 non
2456 4294 2659 4353 sufficit
2687 4293 2858 4352 virtus
2894 4293 2985 4350 illa
3021 4292 3228 4366 civilis,
3274 4293 3369 4352 sed
3400 4311 3590 4352 neces-

1999 4386 2141 4444 saria
2179 4392 2266 4444 est
2303 4385 2582 4460 integritas
2634 4400 2849 4441 morum
2899 4399 3031 4440 cum
3072 4383 3248 4441 debito
3290 4385 3475 4443 ordine
3514 4386 3587 4444 ad

1999 4480 2211 4550 Deum,
2254 4482 2525 4548 quantum
2566 4475 2751 4533 lumen
2789 4473 3037 4532 naturale
3076 4473 3279 4547 dictat3
3318 4492 3449 4550 ergo
3477 4494 3589 4535 non

1997 4574 2211 4641 spectat
2249 4565 2483 4623 felicitas
2520 4567 2729 4640 privata
2756 4564 2824 4623 ad
2853 4565 3008 4622 finem
3038 4565 3320 4639 proprium
3348 4567 3479 4641 legis
3506 4568 3585 4625 ci·

1996 4657 2137 4730 vilis,
2184 4671 2282 4714 seu
2326 4653 2963 4728 potestatislegislativae
2990 4669 3137 4712 mere
3166 4656 3444 4713 naturalis
3476 4660 3585 4715 Ac·-

1996 4747 2137 4806 cedit
2174 4745 2423 4820 tandem,
2453 4745 2604 4818 quod
2633 4745 2767 4803 baec
2795 4746 3057 4803 naturalis
3086 4747 3313 4805 felicitas
3340 4749 3582 4822 singulo-

1994 4853 2140 4912 rum,
2174 4844 2235 4895 ut
2265 4836 2399 4894 tales
2428 4844 2578 4910 sunt,
2610 4836 2981 4909 principaliter
3009 4838 3262 4895 consistit
3280 4839 3331 4895 in
3354 4839 3573 4898 actibus

1996 4929 2246 5000 internis,
2274 4928 2360 4985 vel
2390 4927 2761 5000 speculativiS,
2791 4927 2877 4984 vel
2908 4926 3226 5004 moralibus,
3249 4936 3306 4987 et
3325 4932 3581 5003 practicis

1993 5035 2120 5078 cum
2151 5019 2363 5093 integra
2387 5017 2717 5077 rectitudine
2746 5017 3001 5076 naturali.
3027 5020 3269 5076 Potestas
3291 5028 3477 5079 autem
3501 5025 3579 5081 ci-

1994 5110 2116 5168 vilis
2144 5126 2255 5168 non
2281 5109 2518 5167 multum
2544 5114 2709 5166 curat
2734 5108 2801 5167 de
2826 5109 3051 5166 internis
3080 5107 3318 5183 actibus,
3350 5110 3459 5168 imo
3487 5114 3579 5172 vix

1991 5203 2142 5259 circa
2186 5201 2305 5258 illos
2344 5198 2551 5274 aliquid
2592 5205 2803 5273 potest,
2848 5204 2909 5254 ut
2946 5197 3089 5255 infra
3126 5198 3378 5273 dicetur,
3421 5201 3580 5261 valde

1992 5292 2156 5350 etiam
2196 5292 2465 5364 impotens
2504 5297 2562 5350 et
2600 5289 2852 5350 inefficax
2877 5293 2961 5347 est
2986 5287 3055 5347 ad
3091 5287 3399 5364 dirigendos
3434 5289 3607 5370 iflos;,
