4325 6267
725 355 810 419 66

643 495 871 568 gentiles
912 495 1375 568 praevaricatores
1411 494 1579 553 fuisse
1619 494 1788 569 legis,
1829 493 1952 550 illos
1981 494 2236 567 scriptae,

641 584 744 641 hos
785 585 1078 654 naturalis,
1119 600 1284 656 quam
1329 584 1586 655 scriptam
1615 585 1668 640 in
1695 583 1956 641 cordibus
1985 581 2237 641 ostende-

641 675 798 745 bant,
842 673 1060 746 quando
1104 672 1287 747 aliqua
1313 689 1378 731 ex
1411 680 1564 745 parte
1594 673 1740 729 illam
1767 673 2078 729 servabant.
2111 671 2239 729 lllae
2272 697 2279 702 -

627 769 834 819 -autem
862 762 1009 834 leges
1038 777 1147 818 non
1175 763 1356 820 minus
1385 762 1696 834 obligabant
1721 764 1898 819 iustos
1919 804 1934 834 ,
1967 777 2131 835 quam
2159 763 2242 819 in·

639 853 838 920 iustos,
871 853 1007 924 quia
1039 849 1403 908 indifferenter
1431 867 1534 923 pro
1563 851 1818 908 omnihus
1846 851 2054 924 positae
2083 858 2234 907 sunt.

641 941 712 997 Et
737 938 822 997 lex
850 939 1112 996 naturalis
1141 954 1240 1010 per
1267 955 1324 996 se
1353 945 1408 996 et
1433 938 1500 996 ab
1528 940 1847 1014 intrinseco,
1883 947 2008 996 ante
2037 945 2093 996 et
2119 943 2243 1010 post

639 1027 934 1098 iustitiam,
964 1028 1052 1086 vel
1088 1028 1408 1084 iniustitiam
1437 1027 1668 1102 obligat:
1701 1028 1788 1086 lex
1815 1043 1946 1085 vero
1975 1028 2181 1100 scripta
2210 1043 2241 1084 a

641 1114 800 1173 iustis
827 1119 1062 1191 incepit3
1094 1133 1222 1175 nam
1249 1117 1346 1173 toti
1373 1116 1446 1172 illi
1477 1117 1680 1189 populo
1711 1117 1870 1190 fideli,
1904 1117 1956 1173 in
1985 1132 2096 1189 quo
2119 1121 2240 1173 erat

563 1262 570 1270 ,
639 1208 877 1282 MoyseS,
910 1209 1090 1265 Aaron
1114 1250 1128 1278 ,
1159 1212 1214 1263 et
1240 1207 1395 1264 multi
1424 1206 1508 1263 alii
1537 1207 1683 1281 iusti,
1714 1206 1841 1264 data
1867 1213 1974 1279 est,
2005 1214 2063 1263 et
2089 1207 2240 1278 prius

639 1295 728 1352 lex
752 1297 1192 1354 circumcisionis
1217 1291 1750 1370 data'fuitAbrahae,
1775 1298 1870 1371 qui
1893 1303 2014 1354 erat
2032 1298 2237 1354 iustus.

716 1387 848 1442 Post
874 1386 1078 1443 Christi
1108 1401 1238 1442 vero
1277 1384 1574 1442 adventum
1611 1391 1766 1443 extra
1802 1385 2102 1442 Ecclesiam
2131 1402 2241 1443 non

643 1481 777 1531 sunt
803 1475 948 1548 iusti,
973 1480 1030 1531 et
1055 1474 1174 1531 ideo
1195 1474 1262 1531 de
1285 1474 1620 1546 hominibus,
1645 1475 1738 1546 qui
1761 1475 1977 1531 omnino
2000 1480 2129 1531 sunt
2149 1490 2243 1530 ex·

641 1569 728 1620 tra
766 1563 910 1620 illam
933 1603 948 1632 ,
993 1563 1173 1619 solum
1201 1562 1386 1620 dicere
1416 1579 1711 1636 possumus
1741 1563 1974 1636 gentiles
2004 1563 2241 1620 infideles

642 1654 811 1712 teneri
840 1652 1029 1710 eadem
1057 1653 1176 1726 lege
1206 1654 1459 1725 naturali,
1485 1655 1612 1726 quia
1633 1669 1740 1708 non
1765 1659 1848 1710 est
1867 1652 2243 1724 dispensatum

643 1758 775 1800 cum
815 1742 948 1816 illis,
989 1758 1090 1799 nec
1127 1742 1309 1816 aliqua
1346 1743 1521 1816 gratia
1551 1743 1656 1800 illis
1685 1743 1827 1800 facta
1855 1748 1960 1800 est.
1993 1745 2060 1800 Et
2090 1759 2244 1814 prae-

645 1838 792 1888 terea
813 1838 1027 1900 certum
1047 1837 1160 1904 est,
1186 1847 1280 1888 eos
1309 1833 1483 1888 teneri
1510 1830 1576 1889 ad
1607 1831 1971 1903 recipiendam
2002 1831 2160 1901 iidem
2190 1838 2246 1890 et

641 1919 844 1977 Christi
874 1920 1070 1995 legem,
1101 1922 1336 1993 ipsomet
1364 1921 1578 1977 Christo
1607 1927 1896 1978 attestante
1923 1921 2109 1978 Matth.
2142 1927 2237 1980 28:

642 2011 872 2065 Euntes
909 2008 1106 2066 docete
1145 2025 1344 2066 omnes
1387 2013 1607 2082 qenteS.
1655 2009 2022 2082 baptizantes
2055 2013 2243 2066 cosin

637 2101 876 2154 nomine
901 2101 1126 2167 Patris,
1155 2105 1211 2156 et
1229 2099 1389 2168 Filii,
1422 2105 1478 2156 et
1499 2102 1764 2174 Spiritus
1787 2103 2002 2160 sancti,
2032 2098 2243 2157 docen-

637 2197 725 2249 tes
752 2207 847 2248 eos
875 2207 1114 2250 servare
1141 2195 1368 2258 omnia,
1405 2206 1804 2264 quaecumque
1833 2187 2121 2246 mandavi
2144 2206 2241 2246 vo-

637 2279 748 2337 bis.
781 2281 941 2348 Quod
981 2296 1110 2337 vero
1151 2287 1365 2352 spectat
1393 2280 1460 2336 ad
1488 2278 1739 2350 ludaeos,
1771 2280 1934 2337 etiam
1961 2285 2047 2335 est
2075 2279 2242 2336 mani-

635 2370 874 2441 festum,
920 2385 1015 2427 eos
1059 2369 1286 2442 obligari
1314 2369 1432 2442 lege
1461 2369 1817 2440 naturali,·et
1847 2369 2018 2424 teneri
2045 2367 2241 2425 eodem

633 2466 960 2531 praecepto,
1007 2475 1119 2531 quo
1149 2458 1376 2531 gentiles
1405 2457 1473 2514 ad
1502 2457 1874 2530 recipiendum
1902 2456 2237 2528 baptismum

635 2562 704 2604 ac
734 2549 909 2619 legem
937 2547 1153 2619 Christi,
1179 2547 1326 2620 quod
1357 2547 1562 2603 clarius
1583 2545 1852 2618 expressit
1871 2545 2090 2602 Marcus
2113 2561 2237 2619 cap.

634 2637 738 2694 ult.
770 2637 993 2694 dicens:
1026 2635 1386 2693 Praedicate
1415 2634 1789 2708 evanqelium
1815 2638 1980 2690 omni
2002 2639 2235 2691 creatu-

633 2741 762 2794 rae,
797 2733 908 2783 etc.
935 2729 1034 2800 qui
1059 2742 1177 2782 non
1205 2723 1536 2794 crediderit,
1567 2727 1760 2798 utique
1781 2724 1883 2780 tide
1906 2726 2048 2796 riva,
2072 2729 2126 2780 et
2147 2740 2243 2797 per

638 2818 929 2874 caritatem
972 2821 1230 2888 operante
1250 2856 1266 2887 ,
1309 2813 1820 2872 condemnabitur.
1861 2815 1930 2870 Et
1959 2820 2244 2885 praeterea

637 2906 728 2963 isti
755 2904 963 2976 Iudaei,
994 2905 1241 2976 quamvis
1271 2907 1376 2961 iam
1405 2920 1464 2960 re
1493 2919 1622 2961 vera
1649 2919 1760 2960 non
1791 2903 2102 2975 obligentur
2127 2903 2244 2977 lege

634 2997 880 3066 scripta,
913 2995 1044 3067 quia
1079 2992 1296 3050 sublata
1324 3001 1440 3064 est,
1473 3001 1656 3050 tamen
1695 3007 1760 3050 ex
1788 2995 2128 3051 conscientia
2155 3010 2244 3052 er-

635 3099 806 3141 ronea
843 3083 988 3140 illam
1027 3099 1139 3140 non
1178 3083 1445 3140 servando
1475 3089 1742 3156 peccant,
1773 3098 1899 3140 nam
1929 3083 2134 3140 Paulus
2162 3089 2243 3142 te-

635 3173 936 3245 stificatur
968 3175 1132 3228 omni
1161 3169 1614 3229 circumcidenti
1641 3187 1720 3233 sc.
1747 3173 1894 3245 quia
1911 3171 2140 3230 debitor
2157 3177 2244 3232 est

637 3263 951 3318 universae
977 3258 1478 3333 leqissaciendae,
1515 3259 1581 3316 ad
1609 3260 1781 3317 Galat.
1817 3267 1872 3318 5.

715 3356 773 3408 4.
806 3351 972 3408 Venio
1013 3350 1082 3406 ad
1119 3333 1322 3406 Christi
1356 3347 1686 3421 Ecclesiam,
1715 3347 1782 3406 de
1819 3365 1929 3420 qua
1957 3349 2243 3421 peculiari-

637 3446 724 3498 ter
763 3439 1067 3512 loquuntur
1105 3438 1394 3508 haeretici,
1439 3444 1495 3495 et
1523 3437 1576 3493 in
1603 3453 1669 3494 ea
1698 3437 1980 3511 distinguo
2011 3439 2183 3496 malos
2210 3457 2244 3496 a

637 3527 799 3584 bonis
837 3543 936 3584 seu
973 3527 1150 3583 iustis.
1191 3529 1267 3583 De
1303 3526 1460 3583 malis
1497 3525 1720 3582 evidens
1751 3532 1858 3596 est,
1889 3542 1986 3583 eos
2016 3527 2243 3600 obligari

641 3616 782 3690 lege,
811 3615 1255 3689 quandoquidem
1281 3615 1406 3672 ideo
1441 3615 1561 3672 mali
1591 3622 1743 3686 sunt,
1773 3615 1902 3688 quia
1931 3615 2104 3689 legem
2133 3633 2243 3672 non

638 3711 882 3762 servant.
926 3705 1118 3760 Dicent
1151 3703 1294 3760 forte
1331 3703 1622 3776 haeretici,
1661 3719 1772 3760 non
1813 3702 1933 3759 ideo
1973 3703 2074 3760 hos
2117 3719 2239 3762 esse

637 3802 993 3868 peccatores,
1024 3794 1156 3866 quia
1184 3793 1504 3864 simpliciter
1529 3797 1823 3865 praecepta
1848 3809 1961 3850 non
1989 3801 2232 3867 servant,

641 3883 739 3940 sed
781 3883 907 3956 quia
946 3882 1226 3940 infideliter
1251 3896 1317 3938 ea
1344 3897 1452 3938 non
1483 3888 1727 3954 servant,
1759 3882 1811 3939 id
1837 3890 1927 3940 est
1951 3886 2081 3957 qnia
2106 3884 2240 3942 dum

639 3978 834 4031 contra
875 3973 1024 4030 illam
1063 3978 1394 4045 operantur,
1437 3986 1547 4027 non
1587 3968 1788 4028 haben't
1813 3973 2023 4030 firmam
2053 3974 2237 4046 tidem,

634 4063 790 4137 quod
829 4062 960 4120 talia
999 4061 1142 4118 mala
1183 4077 1350 4134 opera
1401 4060 1500 4117 sihi
1539 4077 1652 4118 non
1701 4061 2043 4133 imputentur
2075 4105 2090 4135 ,
2135 4079 2238 4120 nec

637 4158 867 4225 propter
894 4151 982 4208 illa
1008 4151 1262 4207 amittant
1293 4151 1386 4206 Dei
1416 4147 1846 4207 benevolentiam
1876 4159 1934 4207 et
1961 4151 2238 4225 favorem,

639 4244 698 4298 in
725 4257 837 4315 quo
873 4241 958 4297 isti
989 4240 1251 4296 iustitiam
1279 4242 1510 4308 ponunt.
1539 4237 1645 4295 Sed
1667 4239 1934 4295 refellitur
1964 4239 2120 4297 facile
2150 4240 2237 4298 hic

637 4346 799 4388 error
823 4345 890 4386 ex
917 4329 1101 4384 verbis
1131 4327 1368 4397 Christi,
1399 4327 1492 4382 uhi
1521 4326 1575 4382 in
1615 4328 1876 4384 sententia
1905 4329 2239 4386 condemna-

641 4420 804 4478 tionis
842 4418 1114 4474 malorum
1159 4415 1624 4490 christianorum,
1678 4431 1786 4472 non
1829 4415 2052 4474 damnat
2092 4417 2235 4492 illos,

639 4506 770 4581 quia
819 4522 928 4563 non
981 4505 1375 4579 crediderunt,
1431 4519 1533 4561 nec
1573 4505 1724 4577 -quia
1777 4504 2238 4579 transgredientes

639 4603 956 4668 praecepta,
971 4595 1227 4652 fiduciam
1248 4611 1357 4652 non
1378 4594 1750 4667 imputationis
1771 4611 1880 4652 non
1902 4595 2234 4670 habuerunt,

641 4685 738 4741 sed
765 4683 1110 4757 simpliciter,
1143 4685 1272 4756 quia
1313 4699 1483 4754 opera
1523 4683 1928 4741 misericordiae
1954 4700 2065 4742 non
2093 4686 2237 4743 fece-

642 4780 803 4844 runt,
835 4789 899 4830 ac
943 4772 1170 4830 subinde
1197 4773 1326 4844 quia
1354 4773 1528 4844 legem
1557 4773 1961 4830 misericordiae
2001 4780 2056 4831 et
2089 4775 2237 4833 'cari-

641 4865 764 4920 tatis
803 4879 908 4918 non
935 4857 1261 4934 servarunt,
1293 4868 1358 4919 ut
1380 4861 1705 4933 ponderavit
1730 4865 1969 4936 August.
1999 4864 2134 4923 libro
2163 4864 2238 4922 de

605 4951 758 5026 ,fide
784 4957 839 5009 et
864 4951 1086 5027 operib.
1115 4965 1240 5022 cap.
1281 4957 1369 5026 15,
1391 4957 1449 5008 et
1467 4951 1560 5008 lib.
1587 4949 1658 5007 de
1683 4956 1812 5008 octo
1839 4955 2230 5024 quaestionib.

641 5042 728 5100 ad
755 5041 980 5099 Dulcit.
1012 5042 1192 5114 capite
1227 5045 1277 5112 1,
1311 5041 1402 5098 uhi
1428 5040 1588 5113 plura
1615 5040 1722 5097 alia
1751 5043 2062 5100 testimonia
2087 5045 2235 5102 Scri·

643 5139 839 5205 pturae
868 5131 937 5188 ad
975 5129 1083 5188 hoc
1126 5129 1562 5187 confirmandum
1601 5131 1867 5202 congerit.
1901 5129 2008 5187 Sed
2034 5129 2102 5188 de
2131 5132 2236 5191 hac

639 5222 803 5284 etiam
831 5225 986 5294 parte
1013 5235 1123 5279 non
1143 5225 1360 5293 oportet
1379 5217 1540 5292 plura
1559 5217 1646 5278 hic
1666 5218 1884 5293 dicere,
1908 5221 2032 5295 quia
2053 5221 2236 5295 quoad

2131 371 2333 420 mmm
2360 371 2412 420 1.

2313 494 2414 551 hos
2457 494 2761 566 baptizatos
2802 509 2999 564 pravos
3040 509 3144 552 non
3188 502 3387 567 negant
3438 494 3596 550 etiam
3652 493 3913 550 haeretici

2311 583 2707 640 subiectionem
2749 583 2817 640 ad
2858 582 3069 657 legem,
3104 582 3209 639 sed
3250 589 3436 640 errant
3462 587 3515 640 in
3545 584 3709 640 modo
3737 584 3911 655 expli-

2309 671 2500 743 candi,
2544 673 2611 731 de
2652 687 2763 745 quo
2805 672 2988 729 statim
3028 672 3234 744 aliquid
3262 671 3511 730 dicemus
3535 714 3549 743 ,
3579 679 3634 729 et
3661 672 3828 730 latius
3858 672 3909 728 in

2309 761 2536 818 materia
2564 759 2637 817 dc
2668 764 2883 820 Gratia
2900 804 2915 829 ,
2950 765 3006 817 et
3031 757 3294 820 de'Fide.

2386 850 2645 921 Superest
2683 865 2815 924 ergo
2857 849 3152 908 dicendum
3196 850 3262 906 de
3314 849 3563 908 fidelihus
3604 851 3779 908 iustis.
3826 851 3910 908 Ex

2310 938 2511 1012 quibus
2531 939 2752 1012 quidam
2772 955 2893 996 esse
2918 945 3148 1011 possunt
3168 941 3419 1010 baptizati
3442 947 3655 999 tantum
3680 941 3731 997 in
3751 947 3907 1013 voto,

2310 1027 2405 1098 qui
2432 1042 2498 1083 eo
2524 1027 2690 1104 modo
2718 1027 2979 1086 dicuntur
3009 1044 3129 1085 esse
3155 1028 3223 1086 de
3252 1030 3528 1100 Ecclesia,
3560 1045 3657 1086 seu
3689 1029 3907 1100 merito,

2308 1109 2439 1172 licet
2465 1132 2570 1173 non
2599 1133 2861 1190 numer03
2894 1117 2979 1194 allii
3018 1132 3149 1174 vero
3192 1125 3323 1175 sunt
3362 1117 3614 1189 baptizati
3642 1118 3692 1174 in
3726 1134 3785 1174 re
3806 1161 3819 1188 ,
3850 1126 3912 1176 et

2310 1203 2379 1262 de
2402 1220 2633 1264 numero
2656 1207 2907 1263 vivorum
2934 1205 3306 1264 membrorum
3332 1207 3630 1264 Ecclesiae.
3659 1209 3735 1263 De
3762 1210 3911 1281 prio-

2312 1293 2467 1351 ribus
2523 1295 2871 1356 manifestum
2911 1301 3027 1367 est,
3070 1295 3299 1370 obligari
3346 1295 3537 1353 saltem
3580 1297 3698 1368 lege
3736 1297 3913 1368 bapti·

2312 1386 2437 1451 smi,
2471 1383 2619 1441 ultra
2648 1384 3029 1458 obligationem
3052 1384 3198 1459 legis·
3214 1385 3501 1458 naturalis,
3524 1394 3582 1443 et
3600 1386 3743 1457 fidei,
3770 1389 3906 1459 spei,

2310 1473 2587 1545 caritatis,
2612 1481 2671 1530 et
2700 1475 3085 1545 poenitentiae.
3112 1476 3187 1532 De
3214 1474 3501 1546 baptizatis
3530 1481 3717 1532 autem
3744 1478 3911 1532 etiam

2314 1561 2471 1618 iustis
2491 1601 2507 1632 ,
2540 1563 2689 1634 quod
2717 1562 3031 1636 obligentur
3064 1563 3274 1636 legibus
3313 1563 3565 1620 humanis
3594 1569 3708 1621 tam
3738 1564 3910 1620 civili·

2312 1651 2453 1724 bus,
2484 1667 2652 1724 quam
2678 1651 3100 1724 ecclesiasticis,
3130 1662 3187 1709 et
3212 1653 3330 1726 lege
3358 1653 3519 1710 etiam
3546 1652 3731 1710 divina
3767 1653 3915 1724 posi-

2313 1742 2422 1798 tiva
2452 1756 2482 1798 a
2510 1741 2727 1798 Christo
2755 1743 2898 1814 lata,
2938 1741 3292 1800 ostendemus
3329 1743 3465 1801 infra
3501 1745 3558 1800 in
3596 1743 3711 1799 suis
3749 1743 3906 1801 locis.

2312 1831 2470 1886 Nunc
2498 1845 2631 1904 ergo
2660 1832 2929 1903 probatur
2955 1832 3022 1888 de
3051 1830 3171 1904 lege
3200 1831 3379 1888 divina
3402 1832 3596 1888 morali
3623 1849 3720 1889 seu
3750 1841 3911 1891 natu·

2312 1918 2430 1974 rali.
2462 1920 2676 1991 Primo,
2706 1921 2835 1994 quia
2865 1919 2997 1978 haec
3032 1929 3119 1978 est
3155 1928 3265 1979 tam
3305 1923 3601 1980 intrinseca
3640 1929 3697 1980 et
3723 1940 3821 1996 per
3852 1940 3912 1982 se

2312 2011 2652 2082 necessaria,
2684 2016 2748 2066 ut
2788 2011 3001 2068 auferre
3044 2027 3152 2068 non
3192 2013 3395 2085 possit,
3440 2020 3505 2070 ut
3544 2014 3597 2070 in
3638 2013 3777 2071 libro
3818 2029 3906 2071 se-

2310 2099 2499 2168 quenti
2527 2097 2902 2156 ostendemus.

2388 2186 2671 2258 Secundo,
2705 2189 2833 2260 quia
2859 2188 3111 2246 Christus
3142 2189 3293 2246 illam
3335 2205 3443 2246 non
3486 2190 3753 2264 abstulit,
3797 2193 3909 2249 imo

2308 2273 2457 2331 illam
2498 2277 2756 2333 stabilivit
2790 2279 2973 2334 statim
3006 2279 3059 2333 in
3102 2279 3251 2336 initio
3294 2280 3710 2351 praedicationis
3752 2297 3909 2350 suae,

2308 2363 2495 2421 nauh.
2546 2369 2608 2437 5,
2654 2365 2746 2421 ubi
2791 2365 2933 2422 illam
2971 2367 3142 2439 magis
3183 2366 3511 2440 declaravit,
3550 2377 3607 2426 et
3643 2386 3674 2426 a
3712 2385 3912 2428 corru-

2312 2454 2587 2526 ptionibus
2629 2454 3076 2528 pharisaeorum,
3108 2456 3192 2513 vel
3231 2459 3739 2530 imperfectionibus
3773 2461 3910 2534 legis

2314 2545 2583 2600 mosaicae
2612 2545 2969 2617 expurgavit,
3011 2551 3069 2602 et
3108 2545 3303 2603 additis
3340 2550 3579 2604 consiliis
3616 2557 3675 2606 et
3718 2550 3910 2606 mediis

2312 2633 2379 2691 ad
2408 2632 2802 2691 observandam
2826 2633 3005 2706 illam,
3036 2650 3157 2691 eam
3180 2637 3441 2708 perfecit,
3472 2644 3529 2696 et
3551 2639 3911 2711 quodammo—

2312 2721 2381 2778 do
2410 2723 2579 2779 auxit.
2610 2725 2833 2781 Certum
2861 2729 2948 2780 est
2972 2729 3193 2799 autem,
3224 2732 3393 2784 totam
3426 2728 3571 2784 illam
3606 2729 3910 2788 doctrinam

2311 2811 2493 2869 datam
2522 2812 2694 2870 fuisse
2724 2829 2755 2871 a
2784 2815 3011 2870 Domino
3054 2831 3155 2886 pro
3191 2831 3294 2872 sua
3322 2817 3573 2874 Ecclesia
3610 2818 3821 2888 futura,
3855 2826 3910 2876 et

2311 2906 2422 2959 tam
2451 2916 2551 2974 pro
2583 2903 2765 2971 iustis,
2796 2917 2963 2975 quam
3006 2919 3107 2976 pro
3152 2905 3397 2978 iniustis,
3440 2921 3565 2963 nam
3609 2906 3675 2963 ad
3719 2924 3909 2966 omnes

2310 2989 2461 3048 dicit:
2488 2993 2625 3048 Nisi
2652 2991 3044 3050 abundaverit
3072 2996 3315 3050 iustitia
3338 2999 3537 3052 vestra
3556 2995 3699 3070 plus
3726 3011 3913 3070 quam

2310 3080 2657 3138 Scribarum
2698 3088 2755 3139 et
2793 3083 3301 3152 Pharisaeorum,
3348 3099 3487 3162 non·
3508 3085 3813 3143 intrabitis
3839 3091 3905 3143 in

2310 3185 2561 3242 reqnum
2589 3169 2918 3238 caelorum,
2956 3179 3012 3230 et
3038 3188 3179 3246 quae
3206 3180 3549 3248 sequuntur..
3572 3177 3643 3232 Et
3673 3177 3905 3235 maxime

2311 3259 2720 3332 ponderandum
2750 3267 2835 3317 est
2862 3259 3016 3318 illud:
3038 3265 3269 3320 Intrate
3290 3279 3399 3336 per
3424 3270 3748 3338 anqustam
3771 3281 3911 3340 por-

2313 3351 2485 3410 tam,-
2526 3356 2691 3406 vocat
2732 3351 2876 3406 enim
2921 3351 3259 3422 apertissime
3301 3361 3626 3427 anqustam
3658 3361 3911 3430 portam

2313 3435 2753 3495 observationem
2784 3437 3198 3512 mandatorum,
3234 3457 3376 3514 quae
3414 3444 3668 3501 mandata
3700 3445 3831 3502 dicit
3856 3447 3907 3501 in

2312 3523 2402 3581 illo
2434 3526 2697 3597 principio
2726 3527 3135 3599 comprehendi.
3170 3533 3591 3605 Quaecumque
3610 3533 3813 3597 vultis,
3840 3541 3909 3592 ut

2310 3611 2729 3686 vobissaciant
2762 3618 3055 3685 hanzines,
3104 3623 3161 3674 et
3194 3634 3293 3676 vos
3314 3619 3511 3692 facite
3552 3622 3673 3680 illis
3695 3667 3709 3691 ,
3759 3625 3909 3697 quod

2312 3703 2478 3760 docet
2502 3705 2666 3762 etiam
2708 3705 2775 3762 ad
2816 3705 3160 3780 evangelium
3200 3709 3504 3784 pertinere,
3535 3711 3687 3769 etad
3716 3729 3906 3772 omnes

2311 3793 2407 3865 qui
2436 3790 2569 3849 illud
2593 3794 2941 3866 profitentur.

2387 3881 2567 3938 Tertio
2598 3883 2815 3956 omnia,
2847 3899 2989 3956 quae
3016 3885 3267 3944 Christus
3299 3887 3352 3943 in
3382 3893 3543 3944 nocte
3570 3889 3784 3946 Coenae
3812 3888 3912 3946 do-

2312 3970 2431 4026 cuit
2474 3969 2543 4026 de
2584 3970 2965 4030 observatione
3008 3983 3462 4050 praeceptorum,
3491 3983 3549 4034 et
3584 3980 3910 4050 praesertim

2308 4059 2555 4116 caritatis
2573 4101 2589 4133 ,
2620 4059 2685 4118 ad
2714 4063 2892 4119 iustos
2917 4062 3219 4136 baptizatos
3248 4067 3479 4124 maxime
3504 4068 3792 4139 pertinent.
3818 4071 3907 4126 lu-

2311 4149 2378 4204 sti
2405 4148 2549 4204 enim
2576 4156 2633 4206 et
2657 4149 2910 4220 baptizati
2936 4161 3095 4212 erant
3121 4156 3389 4228 apostoli,
3422 4155 3491 4213 ad
3520 4172 3661 4229 quos
3689 4157 3909 4216 dicebat

2306 4238 2463 4294 loan.
2502 4241 2596 4296 14:
2630 4241 2699 4294 Si
2726 4237 2976 4310 diliqitis
3004 4260 3123 4310 me,
3160 4245 3457 4303 mandata
3478 4261 3615 4303 mea
3645 4239 3906 4317 seruate,-

2310 4332 2367 4382 et
2392 4326 2568 4384 infra:
2608 4330 2727 4402 Qui
2752 4329 2933 4387 habet
2957 4331 3259 4392 mandata
3296 4351 3463 4403 mea,
3498 4341 3555 4392 et
3580 4341 3779 4396 servat
3805 4353 3899 4406 ea,

2306 4419 2419 4472 iste
2446 4422 2561 4487 est,
2610 4421 2713 4490 qui
2750 4417 2943 4492 diliqit
2978 4437 3102 4488 me‚·
3132 4432 3188 4479 et
3224 4422 3390 4479 infra:
3426 4426 3495 4482 Si
3532 4431 3660 4498 quis
3706 4426 3909 4500 diliqit

2308 4521 2430 4575 nie,
2468 4521 2798 4565 sermonem
2824 4525 3024 4567 meum
3058 4512 3340 4580 servabit,
3375 4517 3458 4574 et.
3492 4519 3593 4587 qui
3620 4533 3742 4573 non
3768 4516 3906 4575 dili-

2305 4597 2393 4668 qit
2430 4611 2550 4664 me,
2599 4612 2927 4656 sermonem
2967 4614 3165 4657 meum
3202 4618 3324 4658 non
3363 4610 3597 4665 serva&
3636 4610 3693 4661 et
3720 4621 3774 4662 c.
3814 4611 3903 4664 15:

2306 4685 2552 4744 Manete
2577 4688 2643 4742 in
2670 4684 2982 4745 dilectione
3007 4705 3161 4758 mea,
3194 4692 3249 4747 si
3268 4698 3599 4766 praecepta
3615 4710 3754 4753 mea
3784 4711 3909 4753 ser-

2303 4777 2617 4842 vaveritis,
2650 4776 2965 4832 manebitis
3003 4780 3071 4834 in
3105 4776 3423 4836 dilectione
3458 4797 3628 4849 mea‚·
3656 4790 3713 4839 et
3739 4785 3901 4841 infra:

2309 4867 2427 4920 Vos
2454 4867 2639 4920 amici
2664 4867 2783 4921 mei
2814 4869 2979 4928 estis.
3018 4869 3070 4922 si
3079 4863 3377 4938 feceritis,
3414 4885 3567 4942 quae
3599 4887 3703 4944 eqo
3724 4889 3905 4946 prae·

2304 4955 2459 5027 cipio
2486 4953 2672 5010 vobis.
2704 4954 2853 5021 Quae
2881 4953 3255 5013 conditionalis
3284 4956 3447 5014 habet
3468 4961 3576 5014 vim
3598 4962 3905 5018 commina-

2303 5045 2495 5116 tionis,
2524 5050 2582 5101 et
2622 5045 3007 5103 necessitatem
3042 5046 3249 5110 indicat
3288 5046 3616 5105 observandi
3646 5049 3907 5108 mandata

2303 5131 2374 5190 ad
2395 5133 2827 5190 conservandam
2840 5137 3164 5209 caritatem3
3192 5151 3327 5210 ergo
3350 5137 3479 5213 iusti
3502 5144 3759 5195 tenentur
3785 5155 3904 5198 ser-

2306 5237 2434 5282 vare
2462 5223 2746 5298 mandata,
2776 5231 2834 5282 et
2859 5225 2977 5284 sine
3003 5223 3107 5284 hac
3130 5225 3479 5286 observantia
3500 5229 3765 5288 iustitiam
3789 5245 3901 5289 non
