4325 6267
735 336 816 398 46

655 473 918 531 convictu
961 472 1231 545 humanm
1276 489 1408 556 ergo
1449 473 1610 529 etiam
1648 479 1733 529 est
1761 472 1826 529 de
1855 473 2060 530 ratione
2090 472 2255 545 legis,

654 569 720 620 ut
747 577 878 619 cum
907 560 1092 618 eadem
1121 561 1432 618 conditione
1463 561 1687 618 seratur.

740 655 826 709 12.
854 651 1034 707 Tertia
1056 651 1416 722 perpetuitas,
1443 650 1653 706 scilicet
1673 656 1736 706 ut
1756 650 1840 706 lex
1863 649 2047 719 duret,
2063 664 2256 721 quam·

651 739 744 796 diu
773 755 884 794 non
915 746 1232 809 revocatur,
1266 739 1348 795 vel
1379 738 1604 795 materia
1631 739 1751 794 eius
1783 745 2027 796 mutatur
2048 780 2062 808 ,
2096 738 2257 796 babet

653 828 797 885 idem
829 826 1276 906 fundamentum,
1309 829 1440 901 quia
1469 827 1536 884 ad
1567 834 1778 883 rectam
1809 827 2257 898 gubernationem

651 914 984 988 reipublicae
1012 916 1322 972 necessaria
1351 922 1480 972 sunt
1511 923 1802 986 praecepta
1830 914 1937 972 hoc
1961 915 2125 972 modo
2146 920 2259 971 sta·

651 1004 806 1075 bilia,
847 1019 992 1076 quae
1029 1005 1139 1060 sint
1173 1010 1360 1061 certae
1399 1009 1457 1062 et
1495 1009 1872 1075 permanentes
1901 1005 2159 1077 regulae,
2194 1019 2257 1061 ac

653 1108 946 1149 mensurae
974 1094 1383 1164 operationum:
1408 1091 1544 1150 haee
1571 1097 1754 1148 autem
1777 1101 2070 1165 praecepta
2093 1093 2257 1165 signi·-

652 1182 889 1236 ficantur
929 1181 1144 1237 nomine
1186 1179 1402 1253 legum,
1445 1183 1594 1236 iuxta
1635 1196 1798 1237 nsum
1836 1181 2039 1236 iurium
2079 1187 2137 1236 et
2161 1180 2257 1237 do·

651 1274 905 1337 ctorum3
935 1284 1088 1340 ergo.
1125 1269 1300 1324 Minor
1329 1270 1462 1324 satis
1494 1269 1724 1339 probata
1750 1275 1837 1324 est
1866 1267 2148 1325 referendo
2174 1283 2257 1325 se·

653 1355 892 1412 cundam
935 1357 1281 1412 sententiam.
1327 1357 1493 1413 Maior
1530 1356 1692 1412 etiam
1729 1358 2060 1428 experientia
2087 1365 2144 1414 et
2174 1373 2257 1413 ra-

655 1445 800 1500 tione
828 1449 1066 1513 constat,
1097 1445 1225 1517 quia
1251 1445 1575 1516 gubernatio
1605 1445 1873 1517 humana,
1907 1453 1968 1502 ut
1996 1447 2064 1503 sit
2085 1445 2253 1513 utilis,

655 1531 902 1603 postulat
929 1531 1275 1588 stabilitatem
1304 1539 1360 1588 et
1387 1532 1839 1590 uniformitatem.
1867 1536 2000 1591 Item
2023 1536 2149 1608 quia
2171 1533 2255 1590 lex

655 1619 897 1675 humana
936 1619 1113 1676 fertur
1154 1636 1252 1694 pro
1291 1622 1684 1679 communitate
1708 1663 1723 1694 ,
1756 1637 1899 1695 quae
1927 1639 2024 1694 per
2051 1639 2108 1678 se
2137 1638 2261 1694 per-

655 1716 824 1779 petua
849 1714 962 1776 est,
994 1716 1050 1766 et
1079 1715 1302 1781 propter
1329 1725 1619 1766 commune
1646 1711 1854 1768 bonum
1871 1753 1886 1782 ,
1918 1711 2067 1785 quod
2091 1715 2255 1769 etiam

655 1796 817 1854 debet
837 1810 958 1852 esse
981 1797 1194 1868 stabile,
1218 1805 1273 1854 et
1295 1797 1592 1855 deducitur
1611 1814 1678 1855 ex
1702 1799 1819 1872 lege
1839 1801 2097 1872 naturali,
2116 1815 2257 1872 quae

656 1891 918 1956 perpetua
959 1894 1087 1972 est,
1119 1901 1290 1958 ergo,
1325 1896 1386 1942 ut
1411 1889 1799 1945 convenienter
1826 1889 2066 1961 seratur,
2097 1889 2259 1947 debet

657 1973 1085 2046 accommodari,
1117 1975 1302 2048 quoad
1333 1977 1443 2032 lieri
1472 1980 1663 2050 possit,
1693 1977 1774 2033 bis
1797 1979 2068 2049 omnibus,
2091 1987 2149 2035 et
2166 1995 2260 2036 eo-

653 2079 780 2119 rum
819 2054 1208 2135 proprietatem
1237 2066 1452 2122 imitari.
1498 2068 1787 2123 Praeterea
1817 2066 1951 2122 baec
1982 2069 2260 2139 perpetui-

657 2157 740 2208 tas
783 2153 1036 2224 sequitur
1075 2168 1139 2208 ex
1184 2155 1395 2226 prima3
1429 2169 1552 2210 nam
1581 2155 1626 2209 si
1654 2155 1738 2212 lex
1767 2153 1933 2211 durat
1960 2161 2086 2226 post
2113 2171 2260 2213 mor-

658 2246 770 2294 tem
812 2239 970 2312 primi
1011 2240 1366 2313 legislatoris,
1409 2243 1509 2298 nisi
1537 2244 1605 2299 ab
1633 2259 1698 2300 eo
1727 2252 2039 2317 revocetur,
2069 2245 2259 2302 eadem

658 2329 868 2384 ratione
896 2328 1119 2386 durabit
1147 2330 1338 2387 eodem
1369 2331 1535 2388 modo
1565 2338 1623 2388 et
1649 2333 1754 2388 sub
1779 2333 1972 2390 eadem
1997 2335 2263 2390 conditio-

657 2432 757 2489 ne,
791 2417 1001 2475 vivente
1029 2435 1356 2476 successore
1376 2463 1392 2491 ‚
1421 2427 1477 2477 et
1516 2427 1640 2492 post
1665 2427 1896 2478 mortem
1927 2423 2085 2479 etiam
2112 2425 2256 2494 eius3

657 2512 718 2562 et
754 2505 898 2563 idem
936 2509 1043 2564 erit
1067 2507 1136 2564 de
1163 2507 1411 2564 secundo
1440 2524 1790 2577 successore,
1818 2519 1877 2568 et
1903 2513 1983 2568 sic
2012 2513 2126 2568 sine
2151 2519 2264 2570 ter-

657 2597 808 2653 mino
832 2637 846 2666 ,
890 2597 1019 2669 quia
1059 2613 1165 2653 non
1201 2606 1288 2653 est
1329 2600 1500 2655 maior
1542 2599 1679 2656 ratio
1719 2599 1786 2656 de
1827 2616 1969 2671 uno,
1999 2616 2167 2673 quam
2196 2601 2264 2658 de

657 2684 796 2751 alio,
839 2686 1100 2758 quamdiu
1143 2687 1368 2743 materia
1409 2703 1517 2743 non
1563 2689 1637 2744 ita
1666 2695 1940 2760 mutatur,
1972 2695 2035 2746 ut
2060 2689 2143 2746 lex
2174 2691 2265 2747 fiat

656 2774 884 2830 iniusta.
918 2775 1017 2830 Est
1041 2775 1204 2832 etiam
1232 2775 1368 2832 haec
1400 2777 1560 2833 tertia
1588 2779 1926 2850 perpetuitas
1957 2781 2264 2836 necessaria

660 2861 729 2919 ad
774 2864 1074 2920 secundam
1092 2906 1106 2932 ,
1151 2865 1308 2936 quia,
1340 2871 1404 2921 ut
1429 2865 1513 2921 lex
1543 2866 1608 2922 de
1636 2881 1694 2921 se
1721 2866 1925 2939 obliget
1952 2883 2170 2939 semper
2197 2884 2264 2925 ex

663 2957 820 3024 parte
861 2951 1206 3008 subditorum
1244 2959 1301 3009 et
1337 2969 1732 3011 successorum
1756 2998 1771 3026 ,
1802 2972 2030 3013 necesse
2057 2963 2174 3028 est,
2208 2964 2269 3015 ut

657 3039 776 3109 ipsa
803 3039 856 3094 in
885 3055 988 3096 suo
1015 3055 1136 3096 esse
1163 3047 1222 3096 et
1243 3041 1429 3113 vigore
1456 3039 1792 3114 persever'et,
1819 3051 1882 3100 ut
1902 3051 2140 3102 constat.
2168 3049 2271 3102 De-

660 3129 826 3198 nique
866 3126 1182 3185 declaratur
1221 3130 1498 3202 exemplo,
1544 3147 1669 3188 nam
1709 3132 1838 3189 olim
1875 3134 2026 3190 Bulla
2061 3150 2263 3192 coenae

661 3216 872 3273 Domini
915 3233 1012 3288 pro
1059 3225 1304 3290 tempore
1347 3220 1508 3275 unius
1549 3222 1676 3276 anni
1719 3221 2016 3289 ferebatur,
2045 3230 2102 3279 et
2131 3231 2264 3280 tunc

661 3304 814 3362 illius
845 3321 1114 3363 censurae
1138 3307 1538 3379 reputabantur
1559 3309 1627 3366 ab
1649 3309 1898 3366 homine:
1923 3319 2114 3381 postea
2133 3327 2263 3368 vero

662 3407 692 3448 a
731 3398 978 3465 tempore
1014 3396 1260 3466 Gregorii
1288 3397 1428 3452 XIII.
1465 3396 1573 3452 lata
1601 3403 1713 3468 est,
1745 3397 1916 3454 donec
1945 3406 2261 3471 revocetur,

662 3485 814 3539 etex
844 3486 977 3538 tunc
1015 3483 1135 3539 eius
1165 3499 1434 3540 censurae
1475 3491 1758 3556 reputatae
1798 3492 1984 3541 sunta
2011 3488 2158 3556 iure,
2205 3493 2269 3544 ut

664 3571 870 3628 notavit
897 3574 1121 3628 Navarr.
1157 3573 1210 3626 in
1247 3572 1581 3642 expositione
1615 3573 1756 3629 illius
1783 3573 2001 3647 Bullae3
2031 3590 2162 3647 ergo
2192 3577 2264 3630 si-

662 3675 831 3731 gnum
860 3664 968 3728 est,
993 3658 1060 3714 ad
1083 3659 1528 3716 constituendum
1549 3662 1636 3717 ius
1661 3661 1837 3734 (quod
1858 3662 2004 3720 idem
2024 3670 2109 3719 est
2132 3678 2264 3721 eum

665 3746 818 3820 lege)
857 3749 1228 3804 necessarium
1257 3764 1376 3804 esse
1406 3749 1560 3805 illum
1598 3752 1977 3820 perpetuitatis
2015 3751 2258 3825 modurn.

739 3835 894 3893 Unde
931 3837 1021 3904 fit,
1053 3837 1270 3909 quoties
1313 3844 1664 3910 praeceptum
1695 3840 1992 3908 superioris
2030 3839 2096 3896 ad
2130 3840 2265 3896 limi·

666 3930 843 3982 tatum
885 3931 1100 3995 tempus
1136 3925 1344 3996 fertur,
1376 3941 1474 3996 per
1501 3941 1558 3982 se
1589 3925 1862 4000 loquendo
1890 3935 1945 3984 et
1971 3927 2089 4006 iure
2120 3928 2265 3985 ordi-

667 4012 844 4084 nario,
870 4029 979 4068 non
1005 4012 1205 4070 babere
1228 4013 1490 4070 rationem
1514 4014 1668 4087 legis.
1693 4015 1830 4082 Dixi,
1849 4031 1958 4089 per
1977 4032 2039 4074 se
2057 4023 2113 4074 et
2133 4020 2265 4073 iure

667 4099 999 4166 ordinario,
1035 4102 1164 4175 quia
1202 4103 1248 4158 si
1278 4101 1553 4173 legislator
1584 4102 1766 4174 vellet,
1796 4104 2016 4162 ferendo
2044 4120 2267 4175 praece-

666 4200 821 4262 ptum
859 4190 926 4246 ad
954 4197 1204 4262 tempus,
1236 4197 1497 4262 statuere,
1531 4207 1596 4248 ac
1623 4191 1922 4264 declarare,
1955 4201 2016 4250 ut
2046 4210 2145 4265 pro
2177 4194 2265 4251 illo

668 4285 920 4350 tempore
960 4279 1190 4337 haberet
1227 4281 1330 4335 vim
1375 4286 1430 4335 et
1471 4279 1744 4353 privilegia
1787 4281 1950 4354 legis,
1991 4289 2054 4339 ut
2081 4284 2160 4339 sic
2188 4283 2270 4339 di-

670 4384 818 4436 cam,
863 4374 1051 4440 posset
1083 4368 1133 4424 id
1178 4369 1383 4439 facere,
1413 4370 1544 4441 quia
1570 4385 1676 4425 non
1706 4369 1936 4427 includit
1962 4387 2268 4444 repugnan-

667 4457 835 4529 tiam3
879 4455 1011 4513 illud
1051 4464 1230 4514 tamen
1259 4464 1406 4514 esset
1432 4459 1588 4529 quasi
1615 4473 1680 4514 ex
1709 4457 2106 4531 dispensatione
2134 4477 2270 4534 qua·

669 4546 818 4603 dam.
858 4547 928 4603 Et
965 4546 1082 4603 ideo
1124 4555 1354 4608 censeo.
1397 4546 1576 4603 solum
1613 4547 2038 4618 gubernatorem
2078 4565 2271 4621 supre-

673 4652 826 4693 mum
867 4651 1027 4708 posse
1070 4635 1124 4693 id
1164 4636 1372 4706 facere,
1420 4643 1482 4694 ut
1519 4642 1609 4693 est
1642 4653 1740 4694 rex
1770 4638 1821 4692 in
1851 4638 2269 4710 temporalibus,

675 4726 820 4795 Papa
848 4725 900 4781 in
927 4724 1337 4794 ecclesiasticis,
1377 4725 1506 4796 quia
1533 4724 1582 4779 in
1613 4727 1890 4782 communi
1915 4733 1972 4782 et
1999 4727 2271 4784 ordinario

673 4815 826 4886 iure,
869 4815 1188 4885 praesertim
1226 4816 1276 4870 in
1309 4829 1364 4870 re
1395 4821 1503 4870 tam
1531 4814 1715 4886 gravi,
1746 4829 1852 4870 non
1883 4821 2115 4886 possunt
2141 4815 2271 4872 inse-

675 4903 851 4960 riores
891 4901 1226 4974 dispensare.
1255 4903 1410 4959 Tunc
1451 4918 1583 4960 vero
1624 4904 1820 4961 retinet
1857 4904 1946 4960 illa
1985 4904 2106 4975 lex,
2139 4904 2270 4962 illud

674 4991 1066 5062 perpetuitatis
1094 5005 1293 5063 genus,
1324 4991 1472 5064 quod
1503 4999 1608 5060 est,
1641 5008 1748 5048 non
1775 4990 2080 5063 dependere
2110 5009 2139 5048 a
2162 4995 2274 5049 vita

674 5079 926 5150 ferentis3
961 5095 1086 5136 nam
1114 5082 1158 5135 si
1188 5082 1333 5136 intra
1360 5079 1494 5136 illud
1523 5087 1742 5152 tempus
1770 5079 2052 5153 deficeret,
2080 5080 2272 5138 nibilo-

677 5169 857 5225 minus
903 5183 1077 5241 usque
1117 5167 1186 5224 ad
1228 5167 1506 5226 delinitum
1553 5175 1768 5240 tempus
1810 5169 1894 5226 lex
1924 5169 2170 5227 duraret.
2201 5171 2274 5227 Et

2146 349 2349 399 mmm
2376 353 2424 399 1.

2326 473 2519 530 eadem
2558 474 2768 530 ratione
2808 479 2990 546 potest
3031 488 3325 544 supremus
3354 471 3610 544 princeps
3636 471 3923 530 decretum

2326 577 2425 618 seu
2457 567 2813 634 praeceptum
2843 562 3008 634 ferre,
3038 560 3321 618 declarans
3352 559 3511 632 velle,
3542 568 3607 618 ut
3633 561 3798 619 duret
3824 577 3923 632 pro

2325 658 2575 723 tempore
2604 654 2743 708 vitae
2772 667 2905 714 suae
2932 657 2991 708 et
3018 666 3125 706 non
3155 651 3423 721 amplius,
3452 657 3511 706 et
3534 648 3683 722 quod
3718 650 3768 704 in
3800 664 3929 707 cae-

2326 740 2459 796 teris
2490 739 2687 796 habeat
2717 741 2972 795 virtutem
3000 746 3058 795 et
3080 737 3383 794 efficaciam
3407 737 3561 809 legis,
3588 739 3719 811 quia
3740 739 3792 792 in
3818 737 3923 794 hoc

2316 828 2487 884 ‚etiam
2526 843 2633 884 nou
2674 834 2758 884 est
2799 827 3192 900 repugnantia,
3234 833 3291 883 et
3326 826 3583 897 princeps
3627 833 3815 897 potest
3843 828 3926 883 uti

2325 930 2427 970 sua
2453 921 2747 986 potestate,
2778 922 2947 985 prout
2974 915 3238 984 voluerit,
3263 920 3477 970 etcum
3504 914 3640 970 haec
3662 915 3800 970 ratio
3826 929 3925 971 seu

2327 1005 2633 1074 proprietas
2660 1002 2793 1075 legis
2819 1018 2884 1059 ex
2914 1002 3255 1059 institutione
3282 1000 3534 1074 pendeat,
3568 1007 3749 1072 potest
3775 1002 3923 1073 prin-

2325 1107 2457 1165 ceps
2496 1093 2643 1149 illam
2684 1098 2925 1162 mutare,
2966 1091 3057 1147 ubi
3098 1090 3429 1148 iudicaverit
3464 1090 3739 1162 expedire.
3768 1090 3923 1145 Tune

2327 1187 2511 1238 autem
2552 1197 2611 1237 re
2656 1195 2783 1237 vera
2821 1180 2910 1236 illa
2949 1195 3055 1236 non
3086 1189 3233 1236 esset
3259 1177 3578 1250 simpliciter
3605 1179 3713 1244 lex,
3744 1177 3926 1251 qualis

2328 1285 2477 1326 nunc
2520 1271 2858 1341 significatur
2884 1269 2991 1325 boc
3029 1270 3247 1325 nomine
3276 1267 3525 1325 absolute
3554 1275 3795 1340 sumpto,
3826 1266 3921 1324 sed

2325 1364 2471 1416 esset
2499 1359 2581 1416 lex
2611 1357 2917 1416 secundum
2947 1357 3075 1430 quid
3093 1399 3108 1429 ,
3140 1356 3223 1414 vel
3254 1359 3271 1430 (
3294 1363 3355 1413 ut
3382 1357 3460 1412 sic
3486 1353 3691 1428 dicam)
3722 1370 3818 1428 per
3842 1355 3923 1412 di-

2330 1447 2737 1517 spensationem
2764 1445 3079 1520 quamdam.

2410 1539 2477 1593 Et
2507 1536 2612 1593 hoc
2634 1537 2868 1593 tortasse
2890 1543 3103 1592 tantum
3126 1533 3423 1591 voluerunt
3443 1539 3701 1591 auctores
3723 1533 3927 1604 primae

2327 1627 2650 1696 sententiae3
2668 1625 2905 1681 latentur
2925 1623 3093 1694 enim,
3117 1622 3291 1696 legem
3314 1621 3637 1695 regulariter
3656 1637 3777 1678 esse
3800 1637 3925 1692 per-

2326 1721 2568 1784 petuam,
2584 1729 2691 1768 non
2712 1727 2833 1769 esse
2856 1719 3033 1768 tamen
3056 1710 3161 1768 boc
3184 1712 3256 1768 ita
3274 1711 3585 1781 essentiale,
3610 1711 3744 1782 quin
3772 1709 3928 1766 aliter

2326 1801 2451 1857 ferri
2479 1803 2668 1872 possit,
2694 1801 2842 1873 quod
2868 1803 2920 1856 in
2944 1800 3085 1856 idem
3108 1801 3217 1857 sere
3244 1800 3453 1857 recidit.
3486 1803 3595 1856 Nos
3622 1806 3805 1855 autem
3833 1797 3928 1855 ad-

2326 1889 2527 1961 dimus,
2547 1889 2679 1962 legis
2702 1907 2896 1946 nomen
2918 1905 2978 1947 re
3000 1905 3125 1946 vera
3146 1890 3452 1962 significare
3476 1894 3825 1960 praeceptum
3852 1889 3929 1943 ita

2326 1977 2601 2048 durabile,
2633 1985 2991 2050 praeceptum
3020 1985 3204 2035 autem
3234 1992 3341 2033 non
3364 1978 3438 2033 ita
3467 1977 3656 2033 stabile
3677 2017 3694 2047 ,
3725 1977 3849 2033 licet
3869 1977 3925 2032 in

2328 2066 2532 2123 ratione
2559 2069 2839 2139 praecepti
2862 2069 2937 2124 sit
2954 2065 3200 2124 eiusdem
3221 2069 3510 2132 essentiae,
3541 2069 3647 2122 iam
3676 2083 3783 2122 non
3806 2082 3929 2122 esse

2328 2157 2597 2228 propriam
2639 2156 2833 2230 legem.
2878 2159 3061 2212 Potest
3094 2156 3341 2228 exemplo
3376 2155 3672 2225 declarari,
3708 2170 3833 2210 nam
3859 2153 3929 2211 de

2328 2246 2537 2300 ratione
2566 2245 2913 2302 beatitudinis
2930 2251 3015 2301 est
3034 2246 3393 2317 perpetuitas,
3417 2251 3473 2300 et
3496 2243 3618 2301 ideo
3642 2243 3774 2300 lieet
3803 2259 3928 2315 pos-

2330 2333 2401 2389 sit
2439 2336 2581 2389 Deus
2619 2333 2750 2390 dare
2779 2333 2979 2391 homini
3010 2334 3273 2390 visionem
3305 2331 3412 2402 sui,
3444 2345 3584 2404 quae
3614 2332 3722 2388 cito
3752 2338 3929 2388 trans-

2328 2426 2438 2492 eat,
2468 2421 2557 2477 illa
2584 2422 2690 2478 erit
2714 2420 2960 2478 eiusdem
2992 2427 3217 2477 naturae
3246 2435 3377 2476 cum
3409 2420 3643 2489 visione,
3675 2435 3815 2491 quae
3843 2425 3930 2476 est

2330 2509 2640 2579 beatitudo,
2684 2526 2791 2566 non
2824 2518 3001 2568 tamen
3030 2512 3141 2567 erit
3165 2509 3485 2581 simpliciter
3512 2509 3822 2566 beatitudo:
3852 2511 3927 2566 ita

2331 2613 2465 2671 ergo
2494 2615 2597 2655 suo
2627 2597 2789 2656 modo
2819 2598 2885 2656 de
2915 2600 3033 2672 lege
3064 2598 3211 2671 loqui
3239 2614 3554 2670 possumus.
3588 2598 3669 2654 Ad
3698 2600 3927 2670 primam

2332 2687 2498 2758 igitur
2524 2688 2795 2744 rationem
2824 2686 2969 2744 illius
3000 2689 3295 2744 sententiae
3316 2685 3619 2758 respondeo
3640 2686 3695 2741 in
3720 2687 3925 2758 primis,

2332 2791 2443 2832 non
2473 2775 2643 2832 fuisse
2672 2776 3067 2844 necessarium,
3098 2775 3366 2832 Isidorum
3392 2781 3447 2830 et
3473 2774 3529 2831 d.
3553 2775 3812 2831 'rhomam
3832 2789 3928 2831 ex-

2334 2863 2517 2935 plicite
2557 2880 2991 2936 ponereomnes
3032 2864 3374 2921 conditiones
3413 2863 3577 2936 legis,
3622 2865 3755 2919 satis
3784 2865 3926 2920 enim

2333 2958 2452 3023 est,
2484 2951 2636 3024 quod
2664 2953 2716 3008 in
2746 2951 2878 3023 illis,
2910 2969 3050 3025 quas
3080 2959 3312 3024 ponunt,
3343 2951 3583 3024 reliquae
3611 2953 3929 3009 continean-

2335 3047 2457 3112 tur,
2506 3041 2580 3097 ita
2620 3043 2764 3097 enim
2806 3040 2940 3097 haec
2971 3042 3305 3113 perpetuitas
3334 3041 3465 3113 legis
3493 3044 3546 3096 in
3576 3041 3693 3112 ipsa
3720 3041 3927 3097 ratione

2334 3130 2464 3187 boni
2493 3129 2801 3187 communis
2830 3129 3162 3186 continetur.
3197 3129 3398 3186 Deinde
3428 3128 3589 3200 addo,
3627 3146 3731 3185 non
3756 3132 3928 3186 omni-

2335 3236 2406 3276 no
2434 3217 2867 3290 praetermisisse
2898 3218 3051 3289 illas3
3084 3220 3187 3274 iam
3217 3220 3362 3274 enim
3384 3218 3610 3291 allegavi
3636 3217 3822 3275 locum
3850 3217 3931 3274 di-

2335 3307 2387 3362 vi
2412 3306 2671 3378 Thomae,
2696 3307 2747 3361 in
2772 3323 2885 3379 quo
2910 3308 3039 3362 satis
3066 3321 3323 3378 expresse
3352 3306 3517 3362 buius
3551 3307 3929 3378 perpetuitatis

2336 3395 2595 3451 meminit.
2628 3396 2762 3451 Item
2794 3397 2837 3449 si
2868 3402 3076 3452 attente
3107 3394 3321 3466 legatur
3347 3397 3401 3450 in
3432 3410 3488 3466 q.
3523 3399 3617 3464 95,
3651 3401 3759 3452 art.
3790 3400 3839 3453 ί.
3870 3397 3927 3452 in

2335 3499 2493 3555 corp.
2518 3489 2574 3540 et
2602 3483 2670 3540 ad
2692 3489 2749 3555 2,
2776 3499 2991 3554 semper
3011 3484 3253 3555 loquitur
3281 3482 3348 3539 de
3370 3482 3485 3554 lege
3509 3484 3763 3552 humana,
3788 3491 3929 3541 tam-

2334 3587 2500 3644 quam
2560 3570 2627 3627 de
2684 3572 2874 3644 regula
2931 3575 3279 3641 permanente
3324 3577 3378 3627 et
3424 3571 3620 3626 stabili.
3674 3573 3929 3628 Rationes

2334 3661 2516 3731 etiam,
2536 3674 2677 3732 quas
2698 3661 2769 3714 ibi
2792 3658 3016 3714 adducit
3034 3675 3100 3714 ex
3123 3659 3414 3716 Aristotele
3446 3663 3493 3714 t.
3522 3660 3754 3719 Rhetor,
3782 3677 3834 3716 c.
3870 3663 3925 3730 t,

2334 3755 2399 3804 ut
2438 3748 2632 3819 probet
2672 3748 3053 3803 necessitatem
3091 3745 3273 3818 legum
3296 3789 3309 3816 ,
3351 3763 3541 3802 omnes
3578 3747 3809 3817 probant
3836 3747 3930 3804 de-

2336 3836 2465 3893 bere
2492 3851 2613 3891 esse
2642 3835 2773 3892 lixas
2800 3841 2857 3891 et
2876 3834 3122 3905 stabiles,
3152 3841 3208 3890 et
3232 3850 3341 3890 non
3371 3834 3565 3892 debere
3586 3835 3804 3908 variari,
3828 3835 3928 3891 du-

2336 3934 2492 3983 rante
2530 3926 2719 3982 eodem
2764 3931 2915 3980 statu
2952 3923 3283 3996 reipublicae
3319 3930 3376 3980 et
3404 3939 3611 3980 rerum.
3645 3925 3713 3980 Et
3738 3926 3813 3980 ita
3838 3939 3929 3981 ea·

2334 4014 2457 4071 dem
2486 4031 2541 4087 q.
2576 4019 2671 4086 95,
2702 4021 2805 4070 art.
2842 4017 2897 4071 4.
2928 4013 3103 4086 legem
3136 4016 3310 4084 ponit,
3336 4019 3397 4069 ut
3416 4021 3819 4086 permanentem
3843 4029 3928 4071 re-

2333 4103 2522 4178 gulam
2564 4103 2881 4160 directivam
2931 4101 3299 4158 humanorum
3340 4108 3597 4167 actuum,
3642 4111 3699 4159 et
3736 4103 3927 4160 eodem

2338 4191 2503 4248 modo
2534 4192 2778 4264 loquitur
2807 4205 3021 4262 semper
3051 4191 3117 4246 de
3148 4189 3263 4260 lege
3291 4188 3553 4246 Isidorus.

2414 4280 2494 4338 Ad
2524 4279 2833 4336 secundum
2860 4281 2966 4335 iam
2998 4279 3205 4335 dictum
3234 4283 3341 4350 est,
3370 4277 3522 4351 quod
3544 4280 3587 4333 si
3612 4279 3697 4335 lex
3718 4279 3929 4336 seratur

2337 4371 2403 4429 ad
2433 4378 2647 4427 certum
2680 4376 2895 4439 tempus
2922 4383 2992 4424 ex
3020 4367 3297 4423 voluntate
3326 4367 3647 4438 legislatoris
3667 4408 3683 4437 ,
3704 4369 3809 4424 erit
3836 4385 3930 4440 po-

2340 4463 2453 4518 tius
2480 4456 2759 4532 quoddam
2788 4465 3168 4529 praeceptum,
3194 4471 3359 4528 quam
3384 4455 3492 4524 lex,
3516 4455 3600 4510 vel
3622 4457 3725 4511 erit
3746 4456 3827 4512 lex
3850 4473 3935 4513 se-

2339 4548 2584 4606 cundum
2625 4544 2787 4619 quid,
2830 4551 2886 4600 et
2924 4545 3081 4616 quasi
3126 4542 3429 4616 analogice.
3471 4543 3554 4599 Ad
3594 4545 3817 4599 tertium
3866 4545 3932 4600 ab

2340 4636 2609 4707 exemplis
2649 4634 2772 4691 dico
2802 4633 2851 4688 in
2882 4632 3090 4704 primis,
3124 4633 3239 4687 sine
3268 4646 3437 4686 causa
3466 4630 3687 4703 allegari
3718 4645 3841 4702 cap.
3884 4637 3928 4690 1.

2341 4731 2436 4792 29,
2472 4726 2526 4782 d.
2560 4725 2691 4798 quia
2720 4738 2825 4778 non
2855 4722 3019 4790 dicit,
3052 4719 3200 4794 leges
3228 4735 3349 4775 esse
3380 4719 3738 4791 temporales,
3768 4719 3823 4776 id
3848 4719 3935 4778 es't

2343 4831 2449 4871 non
2490 4819 2785 4886 perpetuas
2813 4809 2879 4866 de
2908 4824 3002 4881 se3
3035 4807 3129 4864 sed
3156 4807 3289 4864 dicit
3308 4805 3672 4880 ,judicandas
3698 4823 3849 4877 esse,
3880 4807 3933 4863 id

2341 4909 2427 4960 est
2460 4899 2831 4973 intelligendas
2852 4939 2868 4971 ,
2908 4904 2965 4954 et
3001 4895 3463 4967 interpretandas,
3494 4902 3697 4953 attenta
3725 4898 3933 4952 ratione

2342 4998 2653 5062 temporum
2696 4997 2751 5044 et
2779 4988 3066 5057 locorum,
3098 4987 3149 5041 in
3181 4987 3379 5058 quibus
3412 4985 3551 5042 latae
3580 4993 3727 5041 sunt.
3762 4987 3830 5041 Et
3857 4989 3935 5042 ita

2344 5080 2598 5150 fatemur,
2626 5075 2773 5148 leges
2796 5090 2903 5132 non
2924 5072 3143 5130 easdem
3171 5073 3297 5129 ferri
3328 5089 3429 5145 pro
3456 5072 3709 5130 omnibus
3730 5079 3933 5146 tempo·

2342 5169 2525 5239 ribus,
2557 5172 2612 5223 et
2638 5163 2901 5238 quasdam
2930 5161 3185 5235 expedire
3212 5162 3540 5235 quibusdam
3570 5164 3931 5235 temporibus,
3952 5177 3965 5186 ·
