4325 6267
868 360 989 427 362

784 504 941 577 titur,
978 520 1153 578 neque
1180 510 1267 564 est
1293 505 1344 564 in
1376 524 1504 583 usu3
1526 523 1664 584 ergo
1691 524 1867 584 neque
1894 510 1950 567 in
1978 508 2188 584 legibus
2209 524 2372 567 cano-

784 594 921 651 nicis
951 596 1281 654 admittenda
1306 603 1407 655 est.

860 690 915 744 4.
961 687 1094 744 Dico
1139 693 1318 745 tamen
1336 731 1351 760 ,
1402 690 1445 746 si
1484 688 1801 765 supplicatio
1846 692 1938 751 liat
1972 709 2039 751 ex
2067 690 2374 749 rationabili

782 791 975 850 causa,
1018 784 1075 835 et
1112 777 1257 835 licite
1286 778 1397 837 lieri
1426 796 1617 853 posse,
1656 784 1817 841 etiam
1846 784 1902 841 in
1930 782 2140 857 legibus
2167 781 2376 855 pontifi-

782 867 913 939 ciis,
958 875 1015 925 et
1053 884 1173 925 esse
1211 867 1369 927 valde
1396 871 1585 929 utilem
1613 887 1679 929 ac
1705 872 1901 931 rationi
1929 878 2370 930 consentaneam.

780 958 899 1015 Iloc
945 974 978 1015 a
1018 958 1227 1017 fortiori
1266 960 1507 1017 sentiunt
1545 963 1844 1020 Panormit.
1889 961 2055 1020 Felin.
2095 969 2155 1020 et
2189 961 2281 1019 alii
2319 963 2373 1017 in

782 1060 905 1119 cap.
944 1051 993 1106 1.
1018 1047 1085 1105 de
1112 1054 1251 1122 treg.
1270 1057 1323 1107 et
1352 1064 1472 1123 pac.
1504 1051 1635 1109 etin
1662 1051 1813 1110 dicto
1841 1046 2063 1126 3109011,
2091 1059 2149 1109 et
2169 1053 2374 1109 citatur

778 1136 1050 1194 Ancharr.
1088 1154 1242 1195 cons.
1275 1144 1409 1213 214,
1438 1147 1494 1198 et
1533 1156 1789 1214 expresse
1832 1158 1894 1199 ac
1922 1142 2234 1199 indistincte
2261 1146 2376 1198 tam

778 1224 847 1282 de
886 1225 1005 1301 lege
1044 1228 1218 1298 civili,
1250 1226 1413 1303 qua'm
1442 1229 1509 1286 de
1537 1232 1801 1289 canonica
1827 1232 1883 1289 id
1911 1231 2150 1289 affirmat
2177 1234 2368 1289 Castro

778 1314 873 1373 lib.
916 1320 965 1377 1.
998 1315 1071 1375 de
1097 1316 1219 1392 leye
1236 1318 1477 1394 poenal.
1512 1336 1631 1393 cap.
1672 1324 1721 1379 1.
1754 1322 1823 1379 Et
1867 1322 2130 1394 probatur
2169 1322 2371 1392 prime,

779 1406 909 1480 quia
938 1406 1045 1465 hoc
1075 1410 1225 1467 nullo
1252 1411 1369 1467 iure
1398 1411 1733 1485 prohibetur,
1758 1414 1869 1470 imo
1896 1421 1981 1471 est
2008 1413 2113 1469 iuri
2142 1428 2374 1469 consen-

776 1502 1001 1555 taneum
1032 1505 1085 1555 et
1112 1500 1325 1557 rationi.
1357 1502 1535 1558 Prima
1562 1517 1687 1576 pars
1715 1510 1883 1575 patet,
1914 1505 2043 1577 qnia
2074 1504 2124 1559 in
2158 1502 2369 1576 legibus

776 1587 879 1644 ult.
931 1596 987 1646 et
1033 1591 1464 1663 antepenultima
1508 1608 1677 1667 supra
1724 1594 1905 1650 citatis
1932 1594 2109 1651 solum
2140 1592 2369 1659 dicitur,

776 1692 885 1735 non
934 1678 1099 1738 licere
1146 1681 1417 1753 appellare
1466 1696 1499 1738 a
1544 1698 1717 1755 poena
1763 1684 2015 1756 imposita
2062 1680 2373 1739 secundum

776 1770 1181 1842 praescriptum
1234 1769 1369 1845 legis
1393 1812 1408 1841 ,
1450 1786 1551 1829 nec
1599 1788 1630 1829 a
1673 1774 1939 1831 sententia
1968 1788 2067 1830 seu
2095 1772 2370 1829 decisione

775 1857 902 1914 data
940 1860 1093 1917 iuxta
1121 1860 1431 1933 legem,seu
1461 1869 1785 1934 perpetuum
1814 1863 2080 1939 edictum3
2104 1880 2214 1921 non
2246 1878 2373 1920 vero

775 1946 979 2005 dicitur
1008 1964 1115 2007 non
1148 1950 1313 2007 licere
1342 1950 1648 2024 supplicare
1670 1954 1737 2010 de
1762 1960 1879 2011 tota
1901 1955 2017 2028 lege
2040 1967 2233 2010 coram
2253 1954 2372 2024 ipso

774 2038 1043 2113 principe.
1077 2040 1219 2098 Sunt
1258 2048 1439 2098 autem
1488 2041 1621 2099 haec
1650 2042 1761 2101 duo
1790 2044 1945 2101 valde
1974 2043 2212 2117 diversa,
2245 2044 2377 2117 quia

771 2130 831 2187 in
878 2130 1150 2203 prioribus
1196 2131 1417 2191 casibus
1466 2134 1749 2207 appellatio
1787 2134 2070 2209 repellitur
2110 2143 2373 2209 tanquam

774 2217 933 2293 plane
961 2220 1176 2293 iniusta,
1212 2224 1343 2296 quia
1366 2222 1461 2280 illa
1488 2240 1597 2281 11011
1624 2232 1708 2281 est
1733 2225 2023 2299 appellatio
2052 2242 2085 2283 a
2112 2226 2253 2299 lege,
2271 2224 2369 2283 sed

776 2326 810 2367 a
836 2312 1099 2368 sententia
1127 2312 1293 2386 iusta,
1318 2320 1509 2386 utpote
1534 2316 1841 2375 secundum
1868 2315 2041 2389 legem
2069 2316 2198 2373 lata.
2218 2315 2375 2383 Quod

777 2401 827 2457 si
866 2400 1147 2475 appellatio
1190 2418 1255 2459 00
1284 2403 1501 2478 tendat,
1533 2412 1597 2462 ut
1625 2406 1799 2479 legem
1828 2413 2027 2480 arguat
2054 2405 2369 2477 iniustitiae,

776 2498 863 2548 est
888 2492 1050 2549 etiam
1078 2492 1290 2568 iniqua,
1330 2500 1447 2550 tum
1476 2494 1603 2567 quia
1632 2497 1957 2569 supponitur
1984 2496 2069 2553 lex
2098 2496 2376 2552 universa-

774 2579 877 2653 lis,
918 2587 976 2638 et
1012 2582 1218 2639 servari
1256 2583 1446 2657 solita,
1478 2600 1542 2641 ac
1583 2585 1812 2643 subinde
1842 2588 2001 2656 iusta,
2037 2595 2154 2644 tum
2181 2587 2366 2657 etiam,

777 2672 907 2746 quia
949 2672 1237 2745 appellatio
1278 2674 1402 2730 talis
1440 2675 1500 2731 fit
1536 2677 1593 2731 in
1624 2677 1941 2748 particulari
1968 2677 2144 2747 facto,
2177 2678 2230 2733 in
2257 2693 2368 2750 quo

774 2778 889 2819 non
921 2762 1047 2819 licet
1076 2779 1108 2820 a
1138 2762 1255 2837 lege
1281 2780 1604 2837 provocare,
1634 2769 1882 2840 quamvis
1911 2767 2071 2824 liceat
2099 2768 2369 2840 appellare

774 2851 866 2908 vel
901 2867 934 2908 a
975 2852 1345 2910 declaratione
1382 2855 1533 2928 legis,
1564 2856 1649 2913 vel
1679 2856 1745 2913 ab
1774 2855 2133 2930 applicatione
2160 2860 2280 2913 eius
2308 2855 2379 2912 ad

778 2940 909 3013 tale,
934 2941 1016 2999 vel
1050 2943 1155 3001 tale
1185 2943 1414 3001 factum:
1441 2943 1528 3001 hic
1557 2953 1739 3003 autem
1772 2948 1983 3021 agimus
2003 2947 2068 3004 de
2096 2946 2217 3021 lege
2244 2964 2378 3005 ncn-

778 3032 912 3090 dum
941 3039 1194 3107 recepta,
1232 3040 1287 3089 et
1310 3033 1377 3091 de
1408 3035 1800 3107 supplicatione
1826 3038 1970 3094 facta
1997 3054 2063 3095 ex
2090 3054 2262 3095 causa
2286 3054 2376 3096 ra·

778 3123 1023 3182 tionabili
1044 3165 1059 3195 ,
1088 3131 1144 3180 et
1172 3139 1204 3181 a
1230 3126 1653 3196 communitate,
1685 3126 1768 3185 vel
1795 3128 2013 3185 nomine
2041 3129 2159 3185 eius
2186 3127 2254 3185 ab
2283 3142 2371 3202 eo,

780 3216 873 3289 qui
916 3216 1298 3273 auctoritatem
1338 3216 1553 3274 habeat.
1575 3216 1728 3276 Unde
1776 3227 2038 3277 auctores
2084 3221 2239 3276 citati
2268 3235 2376 3275 non

736 3372 745 3382 ὓ
778 3312 1011 3379 negant,
1042 3306 1206 3363 licere
1234 3306 1543 3378 supplicare
1570 3323 1600 3363 a
1634 3308 1770 3382 lege,
1796 3309 1891 3366 sed
1922 3309 1988 3367 de
2016 3308 2377 3383 appellatione

779 3396 1103 3471 loquuntur,
1133 3403 1189 3453 et
1214 3395 1355 3453 hanc
1382 3413 1487 3453 11011
1517 3396 1838 3471 simpliciter
1862 3407 2084 3473 negant.
2109 3402 2243 3457 Nam
2271 3401 2378 3457 Re-

778 3486 914 3547 bull'.
928 3502 1185 3558 expresse
1208 3488 1304 3558 ait,
1320 3491 1463 3545 tunc
1480 3504 1523 3545 a
1540 3488 1666 3563 leqe
1680 3507 1797 3547 non
1818 3490 2133 3565 appellari,
2142 3490 2378 3565 quando

783 3578 859 3637 ab
887 3594 953 3634 eo
982 3580 1067 3634 est
1094 3575 1362 3645 condita,
1403 3594 1447 3636 a
1470 3594 1583 3651 quo
1611 3578 1921 3656 appellare
1946 3597 2063 3639 ποπ
2091 3579 2248 3647 licet,
2281 3586 2378 3638 ut-

774 3672 915 3743 pote
952 3682 997 3725 a
1026 3669 1302 3743 principe
1341 3671 1701 3743 superiorem
1749 3686 1868 3727 non
1912 3674 2378 3744 recoqnosceute.

784 3758 939 3816 Unde
969 3760 1232 3831 11011111,οι
1261 3764 1415 3830 parte
1440 3757 1573 3832 legis
1594 3775 1701 3817 non
1729 3775 2037 3835 repugnare
2065 3760 2381 3833 appellatio·

782 3865 943 3923 nem3
988 3864 1115 3905 nam
1154 3851 1200 3905 si
1242 3849 1313 3905 sit
1350 3846 1494 3905 edita
1521 3849 1589 3905 ab
1616 3865 1703 3921 eo,
1734 3853 1828 3924 qui
1856 3851 2019 3908 babet
2042 3851 2380 3923 superiorem

783 3940 839 3997 in
866 3937 1060 3997 eodem
1089 3937 1300 4003 ordine,
1325 3937 1379 3995 id
1408 3940 1571 3995 estin
1600 3940 1988 4013 temporalibus
2015 3941 2098 3998 vel
2128 3942 2382 4014 spiritua-

786 4030 962 4100 libus,
1004 4038 1059 4087 et
1103 4028 1303 4087 subditi
1340 4031 1555 4102 gravari
1582 4047 1640 4087 se
1668 4031 1998 4107 intelligant,
2028 4038 2285 4103 poterunt
2315 4031 2382 4090 ad

786 4120 1125 4193 superiorem
1172 4134 1471 4192 provocare
1498 4163 1513 4191 ,
1556 4121 1627 4177 'ut
1672 4121 1738 4177 ab
1787 4128 1994 4179 statuto
2028 4121 2270 4194 episcopi
2313 4123 2382 4179 ad

788 4225 1069 4268 summum
1108 4209 1441 4281 Pontificem,
1484 4209 1549 4266 ab
1578 4210 1695 4282 ipso
1725 4217 1908 4269 autem
1938 4228 2197 4285 supremo
2225 4214 2375 4285 prin·

789 4300 910 4373 cipe
946 4315 1053 4355 non
1078 4298 1259 4356 estad
1286 4313 1447 4372 quem
1478 4300 1811 4372 appelletur,
1845 4302 2168 4374 supplicatio
2196 4310 2381 4363 autem

790 4389 861 4446 ad
886 4388 1140 4447 eumdem
1164 4403 1273 4445 non
1302 4396 1591 4462 repugnat.
1606 4390 1720 4447 lmo
1742 4388 1893 4448 addit
1917 4391 2133 4450 Rebufl'.
2158 4394 2209 4449 in
2241 4408 2375 4451 con·

792 4478 1005 4537 cordat.
1048 4478 1194 4552 quod
1237 4479 1365 4536 licet
1391 4495 1497 4536 non
1527 4480 1828 4553 appelletur
1853 4498 1885 4538 a
1910 4483 2266 4541 concessione
2292 4484 2382 4541 lit-

792 4578 1037 4631 terarum
1064 4571 1233 4643 regis,
1264 4568 1347 4627 vel
1376 4572 1573 4642 Papae,
1605 4570 1672 4628 ab
1700 4572 2021 4630 executione
2048 4574 2377 4649 appellatur,

794 4678 893 4718 seu
923 4660 1283 4732 supplicatur.
1314 4661 1401 4717 Sic
1438 4675 1572 4733 ergo
1607 4661 1676 4718 de
1707 4661 1821 4735 lege
1848 4660 2033 4720 dicere
2062 4677 2378 4735 possumus,

792 4751 943 4824 quod
981 4750 1103 4806 licet
1136 4749 1204 4805 ab
1231 4750 1347 4821 ipsa
1372 4750 1592 4823 proprie
1620 4766 1729 4808 non
1756 4751 2081 4825 appelletur,
2112 4768 2272 4825 posse
2301 4754 2383 4809 ni-

795 4842 1084 4923 hilominus
1113 4838 1405 4913 supplicari
1433 4839 1499 4897 ab
1526 4842 1645 4898 eius
1674 4842 2011 4915 executione,
2032 4841 2209 4900 donec
2238 4845 2382 4916 Papa

793 4931 1133 4987 informetur.

874 5020 1071 5079 Deinde
1098 5025 1184 5077 est
1208 5020 1311 5077 1100
1338 5030 1763 5079 consentaneum
1792 5038 1914 5096 cap.
1940 5020 2291 5096 Siquando,
2315 5022 2380 5080 de

796 5114 1052 5184 rescript.
1080 5112 1173 5169 ubi
1200 5113 1341 5183 Papa
1370 5112 1631 5185 declarat,
1656 5113 1865 5171 licitum
1903 5130 2025 5171 esse
2048 5130 2155 5171 11011
2181 5116 2379 5187 exequi

795 5203 1125 5275 rescriptum
1170 5204 1290 5259 eius
1315 5242 1330 5269 ,
1390 5201 1565 5259 donec
1614 5204 1725 5276 ipse
1776 5204 1985 5274 plenius
2034 5205 2378 5276 informetur,

798 5295 1016 5375 quando
1056 5310 1182 5354 vera
1220 5302 1277 5353 01
1314 5293 1649 5353 rationabilis
1680 5310 1851 5355 causa
1875 5293 2182 5355 intercedit.
2213 5296 2283 5353 Et
2312 5296 2381 5354 si-

2265 363 2466 434 unnn'
2492 384 2590 433 lv·

2449 509 2571 567 mile
2600 508 2828 568 habetur
2862 508 2913 566 in
2941 523 3065 580 cap.
3101 510 3257 568 Cum
3283 512 3608 578 teneamur,
3643 509 3710 568 de
3737 509 4038 583 praebend.

2443 604 2554 660 Nec
2581 602 2883 659 differentia
2905 616 3072 673 supra
3092 600 3214 657 data
3239 601 3516 667 satisfacit,
3541 602 3668 675 quia
3689 600 3879 660 eadem
3901 615 4001 672 pro
4019 632 4048 644 -

2443 692 2756 765 portionalis
2785 692 2923 749 ratio
2951 694 3133 763 potest
3159 692 3211 746 in
3238 690 3356 763 lege
3383 692 3728 749 intervenire.
3751 690 3910 759 Quod
3937 706 4038 763 pa-

2443 789 2522 840 tet
2555 782 2760 839 ratione
2808 779 3144 839 ostendendo
3172 780 3414 838 eamdem
3441 782 3781 839 sententiam.
3807 782 3940 851 Quia
3969 796 4042 837 00

2439 875 2584 947 ipso,
2599 870 2745 946 quod
2774 871 2860 930 lex
2890 870 3270 930 universaliter
3298 870 3492 943 fertur,
3508 871 3662 929 facile
3685 872 3798 929 lieri
3823 878 4042 945 potest,

2442 970 2504 1021 ut
2542 979 2648 1020 non
2691 968 2963 1036 congruat
3001 961 3275 1033 moribus,
3306 967 3403 1018 aut
3427 960 3866 1034 dispositionibus
3895 977 4040 1034 gen-

2441 1054 2577 1110 tium
2609 1054 2874 1125 omnium,
2899 1067 2997 1126 pro
3025 1050 3224 1125 quibus
3254 1051 3448 1125 fertur3
3465 1050 3614 1124 quod
3641 1054 3873 1109 maxime
3895 1067 4038 1109 con·

2441 1144 2653 1217 tingere
2685 1148 2866 1215 potest
2891 1144 2946 1198 in
2969 1140 3180 1215 legibus
3201 1142 3477 1199 canonicis
3497 1146 3552 1197 et
3572 1142 3875 1214 pontificiis,
3891 1156 4044 1213 quae

2443 1247 2543 1304 pro
2579 1235 2834 1289 universa
2856 1230 3104 1289 Ecclesia
3129 1230 3350 1303 dantur3
3374 1246 3498 1287 nam
3523 1230 3772 1289 Ecclesia
3798 1233 4048 1303 comple-

2442 1322 2612 1380 ctitur
2637 1323 2786 1381 varia
2812 1338 2982 1396 regna
3007 1328 3062 1378 et
3086 1321 3398 1393 provincias
3420 1322 3678 1379 habentes
3699 1322 3876 1379 varios
3897 1324 4044 1378 ritus

2441 1419 2499 1469 et
2529 1411 2720 1470 modos
2747 1412 2975 1469 vivendi.
3008 1410 3160 1470 Unde
3187 1410 3316 1468 licet
3342 1411 3462 1469 talis
3491 1412 3574 1469 lex
3601 1409 3927 1486 regulariter
3957 1412 4042 1468 10-

2441 1502 2660 1575 quendo
2707 1518 2809 1559 non
2853 1503 2923 1559 sit
2959 1500 3404 1571 disconveniens,
3449 1502 3532 1559 vel
3570 1502 3728 1559 nimis
3761 1502 3905 1560 dura
3933 1518 4040 1575 pro

2441 1595 2693 1650 universa
2731 1592 2996 1665 Ecclesia,
3013 1599 3070 1649 et
3093 1592 3212 1649 ideo
3234 1598 3485 1664 respectu
3508 1594 3679 1650 totius
3699 1607 3806 1649 non
3838 1592 4048 1649 habeat

2440 1684 2623 1743 locum
2671 1683 3027 1757 supplicatio,
3070 1682 3414 1741 nihilominus
3444 1685 3496 1740 in
3537 1699 3676 1751 uno,
3707 1665 4044 1740 1011111010-

2440 1792 2582 1849 gno,
2637 1782 2733 1832 aut
2780 1775 3057 1846 provincia
3097 1780 3430 1845 potestesse
3471 1774 3628 1830 nimis
3655 1772 3976 1829 dissentiens
4007 1788 4044 1828 a

2441 1864 2684 1923 moribus
2739 1866 2888 1935 eius,
2936 1871 2992 1922 et
3032 1869 3230 1921 contra
3269 1862 3686 1921 consuetudines
3713 1865 3862 1928 eius,
3894 1878 4043 1936 quas

2441 1972 2548 2013 non
2587 1954 2764 2014 solent
2789 1955 3078 2013 Pontifices
3101 1953 3236 2011 velle
3257 1962 3492 2027 mutare,
3513 1954 3618 2011 nisi
3637 1952 3693 2011 id
3711 1956 4040 2027 exprimant,

2443 2047 2537 2104 sed
2584 2048 2764 2120 potius
2804 2060 3164 2120 conservare,
3208 2046 3354 2102 iuxta
3395 2059 3519 2116 cap.
3558 2043 3914 2117 Certtficm.
3962 2042 4040 2099 de

2445 2135 2716 2212 sepultur.
2761 2137 2813 2193 in
2856 2136 2947 2193 tali
2988 2151 3121 2209 ergo
3158 2151 3293 2193 casu
3325 2136 3464 2192 ratio
3492 2133 3750 2207 postulat,
3783 2141 3848 2191 ut
3875 2134 4046 2191 liceat

2444 2230 2752 2301 supplicare
2789 2228 3098 2285 Pontificem
3115 2269 3130 2298 ,
3160 2229 3290 2301 quia
3317 2226 3542 2283 scientia
3567 2226 3682 2283 eius
3708 2224 4042 2282 universalis

2445 2336 2554 2377 non
2590 2325 2768 2392 potest
2807 2334 3020 2391 semper
3053 2317 3270 2376 extendi
3308 2317 3376 2374 ad
3403 2318 3536 2375 baec
3567 2315 3936 2389 particularia.
3967 2316 4047 2372 Et

2445 2410 2552 2467 hoc
2587 2411 2768 2481 ipsum
2812 2416 2902 2465 est
2929 2425 2960 2465 a
2986 2408 3338 2466 Pontificibus
3365 2406 3484 2463 iure
3511 2413 3776 2463 statutum
3805 2406 3860 2461 in
3886 2421 3940 2461 c.
3979 2409 4004 2461 1
4021 2446 4036 2459 .

2445 2500 2512 2558 de
2551 2501 2774 2556 constit.
2809 2500 2864 2555 in
2899 2502 2954 2570 6,
2983 2514 3050 2555 ex
3088 2514 3200 2571 quo
3227 2496 3441 2555 videtur
3466 2496 3676 2569 colligi,
3707 2495 3912 2569 absque
3937 2496 4046 2553 alia

2446 2589 2836 2662 supplicatione
2873 2604 2904 2644 a
2931 2588 3046 2660 lege
3075 2587 3370 2660 pontificia,
3399 2588 3572 2659 ipsam
3598 2600 3664 2641 ex
3691 2587 3744 2641 vi
3773 2584 3922 2641 illius
3949 2587 4038 2642 iu·

2443 2681 2520 2737 ris
2557 2680 2672 2751 ipso
2712 2678 2863 2736 facto
2901 2693 3008 2736 11011
3048 2677 3288 2751 obligare
3315 2678 3369 2733 in
3397 2677 3557 2733 simili
3582 2691 3740 2747 casu,
3771 2674 4041 2733 nihilomi-

2448 2786 2554 2826 nus
2585 2777 2762 2826 tamen
2791 2768 2904 2825 lieri
2931 2774 3131 2841 potest,
3161 2774 3225 2824 ut
3250 2782 3410 2824 casus
3437 2782 3542 2824 11011
3569 2768 3642 2823 eit
3665 2767 3738 2822 ita
3764 2766 3951 2823 clarus
3979 2774 4043 2823 et

2447 2865 2638 2916 certus
2655 2900 2671 2931 ,
2712 2861 2844 2933 quin
2884 2858 2953 2914 sit
2979 2858 3305 2915 conveniens
3331 2872 3471 2913 nova
3499 2855 3791 2914 declaratio
3816 2858 4039 2913 Pontifi-

2445 2950 2552 3021 01ος
2614 2964 2743 3023 ergo
2789 2950 2841 3004 in
2893 2947 2983 3006 tali
3019 2961 3154 3004 casu
3182 2947 3332 3005 licita
3350 2954 3436 3005 est
3461 2946 3816 3019 supplicatio,
3846 2952 3904 3004 et
3931 2946 4042 3005 iuri

2445 3046 2830 3098 consentanea.

2529 3138 2585 3190 5.
2617 3132 2858 3204 Denique
2895 3128 3238 3187 consuetudo
3266 3127 3482 3187 videtur
3507 3128 3636 3185 satis
3670 3125 3814 3184 hanc
3841 3143 4030 3184 asser-

2445 3226 2644 3283 tionem
2681 3220 3025 3291 confirmare,
3059 3220 3264 3275 scimus
3289 3220 3456 3289 enim,
3477 3220 3551 3274 ita
3579 3219 3779 3274 servari
3807 3217 3858 3274 in
3889 3218 4032 3275 mul·

2444 3316 2514 3372 tis
2551 3312 2842 3388 provinciis
2870 3310 3182 3381 Ecclesiae,
3212 3318 3269 3365 et
3306 3308 3658 3366 Pontificibus
3695 3324 3802 3365 11011
3842 3307 4032 3380 displi-

2445 3421 2602 3474 cere,
2633 3400 2851 3475 quando
2879 3415 3045 3459 causa
3075 3408 3158 3457 est
3196 3398 3528 3457 rationabilis
3553 3440 3568 3471 ,
3597 3404 3656 3455 et
3691 3414 3823 3455 cum
3853 3398 4036 3455 debita

2444 3495 2812 3553 moderatione
2841 3507 2906 3549 ac
2939 3489 3241 3547 obedientia
3263 3490 3323 3545 fit
3342 3490 3684 3562 supplicatio.
3709 3488 3778 3546 Et
3796 3489 4033 3546 fortasse

2445 3588 2499 3643 in
2536 3584 2744 3659 legibus
2774 3580 3024 3639 civilibus
3053 3596 3161 3637 non
3200 3586 3318 3637 tam
3346 3578 3616 3637 ordinarie
3643 3580 3700 3637 fit
3740 3577 3873 3635 haec
3903 3596 4033 3651 sup-

2447 3675 2699 3747 plicatio,
2729 3674 2859 3746 quia
2887 3687 2996 3727 non
3035 3676 3169 3727 sunt
3195 3675 3306 3727 tam
3331 3669 3642 3743 generales,
3671 3675 3728 3725 et
3755 3667 4029 3726 ordinarie

2449 3780 2557 3820 una
2577 3771 2636 3820 et
2659 3761 2848 3819 eadem
2869 3760 2952 3819 lex
2979 3775 3090 3816 non
3116 3759 3313 3826 fertur,
3343 3758 3446 3815 nisi
3472 3773 3572 3830 pro
3594 3772 3760 3831 regno
3791 3757 3874 3815 vel
3901 3774 4032 3831 pro-

2447 3854 2640 3912 vinciis
2667 3853 2719 3909 in
2748 3851 2993 3910 moribus
3020 3850 3271 3907 civilibus
3299 3849 3531 3906 multum
3562 3850 3844 3908 similibus.
3875 3849 4029 3907 Unde

2449 3945 2498 4001 in
2523 3945 2654 4017 ipsis
2675 3941 2888 4016 legibus
2909 3940 3198 4014 pontificiis
3217 3939 3557 4013 frequentius
3577 3939 3715 3996 iiunt
3742 3939 3878 3997 tales
3899 3954 4030 4012 sup·

2449 4033 2764 4107 plicationes
2810 4048 2841 4089 a
2876 4030 3173 4104 provinciis
3200 4028 3283 4086 vel
3311 4030 3526 4103 regnis,
3561 4045 3702 4103 quae
3734 4045 3767 4086 a
3803 4042 4029 4088 romana

2449 4123 2586 4182 Sede
2607 4124 2775 4196 magis
2800 4122 3026 4192 distant,
3052 4122 3181 4195 quia
3201 4119 3413 4178 facilius
3434 4127 3663 4193 possunt
3684 4134 3875 4178 earum
3904 4136 4028 4193 pro-

2448 4214 2596 4288 priae
2625 4210 3049 4271 consuetudines
3075 4212 3335 4285 ignorari.
3367 4212 3606 4283 Denique
3634 4210 3686 4268 111
3715 4209 4028 4267 huiusmodi

2450 4319 2588 4361 casu
2612 4318 2712 4374 pro
2741 4307 3005 4373 tempore,
3021 4315 3121 4373 pro
3141 4314 3252 4373 quo
3277 4301 3440 4357 durat
3459 4297 3806 4372 supplicatio,
3829 4314 4029 4357 caven-

2447 4391 2580 4450 dum
2605 4400 2693 4450 est
2729 4407 2888 4449 0111110
2915 4388 3222 4464 periculum
3259 4391 3492 4461 peccati.
3527 4388 3678 4449 Unde
3705 4389 3750 4445 si
3787 4391 3902 4447 fieri
3929 4406 4028 4463 po-

2451 4490 2580 4555 test,
2602 4490 2667 4541 ut
2693 4481 2906 4555 11101110
2935 4487 3180 4554 1011111010
3208 4479 3334 4536 nibil
3359 4482 3449 4537 tiat
3475 4485 3662 4537 contra
3689 4480 3862 4555 legem
3891 4483 4032 4539 Pon·

2447 4574 2624 4648 tificis,
2649 4572 2956 4631 curandum
2977 4571 3196 4629 omnino
3222 4569 3458 4641 est,licet
3481 4572 3603 4628 eius
3624 4572 3878 4647 executio
3905 4589 4028 4628 sus-

2447 4665 2746 4739 pendatur,
2795 4663 2924 4738 quia
2951 4662 3025 4720 ita
3049 4663 3223 4735 magis
3251 4668 3478 4719 cavetur
3505 4676 3662 4719 omne
3691 4662 4024 4736 periculum,

2445 4762 2592 4813 0100
2619 4754 2782 4813 modo
2811 4759 3033 4826 paretur
3059 4752 3194 4825 legi,
3226 4768 3337 4825 quo
3367 4750 3654 4809 commode
3681 4752 3794 4808 fieri
3823 4757 4020 4825 potest.

2450 4845 2505 4903 Si
2537 4849 2717 4901 autem
2746 4860 2855 4901 non
2884 4849 3067 4915 potest
3093 4842 3197 4900 1100
3239 4840 3400 4898 1110110
3427 4842 3708 4915 suspensio
3750 4846 4030 4900 executio·

2449 4936 2534 4993 nis
2561 4934 2673 4991 11011
2701 4934 2812 4991 sine
2855 4947 3048 5005 magna
3074 4946 3259 4989 rerum
3301 4932 3626 5004 mutatione,
3661 4930 3743 4989 vel
3783 4932 4027 5005 periculo

2449 5023 2683 5082 alicuius
2725 5022 2985 5093 scandali,
3030 5032 3164 5079 tunc
3203 5038 3270 5079 ex
3309 5020 3540 5095 benigna
3578 5023 4025 5095 interpretatione

2451 5114 2748 5173 voluntatis
2779 5113 3051 5171 pontificis
3093 5111 3178 5170 lex
3203 5119 3463 5169 censetur
3481 5126 3580 5184 pro
3607 5120 3737 5170 tunc
3761 5128 3867 5171 non
3895 5114 4032 5171 obli-

2450 5220 2582 5282 gare
2608 5244 2623 5273 ,
2663 5210 2720 5261 et
2759 5202 2850 5261 tali
2889 5201 3252 5260 declaratione
3293 5200 3589 5275 prudenter
3624 5200 3802 5278 facta,
3844 5212 4032 5266 cessat

2453 5297 2616 5356 etiarn
2645 5309 2803 5355 omne
2835 5292 3145 5368 periculum
3174 5294 3411 5365 peccati.
