4325 6267
794 264 922 332 194

715 410 917 466 tionem
947 408 1240 465 inveniant.
1271 408 1403 464 Item
1431 405 1664 466 Authen.
1703 405 2013 484 Quomodo
2041 410 2307 480 oporteat

721 502 1038 574 episcopos,
1074 505 1182 554 etc.
1217 497 1266 554 in
1297 497 1472 570 princ.
1507 498 1595 554 ubi
1619 498 1944 555 Iustinianus
1966 499 2066 555 ait:
2097 499 2309 554 Maxi-

715 605 883 646 mam
907 587 1190 646 habemas
1220 585 1677 644 sollicitudinem
1697 591 1866 646 eirca
1892 590 2015 645 veri
2035 589 2148 644 Dei
2169 585 2308 660 doq-

713 684 919 746 mata,
963 682 1018 736 et
1053 680 1218 736 circa
1242 678 1625 736 sacerdotum
1649 679 2034 746 honestatem,
2068 684 2182 735 etc.
2215 677 2309 735 Vi·

664 834 674 843 ,
713 767 876 827 detur
916 784 1050 843 ergo
1091 768 1180 827 bic
1222 775 1418 826 auctor
1458 774 1754 843 utrumque
1782 775 1988 827 statum
2017 768 2304 840 potestatis

712 861 811 916 s'eu
853 858 984 932 legis
1023 857 1197 916 civilis
1243 857 1528 932 amplecti,
1575 861 1678 916 ho‘c
1727 859 1957 918 fortasse
2006 859 2300 930 discursu,

713 950 861 1024 quod
903 950 989 1008 lex
1028 950 1203 1007 civilis
1242 949 1470 1007 intendit
1510 950 1752 1008 homines
1792 951 1845 1007 in
1889 965 2074 1008 veram
2113 965 2306 1008 eorum

710 1040 1102 1099 beatitudinem
1141 1039 1466 1114 perducere.
1511 1041 1664 1100 Unde
1702 1040 1924 1114 quaudo
1953 1047 2193 1114 potestas
2221 1041 2307 1099 illa

713 1137 800 1188 est
840 1130 953 1188 sola
994 1137 1051 1188 et
1091 1137 1340 1204 separata
1367 1147 1400 1187 a
1426 1130 1632 1188 lumine
1661 1131 1802 1203 fidei,
1833 1131 2014 1206 dirigit
2039 1134 2096 1188 in
2125 1145 2305 1188 veram

713 1219 1024 1278 felicitatem
1053 1220 1378 1292 naturalem,
1402 1220 1467 1277 de
1497 1237 1606 1294 qua
1635 1221 1937 1294 philosophi
1957 1220 2130 1278 locuti
2151 1228 2301 1291 sunt3

711 1309 932 1382 quando
974 1317 1158 1368 autem
1198 1311 1548 1382 coniungitur
1579 1310 1699 1368 fidei
1727 1311 2088 1368 manifestanti
2118 1326 2305 1368 veram

711 1398 944 1456 hominis
985 1397 1302 1457 felicitatem
1342 1398 1548 1457 altioris
1589 1400 1822 1472 ordinis,
1856 1406 1988 1458 tuuc
2017 1391 2180 1458 etiam
2208 1416 2305 1474 per

711 1488 870 1545 fidem
907 1489 1184 1561 elevatur,
1214 1496 1272 1546 et
1297 1490 1605 1548 extenditur
1631 1490 1701 1548 ad
1726 1489 1978 1548 ferendas
2007 1491 2153 1564 leges
2178 1534 2191 1562 ,
2224 1493 2304 1547 in·

711 1577 983 1636 tendendo
1008 1579 1255 1638 eamdem
1281 1596 1469 1638 veram
1499 1587 1553 1639 et
1582 1581 2053 1654 supernaturalem
2074 1581 2300 1640 felicita-

709 1675 842 1726 tem.
879 1672 1055 1743 Atque
1077 1670 1180 1729 hoc
1203 1669 1366 1729 modo
1388 1688 1534 1729 nunc
1557 1672 1698 1729 intra
1721 1673 2024 1730 Ecclesiam
2047 1672 2303 1731 eumdem

709 1774 830 1816 esse
870 1761 1028 1818 finem
1067 1759 1202 1835 legis
1241 1760 1414 1818 civilis
1454 1767 1510 1818 et
1543 1764 1817 1822 canonici.
1851 1763 1926 1820 Et
1955 1761 2022 1819 ad
2051 1761 2158 1820 boc
2190 1769 2305 1820 tan-

712 1849 836 1908 dem
872 1851 1086 1909 inducit
1124 1851 1311 1909 divum
1352 1853 1646 1925 Thomam,
1689 1855 1812 1926 quia
1847 1853 1900 1910 in
1935 1858 1985 1912 1.
2017 1859 2047 1912 2
2069 1895 2084 1923 ,
2115 1869 2173 1928 q.
2209 1859 2302 1927 90,

711 1947 820 1998 art.
852 1947 910 2016 2,
939 1948 991 2000 et
1020 1958 1077 2016 q.
1111 1947 1205 2012 95,
1237 1949 1340 2000 art.
1373 1948 1423 2003 1.
1458 1944 1824 2002 indifferenter
1845 1943 2074 2018 loquens
2093 1944 2163 2004 de
2186 1945 2304 2020 lege

709 2028 969 2104 bumana,
999 2031 1153 2107 dicit,
1184 2034 1342 2090 finem
1369 2035 1488 2091 eius
1515 2050 1637 2092 esse
1665 2034 1995 2092 felicitatem.

791 2127 844 2182 3.
875 2122 1228 2181 Nihilominus
1271 2123 1404 2182 haec
1447 2126 1626 2198 opinio
1669 2127 1914 2184 Fortunii
1956 2143 2096 2184 nova
2131 2133 2303 2184 estet

718 2213 1040 2286 singularis,
1079 2221 1306 2287 ortaque
1343 2221 1429 2272 est
1464 2231 1532 2272 ex
1568 2215 1804 2288 quadam
1830 2215 2128 2274 verborum
2165 2232 2298 2274 con-

715 2303 840 2360 fusa
881 2312 938 2360 et
971 2303 1281 2360 indistincta
1317 2305 1735 2378 significatione,
1769 2322 1868 2362 seu
1899 2307 2301 2380 aequivocatio-

711 2408 804 2464 ne,
827 2409 937 2467 qua
959 2393 1197 2467 sublata,
1221 2393 1375 2450 facile
1404 2397 1481 2452 rei
1505 2395 1703 2451 veritas
1725 2395 2062 2470 intelligitur.
2089 2396 2299 2469 Duplex

715 2498 848 2557 ergo
890 2482 1115 2549 felicitas
1155 2483 1387 2541 bominis
1414 2484 1796 2559 distinguenda
1821 2494 1935 2545 est:
1971 2503 2080 2544 una
2107 2494 2193 2545 est
2220 2489 2300 2544 vi-

710 2579 804 2630 tae
835 2574 1157 2645 praesentis,
1189 2575 1356 2630 altera
1382 2573 1623 2647 futurae,
1655 2581 1712 2632 et
1737 2584 1974 2651 utraque
2001 2578 2054 2634 in
2077 2583 2301 2634 natura-

709 2661 819 2719 lem
847 2667 902 2718 et
927 2663 1398 2734 supernaturalem
1423 2663 1684 2739 distingui
1708 2667 1868 2724 debet
1888 2667 2195 2729 secundum
2217 2684 2303 2725 re-

712 2758 930 2824 ceptam
975 2752 1334 2827 theologicam
1362 2753 1688 2828 doctrinam,
1721 2772 1886 2830 quam
1917 2773 2066 2814 nunc
2097 2773 2305 2830 suppo-

715 2841 918 2899 nimus.
949 2842 1078 2900 Dico
1105 2858 1235 2917 ergo
1264 2845 1466 2915 primo:
1499 2853 1740 2917 potestas
1763 2845 1936 2904 civilis
1957 2854 2012 2906 et
2033 2848 2118 2905 ius
2142 2847 2302 2906 civile

713 2945 816 3003 per
843 2947 901 2988 se
930 2948 1037 2989 non
1066 2934 1368 3004 respiciunt
1395 2940 1671 2993 aeternam
1699 2935 2006 2994 felicitatem
2035 2953 2304 3010 superna-

716 3022 952 3080 turalem
990 3023 1130 3080 vitae
1165 3023 1383 3080 futurae
1421 3031 1681 3098 tanquam
1722 3027 1880 3084 finem
1911 3029 2193 3100 proprium
2220 3028 2304 3084 vel

715 3113 1025 3186 proximum
1062 3114 1145 3171 vel
1183 3114 1456 3172 ultimum.
1490 3115 1794 3188 Probatur,
1827 3119 1957 3192 quia
1984 3117 2103 3175 talis
2147 3125 2303 3191 pote-

717 3210 830 3262 stas
867 3210 951 3262 est
975 3220 1124 3262 mere
1150 3205 1444 3278 naturalis3
1476 3222 1610 3281 ergo
1638 3213 1838 3266 natura
1867 3223 1968 3266 sua
1993 3225 2101 3266 non
2131 3207 2305 3266 tendit

713 3295 770 3352 in
819 3295 979 3353 finem
1018 3297 1510 3368 supernaturalem.
1556 3300 1743 3356 Dices:
1786 3299 1902 3371 ipsa
1937 3283 2169 3356 hominis
2208 3315 2303 3356 na-

714 3391 842 3441 tura
872 3386 1156 3443 ordinatur
1177 3385 1244 3442 ad
1264 3387 1735 3458 supernaturalem
1765 3389 2113 3459 felicitatem,
2145 3395 2208 3447 ut
2232 3389 2301 3446 ad

717 3477 879 3533 finem
915 3476 1202 3547 ultimum,
1241 3491 1372 3549 ergo
1411 3477 1573 3533 etiam
1603 3478 1874 3548 potentiae
1917 3494 2107 3536 omnes
2143 3486 2305 3536 natu-

718 3565 862 3624 rales
905 3565 1068 3622 huius
1109 3571 1338 3623 naturae
1385 3566 1706 3626 ordinantur
1744 3567 1814 3626 ad
1839 3570 2092 3627 eumdem
2121 3570 2300 3641 finem,

717 3671 850 3728 ergo
889 3657 1055 3714 etiam
1095 3662 1335 3728 potestas
1375 3655 1562 3712 civilis.
1609 3657 1932 3731 Respondeo
1955 3701 1972 3730 ,
2011 3657 2304 3732 dupliciter

717 3760 876 3818 posse
921 3745 1126 3819 aliquid
1163 3744 1399 3803 ordinari
1427 3745 1480 3801 in
1511 3745 1662 3804 illum
1691 3747 1848 3806 finem
1880 3750 2160 3806 ultimum:
2196 3765 2305 3807 uno

718 3834 882 3894 modo
923 3852 1021 3909 per
1055 3837 1403 3893 intrinsecam
1445 3836 1846 3908 habitudinem;
1889 3837 1994 3896 alio
2023 3840 2182 3896 modo
2212 3854 2307 3911 per

715 3927 890 3984 solam
924 3927 1236 3984 relationem
1276 3928 1359 3984 vel
1385 3928 1671 3999 imperium
1703 3933 2095 3988 extrinsecum.
2133 3931 2305 3989 Priori

720 4017 883 4074 modo
926 4017 1212 4074 ordinatur
1253 4016 1384 4074 fides
1425 4018 1606 4074 infusa
1643 4035 1696 4074 v.
1727 4034 1783 4092 g.
1816 4019 1884 4076 ad
1914 4031 2305 4093 supernatura·

717 4106 826 4164 lem
850 4107 1275 4179 beatitudinem,
1306 4107 1594 4179 posteriori
1625 4109 1790 4166 modo
1820 4111 1950 4168 tides
1973 4113 2053 4168 vel
2076 4114 2180 4171 alia
2200 4113 2307 4170 vir-

717 4203 810 4254 tus
843 4197 1130 4270 acquisita.
1161 4198 1298 4254 Dico
1325 4213 1477 4271 ergo,
1509 4205 1830 4270 potestatem
1851 4202 2074 4259 civilem
2100 4218 2196 4275 per
2222 4219 2306 4260 re·

715 4286 970 4344 lationem
1008 4287 1398 4357 extrinsecam,
1428 4287 1515 4344 vel
1541 4290 1656 4362 Dei,
1685 4291 1767 4347 vel
1797 4289 2032 4350 bominis
2061 4292 2306 4352 habentis

716 4377 864 4435 illam
883 4419 899 4449 ,
931 4369 1092 4450 posse
1124 4375 1360 4434 ordinari
1386 4377 1458 4435 ad
1495 4380 1964 4451 supernaturalem
1992 4382 2305 4441 felicitatem

717 4477 782 4526 ut
821 4468 891 4525 ad
931 4470 1089 4524 tinem
1129 4467 1400 4524 ultimum.
1446 4469 1515 4524 Et
1553 4469 1659 4527 hoc
1701 4469 1768 4528 ad
1805 4488 2084 4531 summum
2113 4475 2309 4547 probat

715 4559 854 4616 ratio
885 4557 1058 4630 facta,
1093 4573 1217 4614 nam
1244 4574 1310 4614 ex
1333 4565 1486 4629 parte
1507 4559 1599 4614 Dei
1623 4575 1811 4618 verum
1833 4569 1937 4634 est,
1962 4564 2141 4621 omnia
2166 4565 2309 4622 bona

718 4649 845 4706 data
881 4646 1221 4721 hominibus,
1250 4648 1410 4705 etiam
1449 4649 1748 4721 naturalia,
1779 4651 1905 4709 data
1933 4669 2055 4712 esse
2081 4662 2306 4729 propter

719 4738 1032 4795 felicitatem
1083 4741 1550 4810 supernaturalem
1599 4740 2047 4818 adipiscendam,
2097 4754 2153 4803 et
2200 4747 2305 4806 hoc

721 4829 887 4888 modo
929 4831 1092 4886 etiam
1122 4830 1255 4886 haec
1285 4836 1524 4901 potestas
1552 4829 1678 4890 data
1705 4840 1790 4891 est
1818 4843 2038 4908 propter
2065 4836 2217 4896 illum
2248 4839 2308 4894 ii·

722 4935 868 4976 nem.
901 4919 980 4975 Ex
1012 4925 1164 4992 parte
1195 4935 1325 4976 vero
1355 4919 1586 4977 bominis
1616 4937 1724 4979 non
1757 4932 1937 4995 potest
1962 4929 2078 4999 ipse
2105 4928 2309 4988 referre

720 5016 882 5072 actus
925 5008 1087 5066 buius
1117 5012 1398 5082 potestatis
1427 5012 1482 5067 in
1511 5010 1663 5069 illum
1693 5013 1852 5073 tinem
1882 5031 1977 5087 per
2007 5017 2185 5076 solum
2214 5037 2309 5077 na.

723 5099 904 5157 turale
945 5098 1158 5171 lumen,
1203 5099 1296 5156 sed
1335 5107 1582 5173 oportet,
1615 5107 1678 5159 ut
1705 5108 2188 5176 supernaturaliter
2216 5124 2309 5165 co-

723 5195 955 5263 gnoscat
979 5189 1133 5248 illum
1159 5190 1340 5264 finem,
1369 5189 1606 5266 ideoque
1630 5194 1826 5253 stando
1851 5197 1906 5254 in
1930 5214 2068 5271 pura
2089 5207 2304 5268 natura,

2167 279 2369 330 LIBER
2396 280 2500 330 111.

3524 338 3537 376 ε

2376 421 2483 462 non
2526 413 2712 480 posset
2753 406 2838 464 lex
2878 405 3047 464 civilis
3088 408 3249 464 etiam
3291 405 3395 464 hoc
3437 407 3601 465 modo
3628 407 3867 466 ordinari
3894 409 3965 467 ad

2376 497 2536 553 tinem
2566 496 3057 568 supernaturalem.

2453 590 2507 645 4.
2540 585 2740 644 Deinde
2780 587 2957 660 addo,
3000 587 3175 662 legem
3215 587 3467 666 civilem,
3499 596 3667 661 prout
3691 596 3778 647 est
3804 597 3966 648 actus

2378 675 2543 735 huius
2572 679 2857 752 potestatis
2877 718 2893 750 ,
2922 694 2987 736 ex
3017 693 3076 736 se
3102 695 3211 736 non
3242 678 3463 738 tendere
3491 681 3543 736 in
3571 689 3965 753 supernatura·

2375 764 2483 824 lem
2522 767 2709 842 finem,
2752 775 2809 826 et
2849 768 2995 826 bunc
3024 784 3145 826 esse
3174 785 3397 827 sensum
3426 771 3477 826 in
3506 772 3781 842 praesenti
3810 787 3969 844 prae-

2376 858 2539 930 cipue
2567 858 2858 916 intentum.
2889 858 3165 916 Declarari
3195 866 3377 918 autem
3406 867 3586 932 potest
3603 860 3843 918 notando
3865 861 3965 918 dif-

2374 940 2657 1006 ferentiam
2702 949 2838 1007 inter
2878 949 3127 1022 babitus,
3162 966 3259 1008 seu
3288 950 3575 1008 facultates
3600 951 3877 1009 naturales
3903 959 3962 1010 et

2381 1040 2846 1113 supernaturales,
2870 1038 3017 1114 quod
3042 1040 3509 1114 supernaturales,
3537 1046 3599 1098 ut
3618 1042 3846 1098 virtutes
3868 1057 3964 1114 per

2376 1143 2433 1185 se
2467 1130 2711 1202 infusae,
2744 1131 2817 1188 ita
2844 1129 3166 1188 ordinantur
3193 1147 3289 1204 per
3318 1147 3375 1189 se
3406 1133 3454 1188 in
3488 1132 3955 1207 supernaturales,

2374 1225 2430 1278 et
2456 1223 2608 1278 circa
2630 1220 2903 1278 obiectum
2925 1219 3112 1295 aliquo
3136 1221 3297 1279 modo
3322 1223 3738 1294 supernaturale
3760 1238 3956 1280 secun·

2375 1309 2509 1367 dum
2527 1327 2586 1368 se
2601 1303 3073 1383 proportionatum
3086 1312 3491 1384 supernaturali
3509 1312 3773 1370 felicitati.
3792 1312 3965 1370 Idem·

2374 1415 2482 1474 que
2518 1408 2607 1458 est
2642 1417 2744 1458 suo
2788 1398 2948 1459 modo
2974 1402 3025 1460 in
3056 1403 3414 1474 potestatibus
3444 1402 3740 1460 moralibus
3770 1419 3961 1476 super-

2375 1489 2733 1548 naturalibus.
2764 1493 2901 1548 Nam
2930 1491 3035 1549 hoc
3066 1493 3227 1551 modo
3257 1492 3546 1550 character
3577 1510 3628 1549 v.
3656 1509 3713 1568 g.
3746 1493 3959 1552 ordina-

2376 1587 2468 1638 tur
2494 1580 2562 1638 ad
2602 1581 3077 1654 supernaturalem
3120 1583 3310 1655 tinem,
3352 1589 3409 1640 et
3446 1581 3693 1640 similiter
3720 1589 3962 1656 potestas

2374 1670 2779 1729 ecclesiasticae
2807 1673 3203 1730 iurisdictionis
3233 1672 3404 1732 tendit
3429 1676 3482 1731 in
3511 1673 3767 1731 eumdem
3794 1673 3955 1732 finem

2374 1763 2528 1835 quasi
2552 1764 2895 1820 connaturali
2920 1763 3101 1836 modo,
3126 1771 3183 1822 et
3204 1763 3480 1838 operando
3500 1779 3567 1822 ex
3588 1781 3647 1822 se
3668 1767 3822 1822 circa
3844 1781 3955 1822 ma-

2373 1855 2565 1911 teriam
2606 1855 3111 1926 supernaturalem,
3154 1863 3211 1912 et
3250 1871 3348 1928 per
3376 1871 3434 1912 se
3461 1855 3687 1912 relatam
3714 1855 3781 1913 ad
3807 1856 3964 1914 illum

2375 1945 2557 2002 finem.
2592 1951 2663 2004 At
2690 1962 2820 2004 vero
2851 1948 3085 2004 virtutes
3113 1946 3415 2018 acquisitae
3443 1944 3511 2002 de
3536 1961 3595 2003 se
3618 1961 3725 2002 non
3750 1947 3825 2004 ita
3844 1952 3956 2003 ten-

2364 2035 2542 2108 dunt,
2583 2053 2685 2094 nec
2714 2039 2929 2109 operari
2958 2044 3190 2109 possunt
3218 2039 3368 2094 circa
3395 2036 3866 2109 supernaturalem
3892 2039 3954 2094 fi-

2373 2141 2520 2198 nem,
2552 2125 2650 2183 sed
2682 2127 2862 2184 solum
2892 2142 2989 2199 per
3016 2127 3381 2184 extrinsecum
3408 2127 3694 2200 imperium
3721 2137 3957 2201 possunt

2375 2217 2424 2272 in
2470 2215 2623 2272 illum
2650 2216 2861 2274 referri.
2895 2219 2974 2274 lta
3000 2232 3131 2290 ergo
3156 2233 3214 2274 se
3244 2206 3406 2274 babet
3434 2223 3673 2289 potestas
3704 2218 3877 2274 civilis
3906 2219 3959 2275 in

2373 2306 2562 2365 ordine
2602 2305 2669 2364 ad
2712 2307 3180 2380 supernaturalem
3220 2307 3563 2380 felicitatem3
3602 2323 3727 2364 nam
3766 2323 3863 2380 per
3890 2324 3949 2365 se

2375 2412 2484 2454 non
2516 2396 2685 2453 tendit
2710 2398 2764 2454 in
2790 2398 2945 2455 illum
2974 2400 3131 2456 tinem
3159 2398 3411 2455 ultimum
3438 2413 3505 2455 ex
3527 2399 3577 2455 vi
3598 2399 3847 2471 propriae
3867 2415 3965 2457 na-

2372 2493 2559 2554 turae,
2614 2486 2699 2546 vel
2745 2489 3091 2560 propriarum
3138 2488 3447 2561 actionum,
3498 2503 3592 2560 per
3634 2503 3773 2562 quas
3814 2488 3963 2545 nullo

2371 2577 2533 2636 modo
2570 2586 2826 2635 versatur
2866 2579 3018 2636 circa
3061 2578 3223 2636 talem
3263 2579 3454 2650 tinem,
3482 2593 3585 2636 nec
3613 2581 3766 2636 circa
3792 2583 3961 2638 mate-

2372 2669 2531 2742 riam,
2562 2668 2649 2726 vel
2669 2668 2879 2726 obiecta
2901 2669 3325 2743 supernaturalis
3348 2671 3573 2728 ordinis.
3598 2671 3666 2728 Et
3679 2671 3781 2728 hoc
3798 2672 3963 2730 modo

2380 2759 2648 2832 dicimus,
2687 2765 3009 2832 potestatem
3048 2761 3262 2819 civilem
3283 2801 3298 2832 ,
3332 2760 3417 2818 vel
3446 2760 3592 2835 leges
3620 2761 3688 2818 ab
3716 2761 3808 2819 illa
3834 2779 3961 2835 pro·

2372 2847 2628 2924 cedentes
2668 2864 2773 2906 non
2810 2852 3081 2922 respicere
3126 2850 3434 2909 felicitatem
3484 2852 3964 2923 supernaturalem

2375 2946 2438 2996 ut
2463 2939 2622 2996 linem
2658 2939 2943 2997 ultimum:
2977 2947 3033 2998 et
3057 2940 3107 2998 in
3137 2939 3243 2998 boc
3272 2943 3505 2998 maxime
3532 2940 3791 3016 distingui
3814 2959 3846 3000 a
3868 2959 3965 3015 po·-

2378 3037 2570 3089 testate
2606 3031 3007 3105 ecclesiastica,
3048 3038 3108 3089 ut
3136 3033 3190 3088 in
3218 3033 3465 3105 sequenti
3496 3030 3634 3089 libro
3662 3047 3786 3104 cap.
3819 3034 3859 3089 1.
3902 3039 3959 3090 et

2371 3120 2514 3178 Vlll.
2548 3121 2711 3178 latius
2749 3121 3071 3179 videbimus.
3112 3122 3182 3178 Et
3216 3121 3339 3179 ideo
3376 3120 3508 3179 dixit
3533 3121 3794 3180 Nicolaus
3822 3138 3961 3195 papa

2370 3213 2427 3268 in
2454 3227 2579 3284 cap.
2620 3215 2941 3288 Quoniam,
2975 3211 3104 3269 dist.
3142 3216 3231 3282 10,
3259 3218 3317 3268 et
3340 3213 3394 3269 in
3422 3226 3543 3282 cap.
3586 3213 3742 3269 Cam
3763 3210 3957 3269 adve-

2370 3317 2526 3369 rtam,
2560 3305 2656 3360 96.
2681 3301 2809 3358 dist.
2840 3303 3197 3375 imperatores
3220 3301 3456 3375 indigere
3484 3301 3832 3358 Pontificibus
3862 3318 3963 3375 pro

2374 3399 2591 3450 aeterna
2617 3393 2746 3465 vita,
2775 3399 2833 3450 et
2860 3408 2967 3449 non
2994 3383 3221 3465 debere,
3250 3408 3353 3450 nec
3382 3407 3541 3465 posse
3569 3391 3761 3448 divinis
3787 3391 3955 3450 rebus

2373 3497 2655 3555 praeesse,
2700 3497 2829 3540 cum
2869 3481 2977 3541 sint
3014 3482 3239 3556 negotiis
3276 3482 3648 3540 saecularibus
3678 3481 3956 3555 implicati.

2348 3574 2443 3631 -Et
2482 3573 2774 3646 imperator
2813 3575 2931 3646 ipse
2972 3573 3024 3628 in
3065 3573 3323 3630 Authent.
3364 3570 3664 3647 Quomodo
3696 3577 3966 3646 oporteat

2372 3667 2698 3739 episcopos,
2742 3669 2855 3722 etc.
2882 3667 2948 3720 in
2980 3666 3275 3739 principio
3304 3662 3471 3734 dixit,
3506 3661 3879 3720 sacerdotium
3903 3669 3963 3721 et

2374 3754 2660 3826 imperium
2689 3769 2810 3811 esse
2840 3754 3073 3811 maxima
3098 3752 3241 3811 dona
3263 3769 3292 3809 a
3319 3755 3429 3810 Deo
3455 3752 3604 3827 data,
3625 3751 3783 3809 illud
3808 3751 3959 3810 divi-

2375 3847 2473 3900 nis
2502 3845 2885 3914 ministrans,
2919 3843 3031 3902 hoc
3056 3849 3259 3902 autem
3282 3844 3567 3902 humani-s
3588 3841 3957 3920 praesidens.

2373 3935 2444 3992 Et
2472 3933 2571 3991 alia
2602 3933 2795 3991 similia
2820 3936 2873 3990 in
2902 3934 3069 3990 citato
3097 3933 3219 3991 loco
3248 3935 3555 3992 afferemus.

2454 4029 2503 4082 5.
2540 4023 2691 4082 Unde
2720 4025 2847 4081 dico
2868 4023 3138 4094 secundo,
3160 4030 3485 4096 potestatem
3508 4023 3716 4082 civilem
3738 4040 3847 4082 non
3867 4039 3955 4080 so-

2374 4115 2489 4172 lum
2529 4131 2637 4172 non
2678 4115 2952 4187 respicere
2995 4114 3305 4172 felicitatem
3335 4122 3611 4173 aeternam
3640 4117 3782 4173 vitae
3808 4116 3959 4172 futu-

2373 4221 2466 4264 rae
2509 4212 2571 4263 ut
2608 4206 2766 4262 linem
2806 4205 3058 4262 ultimum
3090 4205 3405 4277 proprium,
3436 4221 3629 4263 verum
3658 4207 3821 4263 etiam
3850 4221 3953 4264 nec

2374 4311 2471 4368 per
2518 4311 2576 4353 se
2622 4294 2901 4353 intendere
2947 4297 3224 4368 propriam
3270 4294 3609 4367 spiritualem
3644 4294 3957 4353 felicitatem

2374 4385 2656 4443 bominum
2697 4386 2751 4442 in
2790 4384 2893 4443 hac
2934 4387 3075 4456 vita,
3114 4391 3171 4442 et
3206 4382 3604 4460 consequenter
3642 4400 3744 4442 nec
3771 4400 3869 4457 per
3895 4401 3954 4442 se

2375 4493 2537 4550 posse
2571 4479 2626 4534 in
2661 4478 2885 4534 materia
2924 4477 3189 4548 spirituali
3216 4477 3523 4549 disponere,
3553 4481 3658 4532 aut·
3677 4475 3821 4550 leges
3851 4474 3958 4546 fer-

2376 4584 2457 4626 re.
2500 4569 2617 4626 Hoc
2658 4567 2933 4642 colligitur
2971 4581 3041 4624 ex
3080 4566 3292 4624 iuribus
3332 4566 3530 4623 citatis.
3576 4565 3714 4622 Item
3754 4579 3823 4621 ex
3855 4562 3959 4620 illis

2376 4659 2660 4730 omnibuS,
2692 4658 2743 4715 in
2772 4657 2973 4732 quibus
3000 4656 3149 4731 leges
3187 4656 3373 4713 civiles
3411 4670 3507 4727 per
3544 4655 3839 4712 canonicas
3866 4653 3959 4710 ali-

2374 4755 2649 4823 quatenus
2684 4749 3073 4822 corriguntur,
3106 4747 3187 4804 vel
3224 4745 3549 4820 supplentur
3584 4745 3637 4800 in
3676 4745 3865 4802 ordine
3892 4743 3963 4802 ad

2376 4837 2599 4896 vitanda
2638 4845 2895 4911 peccata,
2938 4839 3067 4912 quia
3110 4836 3195 4894 lex
3234 4837 3405 4894 civilis
3444 4833 3761 4892 considerat
3785 4833 3955 4892 hone-

2378 4937 2515 4988 stam
2560 4929 2841 4988 utilitatem
2884 4928 3235 5002 temporalem
3278 4927 3354 4984 rei
3392 4925 3641 5000 publicae
3667 4923 3963 4982 humanae:
4019 4924 4025 4928 ’

2376 5019 2463 5077 lex
2492 5027 2674 5078 autem
2706 5021 2969 5078 canonica
3004 5017 3355 5092 principalius
3390 5015 3617 5073 attendit
3652 5013 3813 5072 saluti
3840 5016 3955 5072 ani·

2378 5127 2519 5184 mae,
2548 5118 2607 5170 et
2634 5119 2695 5169 ut
2725 5116 2955 5184 peccata
2981 5111 3246 5184 vitentur,
3277 5115 3341 5166 ut
3365 5107 3500 5165 dixit
3524 5106 3719 5163 Glossa
3744 5105 3799 5163 in
3827 5121 3955 5178 cap.
4030 5173 4041 5180 ι

2382 5204 2535 5261 Cum
2562 5204 2883 5275 contingat.
2911 5201 2977 5260 de
3000 5201 3232 5258 iureiur.
3262 5197 3429 5257 verbo
3452 5195 3681 5265 debent,
3711 5201 3768 5254 et
3794 5197 3968 5256 sumi·
