4325 6267
783 355 899 419 148

779 501 835 553 2.
871 498 929 553 10
962 495 1067 553 1100
1096 497 1275 568 itaque
1306 496 1424 551 iure
1452 496 1695 567 gentium
1725 492 2081 566 explicando,
2112 492 2291 548 variae

704 590 839 641 sunt
865 584 1166 641 sententiae
1188 625 1201 653 ,
1226 598 1463 655 quarum
1494 584 1722 653 primam
1752 586 1803 638 in
1830 582 1933 640 hoc
1960 582 2137 651 capite
2167 596 2292 652 per-

696 672 1073 741 tractabimus,
1106 670 1300 727 deinde
1330 678 1576 727 caeteras
1609 686 2023 744 persequemur.
2052 672 2290 741 iurispe-

698 764 788 817 riti
816 775 953 833 ergo
981 760 1349 818 communiter
1376 759 1719 832 distinguunt
1740 763 1827 816 ius
1847 760 2097 817 naturale
2122 775 2151 815 a
2175 759 2292 815 iure

698 851 950 923 gentium
990 850 1042 904 in
1084 846 1224 914 hoc,
1266 846 1416 920 quod
1458 850 1546 904 100
1588 848 1841 905 naturale
1879 856 1966 905 est
2000 861 2292 905 commune

696 938 873 994 brutis
916 939 1078 994 etiam
1129 935 1529 1009 0010100111100,
1575 936 1659 992 100
1700 944 1887 994 autem
1927 936 2170 1008 gentium
2211 938 2294 989 est

700 1028 981 1099 proprium
1017 1026 1320 1082 bominum.
1353 1024 1507 1083 Unde
1542 1025 1593 1080 in
1625 1026 1659 1081 l.
1700 1030 1718 1081 ¹
1752 1066 1766 1096 ,
1798 1032 1831 1091 s
1863 1026 2042 1082 huius
2078 1021 2285 1089 studii,

696 1122 753 1172 et
779 1116 831 1169 in
860 1112 885 1180 ἓ
924 1119 971 1185 Ι,
1003 1119 1060 1171 01
1081 1118 1135 1171 2.
1174 1112 1349 1169 100111.
1379 1112 1448 1168 de
1468 1114 1584 1169 iure
1614 1120 1801 1169 natur.
1827 1113 2067 1187 gentium
2088 1152 2103 1177 ,
2134 1117 2189 1167 et
2215 1112 2293 1167 ci·-

696 1203 816 1273 vili,
862 1204 941 1257 sic
980 1201 1211 1257 dicitur:
1257 1203 1365 1257 Ius
1406 1200 1693 1258 naturale
1732 1207 1835 1265 est,
1871 1200 2029 1275 quod
2066 1204 2296 1257 natura

698 1294 905 1349 omnia
940 1289 1245 1347 animalia
1279 1288 1515 1355 docuit,·
1558 1306 1703 1346 nam
1738 1293 1833 1345 ius
1871 1288 2033 1346 istud
2058 1306 2178 1345 non
2206 1306 2295 1345 so·

698 1380 823 1437 lum
850 1381 1105 1437 humani
1142 1380 1369 1450 qeneris
1401 1380 1713 1451 proprium
1748 1383 1852 1442 est,
1898 1376 2001 1433 sed
2026 1379 2296 1433 omnium

701 1468 1094 1533 animalium,
1144 1482 1297 1538 quae
1334 1469 1605 1523 interra
1642 1470 1913 1540 marique
1940 1471 2288 1532 nascuntur,

702 1562 910 1617 avium
936 1573 1161 1629 quoque
1189 1571 1499 1611 commune
1536 1560 1637 1611 est.
1672 1557 1741 1611 Et
1765 1554 2090 1613 adhibentur
2115 1571 2297 1612 exem·

700 1650 819 1722 pla,
856 1655 917 1706 ut
958 1649 1120 1703 maris
1158 1652 1215 1703 et
1254 1643 1481 1701 feminae
1526 1645 1877 1715 coniunctio,
1908 1644 2139 1701 filiorum
2172 1660 2296 1717 pro-

700 1739 905 1795 creatio
936 1743 993 1793 et
1018 1734 1297 1791 educati0.
1334 1736 1409 1790 De
1437 1735 1555 1790 iure
1585 1740 1765 1791 autem
1789 1734 2031 1806 gentium
2061 1732 2295 1789 additur:

706 1830 977 1885 Gentium
1011 1829 1113 1891 est,
1150 1840 1262 1896 quo
1288 1828 1483 1896 pentes
1508 1823 1813 1879 humanae
1838 1828 2118 1890 utuntur,-
2140 1832 2197 1880 et
2218 1824 2297 1897 di-

704 1917 850 1972 citur
892 1930 922 1971 a
964 1913 1201 1969 naturali
1244 1910 1536 1983 recedere,
1568 1912 1698 1983 quia
1726 1910 1856 1967 solis
1885 1911 2192 1967 bominibus
2221 1912 2297 1966 in-

704 2012 789 2061 ter
816 2019 875 2058 se
905 2016 1197 2059 commune
1224 2006 1327 2055 est.
1359 1998 1595 2056 Additur
1626 2014 1753 2054 vero
1775 1999 1997 2056 inferius
2024 2000 2077 2055 in
2106 1999 2210 2071 leg.
2238 2003 2294 2063 9,

701 2094 787 2148 ius
833 2093 1077 2163 gentium
1129 2089 1312 2144 vocari
1339 2131 1354 2158 ,
1397 2085 1554 2160 quod
1590 2088 1894 2145 naturali-s
1941 2090 2103 2145 ratio
2143 2091 2300 2143 inter

701 2198 903 2238 omnes
929 2181 1191 2237 hanzines
1220 2179 1553 2242 constituit,
1586 2181 1644 2233 et
1671 2175 1836 2250 apud
1863 2194 2063 2235 omnes
2083 2193 2297 2250 perae-

703 2288 812 2343 que
849 2253 1201 2326 custoditur.
1233 2265 1385 2323 Unde
1416 2272 1669 2337 constat,
1702 2268 1786 2321 ius
1814 2267 2057 2337 gentium
2086 2269 2298 2324 censeri

702 2361 861 2417 ctiam
905 2357 1150 2415 naturale
1169 2397 1184 2427 ,
1216 2354 1310 2411 sed
1347 2353 1567 2426 speciali
1598 2354 1758 2410 modo
1786 2364 1844 2411 et
1870 2357 2089 2426 proprio
2120 2355 2296 2411 homi-

702 2465 869 2519 num,
912 2453 968 2503 et
1010 2445 1112 2501 hoc
1153 2444 1315 2499 etiam
1354 2442 1634 2499 declarant
1660 2442 1939 2514 exempla,
1973 2460 2114 2515 quae
2145 2443 2298 2500 adhi-

698 2538 898 2593 bentur
926 2535 977 2589 in
1009 2534 1125 2606 lege
1156 2537 1214 2602 2,
1242 2537 1295 2603 3,
1326 2538 1383 2589 01
1403 2536 1458 2603 4,
1483 2532 1724 2600 scilicet,
1753 2530 1966 2606 reliqio
1992 2536 2058 2589 in
2078 2537 2290 2596 Deum,

699 2624 1028 2682 obedientia
1054 2620 1137 2680 ad
1154 2625 1364 2695 patres
1394 2625 1450 2676 et
1468 2623 1765 2694 patriam,
1795 2624 1917 2677 vim
1938 2628 2119 2695 atque
2142 2625 2300 2679 iniu-

700 2720 867 2772 riam
888 2710 1264 2787 propulsare.
1298 2710 1453 2767 Unde
1484 2708 1677 2766 ibidem
1706 2711 2081 2785 significatur,
2107 2713 2296 2769 honsi-

701 2821 837 2861 nem
862 2804 1091 2859 homini
1118 2798 1404 2865 insidiari,
1424 2806 1616 2856 contra
1634 2801 1723 2855 ius
1751 2802 1994 2872 gentium
2015 2818 2159 2859 esse.
2186 2802 2293 2860 Ad-

708 2894 917 2952 duntur
977 2897 1259 2962 praeterea
1312 2891 1809 2946 manumissiones
1860 2896 1915 2946 et
1964 2894 2286 2959 servitutes,

704 2986 833 3039 item
856 2978 1009 3036 bella
1028 2992 1375 3050 reynorum,
1407 2976 1840 3045 dominiorum,
1870 2994 2191 3052 rerumque
2209 2979 2299 3036 di-

703 3074 877 3136 visio,
927 3069 1320 3132 commercia,
1370 3064 1593 3138 aliique
1632 3071 1972 3124 contractus
2012 3068 2296 3126 venditio-

704 3176 878 3224 num,
914 3163 970 3213 et
996 3156 1096 3212 alia
1124 3153 1457 3212 huiusmodi.
1489 3155 1556 3209 Et
1584 3155 1828 3212 similiter
1856 3156 1907 3211 in
1934 3163 1967 3222 S
1990 3162 2043 3213 4.
2070 3159 2297 3215 Institu-

706 3250 840 3305 tion.
886 3246 953 3303 de
993 3248 1115 3301 iure
1138 3242 1391 3300 ,00101011
1430 3241 1617 3299 eadem
1658 3243 1903 3316 exempla
1944 3244 2293 3319 adhibentur,

707 3340 922 3408 praeter
938 3332 1253 3405 religionem
1268 3338 1322 3387 et
1337 3332 1589 3407 pietatem
1606 3332 1671 3388 ad
1694 3340 1947 3403 parentes
1964 3342 2024 3390 et
2039 3337 2290 3406 patriam.

776 3425 1053 3493 Quocirca
1096 3424 1243 3479 iuxta
1287 3421 1425 3477 11000
1465 3422 1789 3477 00010011οω
1818 3422 2008 3480 divisio
2044 3424 2129 3479 illa
2159 3425 2298 3480 iuris

703 3532 803 3573 seu
830 3515 963 3587 legis
992 3514 1043 3568 in
1074 3510 1412 3582 naturalem,
1436 3511 1681 3582 gentium
1702 3552 1716 3581 ,
1740 3518 1794 3569 et
1819 3512 2033 3568 civilem
2057 3554 2071 3582 ,
2097 3514 2174 3568 ita
2201 3513 2296 3569 de·

703 3608 799 3662 bet
826 3602 893 3659 ad
922 3602 1065 3659 duas
1092 3597 1419 3657 bimembres
1448 3598 1671 3671 reduci,
1706 3606 1771 3655 ut
1798 3603 1949 3672 prius
1979 3600 2063 3657 lex
2092 3601 2297 3658 divida-

706 3694 879 3750 turin
919 3688 1225 3747 naturalem
1268 3694 1322 3745 et
1357 3687 1605 3759 civilem3
1642 3688 1833 3745 deinde
1863 3705 1995 3745 vero
2022 3687 2105 3746 lex
2136 3696 2297 3747 natu-

703 3783 833 3839 ralis
870 3779 1167 3853 generatim
1210 3776 1683 3848 subdistinguatur
1721 3778 1773 3832 in
1808 3778 2113 3835 naturalem
2140 3794 2295 3836 com-

706 3885 928 3927 munem
967 3867 1222 3924 omnibus
1264 3864 1660 3935 animantibus,
1700 3880 1841 3937 quae
1868 3866 2175 3925 absolutam
2205 3886 2298 3941 ap·

702 3956 1049 4031 pellationem
1076 3954 1208 4010 iuris
1238 3953 1500 4009 naturalis
1527 3953 1752 4010 retinuit
1772 3954 2080 4011 secundum
2102 3974 2296 4031 quam-

703 4048 830 4105 dam
860 4044 1231 4115 acceptionem
1256 4086 1270 4113 ,
1294 4049 1347 4099 et
1374 4042 1548 4115 legem
1573 4042 1878 4099 naturalem
1902 4048 2176 4117 propriam
2203 4046 2298 4103 ho·

708 4138 949 4205 minum,
980 4147 1123 4205 quae
1160 4133 1297 4188 iuris
1334 4133 1583 4203 gentium
1622 4133 1889 4204 appellata
1914 4141 2017 4191 est.
2052 4136 2120 4192 Et
2158 4138 2296 4193 ratio

703 4225 829 4283 talis
857 4221 1243 4282 subdivisionis
1272 4236 1392 4276 esse
1421 4228 1632 4293 potest,
1658 4222 1787 4294 quia
1813 4221 1935 4279 illae
1958 4223 2097 4281 duae
2126 4227 2296 4282 ratio-

704 4332 801 4371 nes
828 4329 956 4369 vcre
986 4317 1116 4368 sunt
1140 4309 1428 4366 distinctae
1458 4310 1509 4364 in
1538 4326 1629 4377 re,
1651 4317 1707 4367 et
1733 4318 1969 4382 possunt
1996 4313 2196 4371 habere
2218 4314 2296 4371 di·

704 4418 891 4459 versas
932 4397 1393 4456 considerationes
1434 4405 1491 4454 et
1528 4397 1758 4455 effectus
1795 4400 2060 4472 morales3
2093 4409 2150 4458 et
2175 4402 2295 4459 ideo

704 4504 1017 4563 congruum
1066 4488 1169 4543 suit
1191 4526 1205 4555 ,
1253 4486 1373 4542 illas
1421 4485 1780 4560 distinguere,
1820 4496 1875 4545 et
1922 4488 2026 4545 illis
2077 4492 2297 4548 nomina

703 4579 925 4651 propria
954 4577 1229 4647 imponere
1256 4582 1313 4631 et
1337 4575 1777 4631 accommodare.
1802 4577 1911 4633 Nec
1938 4577 2148 4634 videtur
2171 4595 2297 4650 pos-

703 4684 761 4723 se
790 4666 985 4722 melius
1008 4664 1096 4719 illa
1118 4663 1338 4718 nomina
1358 4662 1640 4734 explicari.
1666 4665 1735 4721 Et
1758 4664 1991 4721 solvitur
2013 4666 2172 4723 facile
2193 4668 2294 4723 dis-

700 4757 913 4812 ficultas
936 4760 1084 4810 tacta
1100 4794 1115 4823 ‚
1142 4752 1267 4825 quia
1290 4753 1397 4808 iam
1420 4759 1667 4822 constat,
1692 4754 1968 4825 quomodo
1993 4754 2184 4811 divisio
2207 4756 2294 4814 illa

699 4846 1001 4915 adaequata
1024 4844 1128 4912 011,
1155 4846 1373 4910 sumpto
1402 4846 1582 4895 tamen
1612 4844 1827 4898 nomine
1858 4843 1993 4899 iuris
2023 4846 2288 4902 naturalis

698 4935 755 4988 in
783 4928 1105 5004 gener-alieri
1138 4928 1459 4999 significato.
1483 4929 1593 4985 Nec
1619 4917 1840 4987 videtur
1856 4932 1925 4987 ab
1948 4931 2049 4989 hac
2071 4940 2289 4990 senten·

698 5022 769 5077 tia
796 5018 1053 5075 recedere
1080 5016 1137 5071 d.
1169 5015 1401 5071 Thomas
1439 5021 1486 5074 1.
1523 5022 1578 5088 2,
1609 5034 1666 5091 q.
1700 5023 1794 5091 95,
1826 5027 1932 5075 art.
1964 5024 2021 5077 4.
2056 5021 2123 5077 ad
2162 5026 2210 5093 l,
2232 5030 2289 5079 et

695 5109 857 5166 latius
886 5113 943 5165 2.
975 5110 1040 5178 2,
1075 5120 1131 5177 q.
1170 5107 1228 5175 7,
1260 5112 1363 5160 art.
1401 5110 1465 5175 3,
1497 5105 1591 5162 ubi
1622 5106 1719 5164 bos
1746 5106 1891 5163 duos
1928 5109 2120 5166 modos
2149 5110 2284 5167 iuris

694 5195 955 5267 naturalius
995 5194 1270 5266 agnoscit,
1302 5194 1493 5265 eisque
1530 5194 1647 5251 illas
1675 5212 1841 5254 voces
1870 5197 2276 5257 accommodat.

2138 368 2342 417 tumn
2371 368 2447 417 11.
2469 380 2474 387 ·

2361 496 2552 563 Atque·
2581 490 2650 547 ita
2695 491 2844 548 illum
2885 490 3276 562 interpretatur
3309 491 3546 549 Conrad.
3587 494 3734 550 dicta
3763 509 3819 565 q.
3854 498 3952 559 95,

2361 588 2468 634 art.
2501 584 2532 636 2
2558 622 2572 649 ,
2603 587 2660 635 01
2690 583 2719 638 4
2741 620 2755 649 ,
2789 580 2879 636 ubi
2921 581 2994 637 ita
3023 582 3246 652 exponit
3273 580 3596 658 iuristarum
3623 582 3952 653 opinionem,

2357 672 2415 722 et
2453 666 2620 734 dicit,
2653 667 2708 722 d.
2751 667 3013 724 Thomam
3050 668 3297 724 locutum
3328 669 3495 725 fuisse
3527 685 3678 725 more
3706 668 3954 737 illorum,

2365 754 2490 811 licet
2516 756 2822 828 philosophi
2849 757 3006 813 aliter
3035 755 3353 829 loquantur.

2442 849 2496 902 3.
2528 846 2680 902 11000
2725 863 2854 903 vero
2895 846 3398 917 interpretationem
3438 847 3954 905 iurisconsultorum

2362 932 2713 1004 reprehendit
2740 936 3066 991 Laurentius
3087 934 3239 991 Valla
3259 934 3349 990 lib.
3379 938 3434 993 4.
3467 935 3951 1010 Eleqaniiarum,

2362 1036 2415 1077 0.
2449 1026 2544 1080 48.
2577 1025 2780 1079 Conan.
2814 1026 2976 1080 etiam
3008 1024 3059 1079 in
3081 1032 3440 1081 commentar.
3465 1028 3572 1082 iur.
3598 1026 3750 1082 civil.
3777 1026 3871 1083 lib.
3901 1030 3956 1093 1,

2363 1124 2487 1181 cap.
2541 1115 2604 1181 6,
2654 1111 2801 1168 illam
2845 1112 3270 1169 subdivisionem
3301 1115 3436 1169 iuris
3465 1114 3731 1171 naturalis
3761 1116 3954 1185 reiicit,

2363 1203 2420 1255 et
2453 1208 2854 1272 consequenter
2885 1208 3078 1273 putat,
3109 1218 3216 1259 non
3247 1202 3503 1277 distingui
3533 1204 3618 1259 ius
3647 1205 3892 1275 gentium
3921 1220 3956 1258 0

2363 1286 2482 1344 iure
2503 1289 2774 1360 naturali,
2800 1290 3032 1363 ideoque
3054 1305 3157 1347 nec
3180 1292 3552 1360 Aristotelem,
3579 1308 3680 1350 nec
3703 1294 3838 1350 alios
3861 1309 3958 1348 an-

2366 1375 2549 1448 tiquos
2579 1376 2934 1449 philosophos
2963 1378 3094 1434 illud
3118 1378 3420 1436 distinxisse
3439 1422 3453 1451 ,
3479 1387 3580 1437 aut
3603 1382 3955 1453 cognovisse.

2366 1464 2495 1520 Soto
2525 1465 2688 1521 etiam
2719 1466 2812 1521 lib.
2847 1472 2900 1523 3.
2933 1464 3005 1522 de
3030 1469 3296 1534 iustitia,
3333 1484 3389 1541 q.
3431 1472 3481 1537 1,
3514 1476 3618 1526 art.
3655 1472 3710 1526 3.
3744 1470 3960 1541 exposi-

2367 1554 2569 1609 tionem
2591 1553 3110 1611 iurisconsultorum
3131 1556 3328 1613 reiicit.
3348 1558 3413 1613 Et
3437 1557 3615 1628 primo
3629 1557 3955 1629 fundantur3

2365 1643 2492 1712 quia
2517 1641 2733 1698 nullum
2757 1645 2950 1700 estius
2974 1643 3225 1701 naturale
3253 1628 3546 1701 commu’ne
3570 1645 3878 1703 hominibus
3901 1652 3960 1702 et

2367 1728 2482 1785 aliis
2510 1729 2864 1801 animalibus,
2897 1734 3026 1803 quia
3053 1731 3217 1788 bruta
3237 1733 3488 1790 animalia
3511 1749 3616 1789 000
3641 1742 3772 1791 sunt
3793 1751 3959 1806 capa-

2369 1820 2455 1874 cia
2496 1820 2744 1890 propriae
2787 1819 3155 1893 obedientiae,
3198 1829 3297 1880 aut
3335 1822 3572 1878 iustitiae
3597 1823 3682 1879 vel
3711 1824 3958 1880 iniuriae.

2369 1906 2448 1962 Ad
2473 1909 2576 1964 1100
2603 1924 2732 1964 vero
2755 1908 3088 1981 respondent
3106 1910 3362 1967 Albertus
3385 1909 3479 1967 lib.
3508 1918 3561 1968 5.
3588 1914 3954 1979 Ethicorum,

2369 2010 2492 2067 cap.
2532 1998 2595 2067 7,
2627 1997 3076 2069 Tui-recremata,
3107 2006 3162 2055 et
3196 2000 3424 2057 Covarr.
3467 2000 3604 2057 locis
3632 2000 3767 2057 inira
3794 2001 3967 2057 citan-

2367 2084 2482 2155 dis,
2516 2086 2600 2141 ius
2641 2086 2890 2143 naturale
2917 2086 3025 2143 dici
3053 2103 3347 2145 commune
3373 2090 3556 2145 brutis
3583 2107 3691 2147 000
3719 2088 3960 2145 ἴοι-01011-

2371 2182 2454 2231 ter
2481 2174 2661 2247 quoad
2703 2176 2969 2233 rationem
3008 2178 3142 2233 iuris
3179 2186 3236 2235 et
3275 2177 3436 2251 legis,
3482 2178 3577 2235 sed
3609 2179 3959 2236 materialiter

2367 2263 2550 2337 quoad
2591 2280 2794 2337 opera,
2839 2281 2979 2338 quae
3019 2267 3124 2322 sub
3166 2266 3270 2323 tale
3311 2268 3396 2323 ius
3438 2268 3681 2339 cadunt3
3715 2284 3838 2324 nam
3867 2266 3962 2323 illa

2365 2354 2678 2410 communia
2713 2362 2845 2411 sunt
2882 2355 3192 2411 bominibus
3234 2372 3362 2413 cum
3402 2357 3609 2429 brutis,
3642 2363 3702 2412 ut
3733 2361 3882 2428 patet
3907 2356 3960 2411 in

2364 2444 2622 2515 exemplis
2654 2446 2843 2516 positis
2873 2446 2922 2500 in
2954 2448 3076 2502 iure
3102 2444 3169 2502 de
3197 2447 3584 2504 coniunctione
3613 2448 3780 2503 maris
3805 2450 3860 2501 et
3880 2446 3956 2501 se-

2365 2534 2543 2591 minae
2566 2575 2580 2601 ,
2626 2536 3008 2605 procreatione
3049 2534 3313 2605 tiliorum,
3357 2541 3463 2591 etc.
3497 2534 3604 2590 Sed
3630 2540 3826 2590 contra
3853 2532 3959 2590 hoc

2365 2629 2479 2692 est,
2523 2622 2648 2695 quia
2691 2621 2777 2679 illa
2819 2624 3182 2678 communitas
3220 2638 3348 2679 cum
3391 2623 3568 2679 brutis
3609 2624 3674 2681 in.
3703 2622 3960 2679 materiali

2367 2727 2532 2783 opere
2553 2710 2679 2766 nibil
2705 2710 2870 2767 refert
2892 2710 2958 2767 ad
2981 2711 3380 2768 distinctionem
3401 2713 3536 2768 iuris
3557 2711 3640 2767 vel
3658 2711 3814 2784 legis3
3828 2726 3963 2784 ergo

2365 2806 2451 2856 est
2478 2796 2828 2870 impertinens
2859 2806 2916 2855 et
2953 2799 3066 2855 0100
3096 2808 3216 2855 arte
3247 2800 3333 2856 illa
3367 2792 3564 2857 divisio
3590 2801 3643 2855 in
3675 2799 3763 2855 1110
3793 2814 3960 2855 00000

2365 2895 2424 2945 01
2453 2894 2674 2960 propter
2701 2888 2845 2943 illam
2873 2888 3048 2944 solam
3076 2904 3323 2945 causam.
3350 2888 3456 2947 Sed
3479 2887 3808 2960 respondere
3829 2904 3955 2959 pos-

2365 2983 2530 3047 sunt,
2571 2976 2714 3033 illam
2755 2977 3087 3033 materialem
3125 2978 3554 3034 convenientiam
3583 2976 3859 3033 deservire
3887 2977 3958 3033 ad

2363 3063 2742 3137 explicandam
2770 3064 2823 3119 in
2851 3064 3068 3121 homine
3095 3064 3367 3122 diversam
3396 3067 3662 3123 rationem
3689 3066 3959 3121 naturaii-

2364 3154 2487 3210 tatis
2514 3153 2646 3209 iuris
2677 3152 2774 3227 (ut
2801 3152 2878 3209 sic
2907 3152 3134 3225 dicam).
3169 3155 3304 3210 Nam
3328 3154 3412 3212 lex
3442 3154 3705 3211 naturalis
3725 3169 3962 3228 genera-

2368 3245 2462 3300 tim
2491 3250 2709 3315 sumpta
2739 3244 2788 3299 in
2815 3242 3109 3299 dictamine
3133 3244 3353 3300 rationis
3381 3244 3646 3300 naturalis
3673 3243 3948 3311 000οῐ0111,

2365 3332 2471 3390 1100
2522 3338 2704 3389 autem
2747 3332 3018 3388 dictamen
3059 3332 3331 3389 interdum
3370 3340 3455 3390 est
3493 3349 3562 3389 ex
3602 3332 3954 3389 inclinatione

2365 3422 2582 3495 generis
2605 3436 2704 3477 000
2727 3427 2957 3477 naturae
2979 3422 3285 3495 sensitivae,
3310 3430 3373 3478 ut
3393 3424 3470 3479 sic
3489 3442 3502 3493 3
3528 3420 3801 3479 interdum
3820 3437 3954 3478 vero

2366 3528 2431 3568 ex
2473 3512 2692 3583 propria
2732 3510 3078 3567 inclinatione
3119 3517 3346 3567 naturae
3389 3510 3696 3580 rationalis,
3739 3516 3806 3567 ut
3834 3510 3955 3566 talis

2363 3607 2485 3672 est,
2509 3607 2566 3657 et
2593 3599 2897 3656 secundum
2928 3598 3025 3655 bas
3051 3598 3190 3655 duas
3220 3602 3456 3655 rationes
3476 3598 3839 3672 distinguitur
3861 3600 3952 3655 ius

2365 3688 2613 3746 naturale
2641 3695 2903 3761 tanquam
2931 3703 3223 3745 commune
3254 3687 3453 3761 brutis,
3476 3704 3544 3744 00
3566 3695 3722 3760 parte
3745 3688 3959 3746 scilicet

2364 3777 2758 3849 inclinationis,
2791 3778 2841 3832 in
2871 3792 2982 3850 qua
3012 3776 3293 3835 fundatur.

2440 3868 2825 3923 Verumtamen
2853 3866 3016 3922 etiam
3045 3865 3150 3922 hoc
3181 3866 3345 3924 modo
3373 3882 3480 3923 non
3505 3866 3694 3923 satistit
3715 3865 3953 3923 difficul-

2367 3956 2482 4015 tati.
2516 3957 2730 4027 Primo,
2761 3956 2890 4028 quia
2921 3955 3072 4011 iuxta
3111 3954 3250 4011 hanc
3277 3955 3740 4024 declarationem,
3771 3956 3878 4010 va
3909 3957 3960 4011 vi

2368 4045 2630 4118 repellere
2662 4061 2768 4100 non
2799 4044 2905 4101 sub
2933 4044 3050 4099 iure
3079 4046 3327 4116 gentium
3349 4086 3364 4108 ,
3391 4044 3486 4101 sed
3515 4043 3620 4101 sub
3647 4045 3767 4101 iure
3792 4038 3961 4101 uatu-

2367 4134 2466 4191 rali
2507 4132 2954 4191 constituendum
2996 4138 3174 4202 esset,
3217 4133 3365 4205 quod
3395 4133 3450 4188 in
3479 4133 3580 4189 illis
3611 4132 3819 4205 legibus
3849 4148 3960 4189 non

2365 4225 2442 4280 fit.
2489 4222 2760 4279 Probatur
2802 4222 3058 4293 sequela,
3088 4223 3218 4294 quia
3243 4220 3330 4277 illa
3357 4222 3500 4277 actio
3529 4223 3841 4278 communis
3869 4229 3958 4278 est

2364 4314 2536 4369 brutis
2559 4310 2878 4367 animalibus
2895 4352 2911 4382 ,
2935 4316 2990 4366 et
3011 4325 3078 4367 ex
3099 4310 3334 4383 generali
3363 4308 3709 4366 inclinatione
3732 4309 3800 4367 ad
3829 4327 3954 4384 pro-

2364 4402 2536 4475 priam
2575 4400 3043 4456 conservationem
3084 4398 3349 4469 provenit.
3380 4399 3516 4455 Nam
3549 4400 3698 4456 sicut
3723 4414 3950 4472 genera-

2364 4491 2436 4547 tio
2476 4488 2722 4560 provenit
2759 4502 2826 4543 ex
2866 4486 3208 4543 inclinatione
3249 4485 3484 4544 naturali
3520 4485 3589 4543 ad
3619 4502 3956 4545 conservan-

2361 4579 2485 4636 dam
2513 4576 2750 4650 speciem
2767 4617 2782 4646 ,
2821 4576 2896 4632 ita
2931 4576 3151 4648 propria
3177 4574 3420 4632 defensio
3447 4582 3536 4633 est
3563 4591 3631 4633 00
3655 4578 3846 4634 innata
3871 4578 3955 4633 in-

2361 4668 2652 4724 clinatione
2680 4664 2746 4721 ad
2777 4662 3208 4720 conservandam
3244 4663 3516 4735 propriam
3545 4664 3708 4722 vitam
3735 4672 3794 4721 et
3820 4681 3948 4737 pro·

2359 4756 2540 4827 prium
2567 4771 2718 4811 esse:
2750 4758 2987 4824 utraque
3012 4758 3195 4809 autem
3225 4752 3498 4809 inclinatio
3527 4755 3838 4811 communis
3867 4761 3956 4812 est

2359 4844 2560 4900 homini
2587 4858 2716 4898 cum
2744 4841 2856 4898 aliis
2886 4840 3236 4913 animalibus3
3259 4856 3392 4912 ergo
3419 4841 3691 4898 immerito
3720 4844 3947 4914 ponitur

2357 4934 2492 4989 haec
2534 4932 2677 4987 actio
2719 4930 2822 4986 sub
2862 4930 2980 4985 iure
3015 4929 3279 5001 gentium.
3311 4928 3568 4985 Secundo
3594 4930 3793 4987 salsum
3825 4946 3948 4990 esse

2355 5021 2568 5078 videtur
2594 5022 2678 5075 ius
2700 5018 2978 5090 naturale,
3006 5024 3068 5073 ut
3095 5016 3258 5073 habet
3279 5017 3553 5089 propriam
3583 5019 3848 5077 rationem
3873 5020 3950 5077 le-

2353 5114 2469 5185 gis,
2499 5108 2713 5167 fundari
2743 5109 2796 5163 in
2833 5108 3042 5164 ratione
3083 5112 3308 5162 naturae
3347 5106 3662 5179 sensitivae,
3699 5115 3950 5167 010010-

2355 5200 2534 5258 munis
2574 5204 2658 5256 est
2696 5197 2869 5254 brutis
2907 5194 3258 5269 animalibus,
3291 5211 3415 5253 nam
3445 5212 3664 5269 semper
3691 5198 3944 5255 conside-
