<?xml version="1.0" encoding="UTF-8"?>
<!DOCTYPE html PUBLIC "-//W3C//DTD XHTML 1.0 Transitional//EN"
    "http://www.w3.org/TR/xhtml1/DTD/xhtml1-transitional.dtd">
<html xmlns="http://www.w3.org/1999/xhtml" xml:lang="en" lang="en">
 <head>
  <title>
</title>
<meta http-equiv="Content-Type" content="text/html;charset=utf-8" />
  <meta name='ocr-system' content='tesseract 3.04.00' />
  <meta name='ocr-capabilities' content='ocr_page ocr_carea ocr_par ocr_line ocrx_word'/>
</head>
<body>
  <div class='ocr_page' id='page_1' title='image "./tractatusdelegi01sugoog/tractatusdelegi01sugoog_0204.png"; bbox 0 0 4325 6267; ppageno 0'>
   <div class='ocr_carea' id='block_1_1' title="bbox 799 321 926 386">
    <p class='ocr_par' dir='ltr' id='par_1_1' title="bbox 799 321 926 386">
     <span class='ocr_line' id='line_1_1' title="bbox 799 321 926 386; baseline 0 -1"><span class='ocrx_word' id='word_1_1' title='bbox 799 321 926 386; x_wconf 78' lang='lat'>192</span> 
     </span>
    </p>
   </div>
   <div class='ocr_carea' id='block_1_2' title="bbox 673 462 2327 5312">
    <p class='ocr_par' dir='ltr' id='par_1_2' title="bbox 673 462 2327 2967">
     <span class='ocr_line' id='line_1_2' title="bbox 725 462 2325 540; baseline 0 -20"><span class='ocrx_word' id='word_1_2' title='bbox 725 479 885 521; x_wconf 82' lang='lat' dir='ltr'>veros</span> <span class='ocrx_word' id='word_1_3' title='bbox 913 479 1090 536; x_wconf 68' lang='lat' dir='ltr'>reges,</span> <span class='ocrx_word' id='word_1_4' title='bbox 1116 470 1174 522; x_wconf 89' lang='lat' dir='ltr'>et</span> <span class='ocrx_word' id='word_1_5' title='bbox 1201 462 1368 523; x_wconf 84' lang='lat' dir='ltr'>David</span> <span class='ocrx_word' id='word_1_6' title='bbox 1390 465 1548 522; x_wconf 89' lang='lat' dir='ltr'>etiam</span> <span class='ocrx_word' id='word_1_7' title='bbox 1571 481 1636 524; x_wconf 86' lang='lat' dir='ltr'>ac</span> <span class='ocrx_word' id='word_1_8' title='bbox 1659 466 1934 536; x_wconf 84' lang='lat' dir='ltr'>Salomon,</span> <span class='ocrx_word' id='word_1_9' title='bbox 1959 466 2054 540; x_wconf 90' lang='lat' dir='ltr'>qui</span> <span class='ocrx_word' id='word_1_10' title='bbox 2077 465 2325 538; x_wconf 88' lang='lat' dir='ltr'>aliquan·</span> 
     </span>
     <span class='ocr_line' id='line_1_3' title="bbox 718 554 2327 629; baseline -0.001 -17"><span class='ocrx_word' id='word_1_11' title='bbox 718 555 789 613; x_wconf 88' lang='lat' dir='ltr'>do</span> <span class='ocrx_word' id='word_1_12' title='bbox 816 556 1056 629; x_wconf 80' lang='lat' dir='ltr'>graviter</span> <span class='ocrx_word' id='word_1_13' title='bbox 1091 561 1460 626; x_wconf 88' lang='lat' dir='ltr'>peccaverunt</span> <span class='ocrx_word' id='word_1_14' title='bbox 1480 597 1495 626; x_wconf 94' lang='lat'>,</span> <span class='ocrx_word' id='word_1_15' title='bbox 1527 571 1634 614; x_wconf 88' lang='lat' dir='ltr'>non</span> <span class='ocrx_word' id='word_1_16' title='bbox 1663 557 1848 613; x_wconf 89' lang='lat' dir='ltr'>statim</span> <span class='ocrx_word' id='word_1_17' title='bbox 1877 556 2073 628; x_wconf 83' lang='lat' dir='ltr'>privati</span> <span class='ocrx_word' id='word_1_18' title='bbox 2097 554 2327 613; x_wconf 74' lang='lat' dir='ltr'>fuerunt</span> 
     </span>
     <span class='ocr_line' id='line_1_4' title="bbox 673 643 2325 718; baseline -0.001 -18"><span class='ocrx_word' id='word_1_19' title='bbox 673 693 681 700; x_wconf 91' lang='lat'>.</span> <span class='ocrx_word' id='word_1_20' title='bbox 718 658 906 716; x_wconf 81' lang='lat' dir='ltr'>regno.</span> <span class='ocrx_word' id='word_1_21' title='bbox 955 644 1182 701; x_wconf 79' lang='lat' dir='ltr'><strong>Ratione</strong></span> <span class='ocrx_word' id='word_1_22' title='bbox 1223 643 1432 701; x_wconf 86' lang='lat' dir='ltr'>ostendi</span> <span class='ocrx_word' id='word_1_23' title='bbox 1471 651 1654 718; x_wconf 89' lang='lat' dir='ltr'>potest</span> <span class='ocrx_word' id='word_1_24' title='bbox 1680 645 1942 704; x_wconf 80' lang='lat' dir='ltr'><strong>discursu</strong></span> <span class='ocrx_word' id='word_1_25' title='bbox 1971 645 2131 702; x_wconf 87' lang='lat' dir='ltr'>simili</span> <span class='ocrx_word' id='word_1_26' title='bbox 2161 658 2325 716; x_wconf 87' lang='lat' dir='ltr'>supe-</span> 
     </span>
     <span class='ocr_line' id='line_1_5' title="bbox 725 725 2323 808; baseline 0 -18"><span class='ocrx_word' id='word_1_27' title='bbox 725 734 838 790; x_wconf 91' lang='lat' dir='ltr'>rius</span> <span class='ocrx_word' id='word_1_28' title='bbox 867 733 1014 790; x_wconf 82' lang='lat' dir='ltr'>sacto</span> <span class='ocrx_word' id='word_1_29' title='bbox 1037 751 1051 805; x_wconf 82' lang='lat'><em>3</em></span> <span class='ocrx_word' id='word_1_30' title='bbox 1077 733 1207 806; x_wconf 89' lang='lat' dir='ltr'>quia</span> <span class='ocrx_word' id='word_1_31' title='bbox 1237 733 1371 792; x_wconf 88' lang='lat' dir='ltr'>haec</span> <span class='ocrx_word' id='word_1_32' title='bbox 1400 750 1576 807; x_wconf 88' lang='lat' dir='ltr'>poena</span> <span class='ocrx_word' id='word_1_33' title='bbox 1599 725 1915 808; x_wconf 74' lang='lat' dir='ltr'>privationis</span> <span class='ocrx_word' id='word_1_34' title='bbox 1939 733 2060 792; x_wconf 89' lang='lat' dir='ltr'>talis</span> <span class='ocrx_word' id='word_1_35' title='bbox 2083 741 2323 808; x_wconf 89' lang='lat' dir='ltr'>potesta·</span> 
     </span>
     <span class='ocr_line' id='line_1_6' title="bbox 721 820 2319 898; baseline -0.001 -18"><span class='ocrx_word' id='word_1_36' title='bbox 721 821 787 880; x_wconf 89' lang='lat' dir='ltr'>tis</span> <span class='ocrx_word' id='word_1_37' title='bbox 814 821 964 879; x_wconf 88' lang='lat' dir='ltr'>nullo</span> <span class='ocrx_word' id='word_1_38' title='bbox 992 823 1112 878; x_wconf 90' lang='lat' dir='ltr'>iure</span> <span class='ocrx_word' id='word_1_39' title='bbox 1148 820 1259 880; x_wconf 89' lang='lat' dir='ltr'>lata</span> <span class='ocrx_word' id='word_1_40' title='bbox 1296 830 1414 895; x_wconf 90' lang='lat' dir='ltr'>est,</span> <span class='ocrx_word' id='word_1_41' title='bbox 1447 825 1566 896; x_wconf 87' lang='lat' dir='ltr'>ipso</span> <span class='ocrx_word' id='word_1_42' title='bbox 1595 823 1744 882; x_wconf 78' lang='lat' dir='ltr'>sacto</span> <span class='ocrx_word' id='word_1_43' title='bbox 1764 865 1779 894; x_wconf 90' lang='lat'>,</span> <span class='ocrx_word' id='word_1_44' title='bbox 1811 831 2008 882; x_wconf 88' lang='lat' dir='ltr'>contra</span> <span class='ocrx_word' id='word_1_45' title='bbox 2038 839 2194 898; x_wconf 80' lang='lat' dir='ltr'>reges</span> <span class='ocrx_word' id='word_1_46' title='bbox 2224 824 2319 878; x_wconf 89' lang='lat' dir='ltr'>ini-</span> 
     </span>
     <span class='ocr_line' id='line_1_7' title="bbox 717 911 2321 988; baseline 0 -19"><span class='ocrx_word' id='word_1_47' title='bbox 717 927 878 986; x_wconf 89' lang='lat' dir='ltr'>quos,</span> <span class='ocrx_word' id='word_1_48' title='bbox 909 927 1012 968; x_wconf 89' lang='lat' dir='ltr'>nec</span> <span class='ocrx_word' id='word_1_49' title='bbox 1043 911 1236 969; x_wconf 77' lang='lat' dir='ltr'>fuisset</span> <span class='ocrx_word' id='word_1_50' title='bbox 1261 915 1612 986; x_wconf 85' lang='lat' dir='ltr'>conveniens,</span> <span class='ocrx_word' id='word_1_51' title='bbox 1643 915 1771 988; x_wconf 88' lang='lat' dir='ltr'>quia</span> <span class='ocrx_word' id='word_1_52' title='bbox 1797 915 2001 971; x_wconf 85' lang='lat' dir='ltr'>infinita</span> <span class='ocrx_word' id='word_1_53' title='bbox 2030 913 2321 985; x_wconf 85' lang='lat' dir='ltr'>perturba·</span> 
     </span>
     <span class='ocr_line' id='line_1_8' title="bbox 712 1001 2315 1075; baseline 0.001 -17"><span class='ocrx_word' id='word_1_54' title='bbox 712 1003 790 1058; x_wconf 90' lang='lat' dir='ltr'>tio</span> <span class='ocrx_word' id='word_1_55' title='bbox 829 1001 956 1059; x_wconf 88' lang='lat' dir='ltr'>inde</span> <span class='ocrx_word' id='word_1_56' title='bbox 993 1009 1356 1075; x_wconf 80' lang='lat' dir='ltr'>sequeretur,</span> <span class='ocrx_word' id='word_1_57' title='bbox 1398 1011 1458 1062; x_wconf 89' lang='lat' dir='ltr'>et</span> <span class='ocrx_word' id='word_1_58' title='bbox 1485 1021 1676 1062; x_wconf 88' lang='lat' dir='ltr'>omnes</span> <span class='ocrx_word' id='word_1_59' title='bbox 1704 1004 1904 1062; x_wconf 89' lang='lat' dir='ltr'>subditi</span> <span class='ocrx_word' id='word_1_60' title='bbox 1935 1004 2094 1063; x_wconf 75' lang='lat' dir='ltr'>facile</span> <span class='ocrx_word' id='word_1_61' title='bbox 2120 1010 2315 1062; x_wconf 86' lang='lat' dir='ltr'>contra</span> 
     </span>
     <span class='ocr_line' id='line_1_9' title="bbox 715 1093 2319 1168; baseline 0.001 -18"><span class='ocrx_word' id='word_1_62' title='bbox 715 1107 874 1166; x_wconf 82' lang='lat' dir='ltr'>reges</span> <span class='ocrx_word' id='word_1_63' title='bbox 913 1095 1282 1168; x_wconf 80' lang='lat' dir='ltr'>insurgerent.</span> <span class='ocrx_word' id='word_1_64' title='bbox 1325 1093 1595 1168; x_wconf 72' lang='lat' dir='ltr'>Explicat-i</span> <span class='ocrx_word' id='word_1_65' title='bbox 1637 1094 1828 1152; x_wconf 86' lang='lat' dir='ltr'>deinde</span> <span class='ocrx_word' id='word_1_66' title='bbox 1873 1101 2053 1167; x_wconf 91' lang='lat' dir='ltr'>potest</span> <span class='ocrx_word' id='word_1_67' title='bbox 2089 1095 2140 1151; x_wconf 90' lang='lat' dir='ltr'>in</span> <span class='ocrx_word' id='word_1_68' title='bbox 2171 1093 2319 1152; x_wconf 86' lang='lat' dir='ltr'>hunc</span> 
     </span>
     <span class='ocr_line' id='line_1_10' title="bbox 713 1183 2311 1258; baseline -0.001 -18"><span class='ocrx_word' id='word_1_69' title='bbox 713 1183 943 1240; x_wconf 87' lang='lat' dir='ltr'>modum</span> <span class='ocrx_word' id='word_1_70' title='bbox 963 1223 979 1254; x_wconf 95' lang='lat'>,</span> <span class='ocrx_word' id='word_1_71' title='bbox 1012 1185 1142 1257; x_wconf 87' lang='lat' dir='ltr'>quia</span> <span class='ocrx_word' id='word_1_72' title='bbox 1168 1185 1254 1241; x_wconf 80' lang='lat' dir='ltr'>vel</span> <span class='ocrx_word' id='word_1_73' title='bbox 1281 1199 1397 1255; x_wconf 84' lang='lat' dir='ltr'>rex,</span> <span class='ocrx_word' id='word_1_74' title='bbox 1432 1183 1556 1241; x_wconf 89' lang='lat' dir='ltr'>licet</span> <span class='ocrx_word' id='word_1_75' title='bbox 1583 1184 1714 1242; x_wconf 90' lang='lat' dir='ltr'>alias</span> <span class='ocrx_word' id='word_1_76' title='bbox 1741 1199 1946 1258; x_wconf 78' lang='lat' dir='ltr'>pravus</span> <span class='ocrx_word' id='word_1_77' title='bbox 1975 1185 2071 1257; x_wconf 87' lang='lat' dir='ltr'>sit,</span> <span class='ocrx_word' id='word_1_78' title='bbox 2099 1185 2154 1241; x_wconf 91' lang='lat' dir='ltr'>in</span> <span class='ocrx_word' id='word_1_79' title='bbox 2184 1183 2311 1256; x_wconf 84' lang='lat' dir='ltr'>legi·</span> 
     </span>
     <span class='ocr_line' id='line_1_11' title="bbox 712 1271 2317 1350; baseline 0.001 -20"><span class='ocrx_word' id='word_1_80' title='bbox 712 1271 818 1330; x_wconf 88' lang='lat' dir='ltr'>bus</span> <span class='ocrx_word' id='word_1_81' title='bbox 843 1271 1083 1332; x_wconf 79' lang='lat' dir='ltr'>ferendis</span> <span class='ocrx_word' id='word_1_82' title='bbox 1114 1281 1296 1331; x_wconf 84' lang='lat' dir='ltr'>servat</span> <span class='ocrx_word' id='word_1_83' title='bbox 1323 1273 1663 1333; x_wconf 77' lang='lat' dir='ltr'>honestatem</span> <span class='ocrx_word' id='word_1_84' title='bbox 1693 1281 1750 1334; x_wconf 86' lang='lat' dir='ltr'>et</span> <span class='ocrx_word' id='word_1_85' title='bbox 1776 1277 2062 1342; x_wconf 89' lang='lat' dir='ltr'>iustitiam,</span> <span class='ocrx_word' id='word_1_86' title='bbox 2097 1281 2155 1350; x_wconf 81' lang='lat' dir='ltr'>et</span> <span class='ocrx_word' id='word_1_87' title='bbox 2184 1282 2317 1332; x_wconf 95' lang='grc' dir='ltr'>ωηο</span> 
     </span>
     <span class='ocr_line' id='line_1_12' title="bbox 715 1361 2320 1440; baseline 0.001 -20"><span class='ocrx_word' id='word_1_88' title='bbox 715 1361 1048 1440; x_wconf 75' lang='lat' dir='ltr'>formaliter,</span> <span class='ocrx_word' id='word_1_89' title='bbox 1091 1369 1148 1422; x_wconf 92' lang='lat' dir='ltr'>et</span> <span class='ocrx_word' id='word_1_90' title='bbox 1185 1365 1236 1420; x_wconf 89' lang='lat' dir='ltr'>in</span> <span class='ocrx_word' id='word_1_91' title='bbox 1279 1375 1544 1438; x_wconf 89' lang='lat' dir='ltr'>quantum</span> <span class='ocrx_word' id='word_1_92' title='bbox 1587 1381 1715 1438; x_wconf 86' lang='lat' dir='ltr'>rex,</span> <span class='ocrx_word' id='word_1_93' title='bbox 1757 1365 1937 1423; x_wconf 89' lang='lat' dir='ltr'>iustus</span> <span class='ocrx_word' id='word_1_94' title='bbox 1964 1372 2083 1438; x_wconf 81' lang='lat' dir='ltr'>est3</span> <span class='ocrx_word' id='word_1_95' title='bbox 2119 1364 2320 1422; x_wconf 88' lang='lat' dir='ltr'>malitia</span> 
     </span>
     <span class='ocr_line' id='line_1_13' title="bbox 720 1452 2319 1527; baseline 0 -17"><span class='ocrx_word' id='word_1_96' title='bbox 720 1457 904 1510; x_wconf 80' lang='lat' dir='ltr'>autem</span> <span class='ocrx_word' id='word_1_97' title='bbox 934 1452 1025 1510; x_wconf 89' lang='lat' dir='ltr'>illa</span> <span class='ocrx_word' id='word_1_98' title='bbox 1051 1469 1108 1510; x_wconf 87' lang='lat' dir='ltr'>se</span> <span class='ocrx_word' id='word_1_99' title='bbox 1131 1452 1296 1511; x_wconf 89' lang='lat' dir='ltr'>habet</span> <span class='ocrx_word' id='word_1_100' title='bbox 1321 1456 1479 1527; x_wconf 87' lang='lat' dir='ltr'>quasi</span> <span class='ocrx_word' id='word_1_101' title='bbox 1504 1457 1968 1526; x_wconf 87' lang='lat' dir='ltr'>concomitanter,</span> <span class='ocrx_word' id='word_1_102' title='bbox 1990 1461 2048 1512; x_wconf 89' lang='lat' dir='ltr'>et</span> <span class='ocrx_word' id='word_1_103' title='bbox 2068 1453 2189 1511; x_wconf 90' lang='lat' dir='ltr'>ideo</span> <span class='ocrx_word' id='word_1_104' title='bbox 2210 1470 2319 1510; x_wconf 90' lang='lat' dir='ltr'>non</span> 
     </span>
     <span class='ocr_line' id='line_1_14' title="bbox 717 1541 2317 1618; baseline -0.001 -19"><span class='ocrx_word' id='word_1_105' title='bbox 717 1542 892 1599; x_wconf 77' lang='lat' dir='ltr'>refert</span> <span class='ocrx_word' id='word_1_106' title='bbox 918 1541 984 1599; x_wconf 90' lang='lat' dir='ltr'>ad</span> <span class='ocrx_word' id='word_1_107' title='bbox 1013 1541 1154 1599; x_wconf 88' lang='lat' dir='ltr'>haue</span> <span class='ocrx_word' id='word_1_108' title='bbox 1187 1549 1532 1615; x_wconf 86' lang='lat' dir='ltr'>potestatem.</span> <span class='ocrx_word' id='word_1_109' title='bbox 1562 1543 1658 1601; x_wconf 88' lang='lat' dir='ltr'>Vel</span> <span class='ocrx_word' id='word_1_110' title='bbox 1680 1547 1734 1601; x_wconf 92' lang='lat' dir='ltr'>in</span> <span class='ocrx_word' id='word_1_111' title='bbox 1762 1545 1887 1618; x_wconf 86' lang='lat' dir='ltr'>ipsis</span> <span class='ocrx_word' id='word_1_112' title='bbox 1907 1545 2118 1617; x_wconf 80' lang='lat' dir='ltr'>legibus</span> <span class='ocrx_word' id='word_1_113' title='bbox 2141 1542 2317 1600; x_wconf 79' lang='lat' dir='ltr'>feren-</span> 
     </span>
     <span class='ocr_line' id='line_1_15' title="bbox 714 1631 2316 1706; baseline -0.001 -16"><span class='ocrx_word' id='word_1_114' title='bbox 714 1632 798 1690; x_wconf 89' lang='lat' dir='ltr'>dis</span> <span class='ocrx_word' id='word_1_115' title='bbox 837 1639 1060 1689; x_wconf 85' lang='lat' dir='ltr'>exercet</span> <span class='ocrx_word' id='word_1_116' title='bbox 1097 1631 1405 1690; x_wconf 86' lang='lat' dir='ltr'>iniustitiam</span> <span class='ocrx_word' id='word_1_117' title='bbox 1443 1640 1502 1690; x_wconf 90' lang='lat' dir='ltr'>et</span> <span class='ocrx_word' id='word_1_118' title='bbox 1527 1633 1898 1706; x_wconf 88' lang='lat' dir='ltr'>iniquitatem,</span> <span class='ocrx_word' id='word_1_119' title='bbox 1931 1631 2316 1706; x_wconf 83' lang='lat' dir='ltr'>praecipiendo</span> 
     </span>
     <span class='ocr_line' id='line_1_16' title="bbox 709 1722 2316 1796; baseline 0 -18"><span class='ocrx_word' id='word_1_120' title='bbox 709 1737 828 1779; x_wconf 89' lang='lat' dir='ltr'>rem</span> <span class='ocrx_word' id='word_1_121' title='bbox 868 1727 1119 1794; x_wconf 81' lang='lat' dir='ltr'>turpem,</span> <span class='ocrx_word' id='word_1_122' title='bbox 1150 1727 1204 1778; x_wconf 88' lang='lat' dir='ltr'>et</span> <span class='ocrx_word' id='word_1_123' title='bbox 1232 1728 1365 1780; x_wconf 89' lang='lat' dir='ltr'>tunc</span> <span class='ocrx_word' id='word_1_124' title='bbox 1395 1738 1502 1780; x_wconf 89' lang='lat' dir='ltr'>non</span> <span class='ocrx_word' id='word_1_125' title='bbox 1531 1723 1749 1781; x_wconf 85' lang='lat' dir='ltr'>inducit</span> <span class='ocrx_word' id='word_1_126' title='bbox 1776 1722 1998 1796; x_wconf 89' lang='lat' dir='ltr'>quidem</span> <span class='ocrx_word' id='word_1_127' title='bbox 2031 1722 2316 1796; x_wconf 82' lang='lat' dir='ltr'>obligatio-</span> 
     </span>
     <span class='ocr_line' id='line_1_17' title="bbox 710 1811 2314 1888; baseline -0.001 -18"><span class='ocrx_word' id='word_1_128' title='bbox 710 1828 834 1871; x_wconf 87' lang='lat' dir='ltr'>nem</span> <span class='ocrx_word' id='word_1_129' title='bbox 874 1828 972 1886; x_wconf 92' lang='lat' dir='ltr'>per</span> <span class='ocrx_word' id='word_1_130' title='bbox 1005 1811 1170 1870; x_wconf 90' lang='lat' dir='ltr'>talem</span> <span class='ocrx_word' id='word_1_131' title='bbox 1203 1818 1416 1871; x_wconf 89' lang='lat' dir='ltr'>actum.</span> <span class='ocrx_word' id='word_1_132' title='bbox 1448 1814 1587 1871; x_wconf 90' lang='lat' dir='ltr'>Nam</span> <span class='ocrx_word' id='word_1_133' title='bbox 1614 1814 1701 1871; x_wconf 86' lang='lat' dir='ltr'>lex</span> <span class='ocrx_word' id='word_1_134' title='bbox 1729 1813 1918 1888; x_wconf 88' lang='lat' dir='ltr'>iniqua</span> <span class='ocrx_word' id='word_1_135' title='bbox 1945 1828 2055 1871; x_wconf 92' lang='lat' dir='ltr'>non</span> <span class='ocrx_word' id='word_1_136' title='bbox 2083 1818 2174 1870; x_wconf 90' lang='lat' dir='ltr'>est</span> <span class='ocrx_word' id='word_1_137' title='bbox 2200 1811 2314 1884; x_wconf 85' lang='lat' dir='ltr'>lex,</span> 
     </span>
     <span class='ocr_line' id='line_1_18' title="bbox 711 1900 2310 1977; baseline -0.001 -18"><span class='ocrx_word' id='word_1_138' title='bbox 711 1917 813 1960; x_wconf 90' lang='lat' dir='ltr'>nec</span> <span class='ocrx_word' id='word_1_139' title='bbox 855 1909 1096 1974; x_wconf 87' lang='lat' dir='ltr'>potestas</span> <span class='ocrx_word' id='word_1_140' title='bbox 1135 1903 1282 1976; x_wconf 83' lang='lat' dir='ltr'>regia</span> <span class='ocrx_word' id='word_1_141' title='bbox 1319 1909 1407 1960; x_wconf 88' lang='lat' dir='ltr'>est</span> <span class='ocrx_word' id='word_1_142' title='bbox 1442 1902 1570 1960; x_wconf 92' lang='lat' dir='ltr'>data</span> <span class='ocrx_word' id='word_1_143' title='bbox 1598 1902 1667 1960; x_wconf 91' lang='lat' dir='ltr'>ad</span> <span class='ocrx_word' id='word_1_144' title='bbox 1695 1904 1830 1961; x_wconf 89' lang='lat' dir='ltr'>tales</span> <span class='ocrx_word' id='word_1_145' title='bbox 1858 1902 2004 1977; x_wconf 80' lang='lat' dir='ltr'>leges</span> <span class='ocrx_word' id='word_1_146' title='bbox 2033 1900 2310 1972; x_wconf 78' lang='lat' dir='ltr'>serendas,</span> 
     </span>
     <span class='ocr_line' id='line_1_19' title="bbox 707 1991 2317 2066; baseline 0 -17"><span class='ocrx_word' id='word_1_147' title='bbox 707 1993 864 2050; x_wconf 81' lang='lat' dir='ltr'>iuxta</span> <span class='ocrx_word' id='word_1_148' title='bbox 899 2007 994 2064; x_wconf 91' lang='lat' dir='ltr'>ea,</span> <span class='ocrx_word' id='word_1_149' title='bbox 1023 2007 1166 2066; x_wconf 89' lang='lat' dir='ltr'>quae</span> <span class='ocrx_word' id='word_1_150' title='bbox 1193 2008 1360 2064; x_wconf 83' lang='lat' dir='ltr'>supra</span> <span class='ocrx_word' id='word_1_151' title='bbox 1388 1991 1624 2051; x_wconf 79' lang='lat' dir='ltr'>diximus</span> <span class='ocrx_word' id='word_1_152' title='bbox 1653 1993 1721 2050; x_wconf 89' lang='lat' dir='ltr'>de</span> <span class='ocrx_word' id='word_1_153' title='bbox 1751 1993 1958 2052; x_wconf 86' lang='lat' dir='ltr'>ratione</span> <span class='ocrx_word' id='word_1_154' title='bbox 1985 1992 2142 2066; x_wconf 80' lang='lat' dir='ltr'>legis.</span> <span class='ocrx_word' id='word_1_155' title='bbox 2182 1993 2317 2050; x_wconf 90' lang='lat' dir='ltr'>Pos-</span> 
     </span>
     <span class='ocr_line' id='line_1_20' title="bbox 709 2081 2311 2155; baseline 0.001 -17"><span class='ocrx_word' id='word_1_156' title='bbox 709 2088 845 2140; x_wconf 88' lang='lat' dir='ltr'>sunt</span> <span class='ocrx_word' id='word_1_157' title='bbox 879 2097 1013 2155; x_wconf 86' lang='lat' dir='ltr'>ergo</span> <span class='ocrx_word' id='word_1_158' title='bbox 1053 2088 1188 2138; x_wconf 90' lang='lat' dir='ltr'>tunc</span> <span class='ocrx_word' id='word_1_159' title='bbox 1228 2081 1460 2155; x_wconf 86' lang='lat' dir='ltr'>subditi,</span> <span class='ocrx_word' id='word_1_160' title='bbox 1487 2087 1543 2140; x_wconf 77' lang='lat' dir='ltr'>et</span> <span class='ocrx_word' id='word_1_161' title='bbox 1567 2082 1767 2140; x_wconf 88' lang='lat' dir='ltr'>debent</span> <span class='ocrx_word' id='word_1_162' title='bbox 1797 2099 1905 2140; x_wconf 90' lang='lat' dir='ltr'>non</span> <span class='ocrx_word' id='word_1_163' title='bbox 1943 2083 2161 2140; x_wconf 87' lang='lat' dir='ltr'>obedire</span> <span class='ocrx_word' id='word_1_164' title='bbox 2197 2083 2311 2155; x_wconf 81' lang='lat' dir='ltr'>regi</span> 
     </span>
     <span class='ocr_line' id='line_1_21' title="bbox 708 2157 2315 2247; baseline -0.002 -16"><span class='ocrx_word' id='word_1_165' title='bbox 708 2176 765 2231; x_wconf 87' lang='lat' dir='ltr'>in</span> <span class='ocrx_word' id='word_1_166' title='bbox 793 2173 884 2230; x_wconf 88' lang='lat' dir='ltr'>tali</span> <span class='ocrx_word' id='word_1_167' title='bbox 912 2179 1230 2247; x_wconf 88' lang='lat' dir='ltr'>praecepto,</span> <span class='ocrx_word' id='word_1_168' title='bbox 1261 2175 1303 2228; x_wconf 92' lang='lat' dir='ltr'>si</span> <span class='ocrx_word' id='word_1_169' title='bbox 1332 2171 1400 2229; x_wconf 91' lang='lat' dir='ltr'>de</span> <span class='ocrx_word' id='word_1_170' title='bbox 1421 2187 1478 2229; x_wconf 87' lang='lat' dir='ltr'>re</span> <span class='ocrx_word' id='word_1_171' title='bbox 1503 2173 1685 2246; x_wconf 87' lang='lat' dir='ltr'>iniqua</span> <span class='ocrx_word' id='word_1_172' title='bbox 1708 2175 1811 2245; x_wconf 86' lang='lat' dir='ltr'>sit,</span> <span class='ocrx_word' id='word_1_173' title='bbox 1836 2188 1944 2230; x_wconf 88' lang='lat' dir='ltr'>non</span> <span class='ocrx_word' id='word_1_174' title='bbox 1975 2179 2154 2231; x_wconf 89' lang='lat' dir='ltr'>tamen</span> <span class='ocrx_word' id='word_1_175' title='bbox 2186 2157 2315 2245; x_wconf 75' lang='lat' dir='ltr'>p&#39;ro-</span> 
     </span>
     <span class='ocr_line' id='line_1_22' title="bbox 709 2261 2315 2336; baseline -0.001 -16"><span class='ocrx_word' id='word_1_176' title='bbox 709 2269 900 2336; x_wconf 89' lang='lat' dir='ltr'>pterea</span> <span class='ocrx_word' id='word_1_177' title='bbox 937 2267 1172 2334; x_wconf 87' lang='lat' dir='ltr'>pessunt</span> <span class='ocrx_word' id='word_1_178' title='bbox 1212 2261 1283 2318; x_wconf 88' lang='lat' dir='ltr'>illi</span> <span class='ocrx_word' id='word_1_179' title='bbox 1322 2261 1678 2319; x_wconf 80' lang='lat' dir='ltr'>obedientiam</span> <span class='ocrx_word' id='word_1_180' title='bbox 1719 2261 1976 2320; x_wconf 88' lang='lat' dir='ltr'>absolute</span> <span class='ocrx_word' id='word_1_181' title='bbox 2016 2277 2219 2336; x_wconf 82' lang='lat' dir='ltr'>negare</span> <span class='ocrx_word' id='word_1_182' title='bbox 2260 2263 2315 2318; x_wconf 88' lang='lat' dir='ltr'>in</span> 
     </span>
     <span class='ocr_line' id='line_1_23' title="bbox 709 2351 2315 2426; baseline -0.002 -16"><span class='ocrx_word' id='word_1_183' title='bbox 709 2352 792 2410; x_wconf 88' lang='lat' dir='ltr'>bis</span> <span class='ocrx_word' id='word_1_184' title='bbox 813 2395 828 2426; x_wconf 96' lang='lat'>,</span> <span class='ocrx_word' id='word_1_185' title='bbox 859 2367 1001 2425; x_wconf 89' lang='lat' dir='ltr'>quae</span> <span class='ocrx_word' id='word_1_186' title='bbox 1037 2353 1180 2408; x_wconf 89' lang='lat' dir='ltr'>iusta</span> <span class='ocrx_word' id='word_1_187' title='bbox 1207 2351 1428 2410; x_wconf 82' lang='lat' dir='ltr'>suerint.</span> <span class='ocrx_word' id='word_1_188' title='bbox 1461 2351 1560 2413; x_wconf 87' lang='lat' dir='ltr'>Vel</span> <span class='ocrx_word' id='word_1_189' title='bbox 1587 2351 1820 2426; x_wconf 88' lang='lat' dir='ltr'>denique</span> <span class='ocrx_word' id='word_1_190' title='bbox 1849 2367 1943 2409; x_wconf 83' lang='lat' dir='ltr'>rex</span> <span class='ocrx_word' id='word_1_191' title='bbox 1971 2358 2058 2409; x_wconf 91' lang='lat' dir='ltr'>est</span> <span class='ocrx_word' id='word_1_192' title='bbox 2083 2353 2315 2426; x_wconf 88' lang='lat' dir='ltr'>iniquus</span> 
     </span>
     <span class='ocr_line' id='line_1_24' title="bbox 708 2441 2317 2517; baseline -0.001 -18"><span class='ocrx_word' id='word_1_193' title='bbox 708 2445 875 2500; x_wconf 88' lang='lat' dir='ltr'>etiam</span> <span class='ocrx_word' id='word_1_194' title='bbox 901 2444 959 2499; x_wconf 88' lang='lat' dir='ltr'>in</span> <span class='ocrx_word' id='word_1_195' title='bbox 988 2442 1343 2514; x_wconf 83' lang='lat' dir='ltr'>usurpatione</span> <span class='ocrx_word' id='word_1_196' title='bbox 1369 2441 1538 2514; x_wconf 89' lang='lat' dir='ltr'>ipsius</span> <span class='ocrx_word' id='word_1_197' title='bbox 1565 2444 1874 2515; x_wconf 90' lang='lat' dir='ltr'>potestatis,</span> <span class='ocrx_word' id='word_1_198' title='bbox 1909 2443 2043 2514; x_wconf 87' lang='lat' dir='ltr'>quia</span> <span class='ocrx_word' id='word_1_199' title='bbox 2071 2443 2317 2517; x_wconf 86' lang='lat' dir='ltr'>tyranni-</span> 
     </span>
     <span class='ocr_line' id='line_1_25' title="bbox 709 2533 2315 2606; baseline -0.001 -16"><span class='ocrx_word' id='word_1_200' title='bbox 709 2548 775 2590; x_wconf 92' lang='lat' dir='ltr'>ce</span> <span class='ocrx_word' id='word_1_201' title='bbox 805 2533 952 2589; x_wconf 91' lang='lat' dir='ltr'>illam</span> <span class='ocrx_word' id='word_1_202' title='bbox 981 2534 1302 2606; x_wconf 80' lang='lat' dir='ltr'>occupavit3</span> <span class='ocrx_word' id='word_1_203' title='bbox 1334 2537 1390 2589; x_wconf 89' lang='lat' dir='ltr'>et</span> <span class='ocrx_word' id='word_1_204' title='bbox 1415 2538 1547 2590; x_wconf 88' lang='lat' dir='ltr'>tunc</span> <span class='ocrx_word' id='word_1_205' title='bbox 1577 2547 1770 2590; x_wconf 85' lang='lat' dir='ltr'>verum</span> <span class='ocrx_word' id='word_1_206' title='bbox 1795 2540 1902 2603; x_wconf 89' lang='lat' dir='ltr'>est,</span> <span class='ocrx_word' id='word_1_207' title='bbox 1933 2533 2079 2590; x_wconf 86' lang='lat' dir='ltr'>iilam</span> <span class='ocrx_word' id='word_1_208' title='bbox 2116 2533 2315 2606; x_wconf 89' lang='lat' dir='ltr'>iniqui-</span> 
     </span>
     <span class='ocr_line' id='line_1_26' title="bbox 707 2621 2318 2696; baseline 0 -16"><span class='ocrx_word' id='word_1_209' title='bbox 707 2629 874 2680; x_wconf 88' lang='lat' dir='ltr'>tatem</span> <span class='ocrx_word' id='word_1_210' title='bbox 899 2621 1195 2680; x_wconf 80' lang='lat' dir='ltr'>excludere</span> <span class='ocrx_word' id='word_1_211' title='bbox 1223 2628 1550 2694; x_wconf 88' lang='lat' dir='ltr'>potestatem</span> <span class='ocrx_word' id='word_1_212' title='bbox 1575 2638 1760 2680; x_wconf 84' lang='lat' dir='ltr'>veram</span> <span class='ocrx_word' id='word_1_213' title='bbox 1779 2663 1794 2694; x_wconf 94' lang='lat'>,</span> <span class='ocrx_word' id='word_1_214' title='bbox 1827 2639 1936 2680; x_wconf 90' lang='lat' dir='ltr'>non</span> <span class='ocrx_word' id='word_1_215' title='bbox 1965 2624 2095 2696; x_wconf 89' lang='lat' dir='ltr'>quia</span> <span class='ocrx_word' id='word_1_216' title='bbox 2141 2624 2318 2694; x_wconf 83' lang='lat' dir='ltr'>privet</span> 
     </span>
     <span class='ocr_line' id='line_1_27' title="bbox 711 2711 2315 2787; baseline 0.001 -18"><span class='ocrx_word' id='word_1_217' title='bbox 711 2711 801 2770; x_wconf 89' lang='lat' dir='ltr'>illa</span> <span class='ocrx_word' id='word_1_218' title='bbox 822 2754 838 2784; x_wconf 95' lang='lat'>,</span> <span class='ocrx_word' id='word_1_219' title='bbox 869 2711 964 2785; x_wconf 81' lang='lat' dir='ltr'>sed</span> <span class='ocrx_word' id='word_1_220' title='bbox 993 2713 1123 2784; x_wconf 88' lang='lat' dir='ltr'>quia</span> <span class='ocrx_word' id='word_1_221' title='bbox 1149 2714 1409 2785; x_wconf 75' lang='lat' dir='ltr'>supponit</span> <span class='ocrx_word' id='word_1_222' title='bbox 1434 2713 1728 2770; x_wconf 87' lang='lat' dir='ltr'>carentiam</span> <span class='ocrx_word' id='word_1_223' title='bbox 1765 2715 1913 2785; x_wconf 91' lang='lat' dir='ltr'>eius,</span> <span class='ocrx_word' id='word_1_224' title='bbox 1945 2728 2184 2787; x_wconf 89' lang='lat' dir='ltr'>eamque</span> <span class='ocrx_word' id='word_1_225' title='bbox 2216 2714 2315 2771; x_wconf 91' lang='lat' dir='ltr'>do-</span> 
     </span>
     <span class='ocr_line' id='line_1_28' title="bbox 711 2788 2319 2874; baseline 0 -15"><span class='ocrx_word' id='word_1_226' title='bbox 711 2817 843 2859; x_wconf 90' lang='lat' dir='ltr'>nare</span> <span class='ocrx_word' id='word_1_227' title='bbox 867 2788 975 2859; x_wconf 79' lang='lat' dir='ltr'>non</span> <span class='ocrx_word' id='word_1_228' title='bbox 1003 2807 1211 2874; x_wconf 88' lang='lat' dir='ltr'>potest,</span> <span class='ocrx_word' id='word_1_229' title='bbox 1233 2808 1290 2860; x_wconf 89' lang='lat' dir='ltr'>et</span> <span class='ocrx_word' id='word_1_230' title='bbox 1310 2808 1445 2859; x_wconf 91' lang='lat' dir='ltr'>tunc</span> <span class='ocrx_word' id='word_1_231' title='bbox 1475 2804 1669 2860; x_wconf 89' lang='lat' dir='ltr'>merito</span> <span class='ocrx_word' id='word_1_232' title='bbox 1694 2802 1782 2859; x_wconf 84' lang='lat' dir='ltr'>tali</span> <span class='ocrx_word' id='word_1_233' title='bbox 1813 2802 2020 2860; x_wconf 87' lang='lat' dir='ltr'>homini</span> <span class='ocrx_word' id='word_1_234' title='bbox 2045 2817 2154 2860; x_wconf 90' lang='lat' dir='ltr'>non</span> <span class='ocrx_word' id='word_1_235' title='bbox 2186 2801 2319 2860; x_wconf 90' lang='lat' dir='ltr'>obe-</span> 
     </span>
     <span class='ocr_line' id='line_1_29' title="bbox 711 2891 1898 2967; baseline -0.001 -18"><span class='ocrx_word' id='word_1_236' title='bbox 711 2891 888 2964; x_wconf 85' lang='lat' dir='ltr'>ditur,</span> <span class='ocrx_word' id='word_1_237' title='bbox 919 2893 1047 2964; x_wconf 87' lang='lat' dir='ltr'>quia</span> <span class='ocrx_word' id='word_1_238' title='bbox 1073 2906 1167 2950; x_wconf 91' lang='lat' dir='ltr'>rex</span> <span class='ocrx_word' id='word_1_239' title='bbox 1200 2907 1306 2948; x_wconf 91' lang='lat' dir='ltr'>non</span> <span class='ocrx_word' id='word_1_240' title='bbox 1331 2897 1454 2962; x_wconf 88' lang='lat' dir='ltr'>est,</span> <span class='ocrx_word' id='word_1_241' title='bbox 1483 2891 1578 2950; x_wconf 87' lang='lat' dir='ltr'>sed</span> <span class='ocrx_word' id='word_1_242' title='bbox 1609 2899 1898 2967; x_wconf 84' lang='lat' dir='ltr'>tyrannus.</span> 
     </span>
    </p>

    <p class='ocr_par' dir='ltr' id='par_1_3' title="bbox 703 2979 2323 5024">
     <span class='ocr_line' id='line_1_30' title="bbox 792 2979 2317 3043; baseline -0.003 -1"><span class='ocrx_word' id='word_1_243' title='bbox 792 2987 846 3043; x_wconf 85' lang='lat'>7.</span> <span class='ocrx_word' id='word_1_244' title='bbox 875 2983 1134 3040; x_wconf 89' lang='lat' dir='ltr'>Occurrit</span> <span class='ocrx_word' id='word_1_245' title='bbox 1159 2979 1341 3039; x_wconf 78' lang='lat' dir='ltr'>autem</span> <span class='ocrx_word' id='word_1_246' title='bbox 1372 2981 1459 3038; x_wconf 87' lang='lat' dir='ltr'>hic</span> <span class='ocrx_word' id='word_1_247' title='bbox 1497 2982 1740 3039; x_wconf 86' lang='lat' dir='ltr'>incidens</span> <span class='ocrx_word' id='word_1_248' title='bbox 1767 2981 1994 3040; x_wconf 91' lang='lat' dir='ltr'>dubium</span> <span class='ocrx_word' id='word_1_249' title='bbox 2025 2983 2177 3039; x_wconf 91' lang='lat' dir='ltr'>circa</span> <span class='ocrx_word' id='word_1_250' title='bbox 2208 2979 2317 3038; x_wconf 89' lang='lat' dir='ltr'>hoc</span> 
     </span>
     <span class='ocr_line' id='line_1_31' title="bbox 709 3071 2318 3145; baseline -0.002 -13"><span class='ocrx_word' id='word_1_251' title='bbox 709 3074 962 3132; x_wconf 88' lang='lat' dir='ltr'>ultimum</span> <span class='ocrx_word' id='word_1_252' title='bbox 987 3073 1312 3132; x_wconf 86' lang='lat' dir='ltr'>membrum:</span> <span class='ocrx_word' id='word_1_253' title='bbox 1347 3089 1416 3129; x_wconf 91' lang='lat' dir='ltr'>an</span> <span class='ocrx_word' id='word_1_254' title='bbox 1443 3073 1494 3129; x_wconf 89' lang='lat' dir='ltr'>in</span> <span class='ocrx_word' id='word_1_255' title='bbox 1531 3088 1596 3128; x_wconf 90' lang='lat' dir='ltr'>eo</span> <span class='ocrx_word' id='word_1_256' title='bbox 1624 3088 1760 3130; x_wconf 84' lang='lat' dir='ltr'>casu</span> <span class='ocrx_word' id='word_1_257' title='bbox 1788 3075 2002 3145; x_wconf 83' lang='lat' dir='ltr'>possint</span> <span class='ocrx_word' id='word_1_258' title='bbox 2028 3071 2231 3129; x_wconf 88' lang='lat' dir='ltr'>subditi</span> <span class='ocrx_word' id='word_1_259' title='bbox 2258 3072 2318 3129; x_wconf 91' lang='lat' dir='ltr'>li·</span> 
     </span>
     <span class='ocr_line' id='line_1_32' title="bbox 709 3162 2313 3236; baseline -0.003 -13"><span class='ocrx_word' id='word_1_260' title='bbox 709 3166 814 3224; x_wconf 90' lang='lat' dir='ltr'>cite</span> <span class='ocrx_word' id='word_1_261' title='bbox 853 3166 1070 3223; x_wconf 83' lang='lat' dir='ltr'>obedire</span> <span class='ocrx_word' id='word_1_262' title='bbox 1110 3162 1422 3221; x_wconf 88' lang='lat' dir='ltr'>huiusmodi</span> <span class='ocrx_word' id='word_1_263' title='bbox 1461 3162 1724 3236; x_wconf 88' lang='lat' dir='ltr'>principi,</span> <span class='ocrx_word' id='word_1_264' title='bbox 1759 3163 1804 3219; x_wconf 89' lang='lat' dir='ltr'>si</span> <span class='ocrx_word' id='word_1_265' title='bbox 1833 3162 2035 3236; x_wconf 78' lang='lat' dir='ltr'>alioqui</span> <span class='ocrx_word' id='word_1_266' title='bbox 2063 3176 2129 3219; x_wconf 85' lang='lat' dir='ltr'>ex</span> <span class='ocrx_word' id='word_1_267' title='bbox 2155 3169 2313 3234; x_wconf 89' lang='lat' dir='ltr'>parte</span> 
     </span>
     <span class='ocr_line' id='line_1_33' title="bbox 711 3251 2317 3328; baseline -0.003 -15"><span class='ocrx_word' id='word_1_268' title='bbox 711 3257 968 3315; x_wconf 87' lang='lat' dir='ltr'>materiae</span> <span class='ocrx_word' id='word_1_269' title='bbox 1009 3253 1182 3313; x_wconf 87' lang='lat' dir='ltr'>iustas</span> <span class='ocrx_word' id='word_1_270' title='bbox 1223 3254 1368 3328; x_wconf 80' lang='lat' dir='ltr'>leges</span> <span class='ocrx_word' id='word_1_271' title='bbox 1405 3253 1566 3311; x_wconf 78' lang='lat' dir='ltr'>serat.</span> <span class='ocrx_word' id='word_1_272' title='bbox 1595 3251 1752 3323; x_wconf 85' lang='lat' dir='ltr'>Quod</span> <span class='ocrx_word' id='word_1_273' title='bbox 1779 3253 1924 3311; x_wconf 90' lang='lat' dir='ltr'>enim</span> <span class='ocrx_word' id='word_1_274' title='bbox 1955 3268 2064 3309; x_wconf 90' lang='lat' dir='ltr'>non</span> <span class='ocrx_word' id='word_1_275' title='bbox 2093 3258 2317 3310; x_wconf 86' lang='lat' dir='ltr'>tenean-</span> 
     </span>
     <span class='ocr_line' id='line_1_34' title="bbox 711 3341 2317 3419; baseline -0.004 -15"><span class='ocrx_word' id='word_1_276' title='bbox 711 3341 804 3404; x_wconf 73' lang='lat' dir='ltr'>tu&#39;r</span> <span class='ocrx_word' id='word_1_277' title='bbox 821 3387 836 3416; x_wconf 93' lang='lat'>,</span> <span class='ocrx_word' id='word_1_278' title='bbox 861 3341 960 3418; x_wconf 82' lang='lat' dir='ltr'>per</span> <span class='ocrx_word' id='word_1_279' title='bbox 981 3361 1041 3404; x_wconf 86' lang='lat' dir='ltr'>se</span> <span class='ocrx_word' id='word_1_280' title='bbox 1061 3342 1338 3419; x_wconf 83' lang='lat' dir='ltr'>loquendo</span> <span class='ocrx_word' id='word_1_281' title='bbox 1360 3385 1376 3418; x_wconf 89' lang='lat'>,</span> <span class='ocrx_word' id='word_1_282' title='bbox 1400 3341 1752 3400; x_wconf 76' lang='lat' dir='ltr'>manifestum</span> <span class='ocrx_word' id='word_1_283' title='bbox 1773 3347 1888 3414; x_wconf 87' lang='lat' dir='ltr'>est,</span> <span class='ocrx_word' id='word_1_284' title='bbox 1911 3343 2042 3416; x_wconf 88' lang='lat' dir='ltr'>quia</span> <span class='ocrx_word' id='word_1_285' title='bbox 2063 3341 2187 3398; x_wconf 90' lang='lat' dir='ltr'>illae</span> <span class='ocrx_word' id='word_1_286' title='bbox 2210 3357 2317 3399; x_wconf 89' lang='lat' dir='ltr'>non</span> 
     </span>
     <span class='ocr_line' id='line_1_35' title="bbox 708 3431 2317 3508; baseline -0.002 -16"><span class='ocrx_word' id='word_1_287' title='bbox 708 3442 842 3493; x_wconf 83' lang='lat' dir='ltr'>sunt</span> <span class='ocrx_word' id='word_1_288' title='bbox 869 3435 1016 3508; x_wconf 81' lang='lat' dir='ltr'>leges</span> <span class='ocrx_word' id='word_1_289' title='bbox 1043 3437 1196 3492; x_wconf 85' lang='lat' dir='ltr'>iuxta</span> <span class='ocrx_word' id='word_1_290' title='bbox 1237 3448 1408 3506; x_wconf 88' lang='lat' dir='ltr'>supra</span> <span class='ocrx_word' id='word_1_291' title='bbox 1448 3431 1626 3505; x_wconf 89' lang='lat' dir='ltr'>dicta,</span> <span class='ocrx_word' id='word_1_292' title='bbox 1657 3447 1786 3489; x_wconf 90' lang='lat' dir='ltr'>cum</span> <span class='ocrx_word' id='word_1_293' title='bbox 1816 3447 1924 3488; x_wconf 89' lang='lat' dir='ltr'>non</span> <span class='ocrx_word' id='word_1_294' title='bbox 1951 3431 2256 3504; x_wconf 90' lang='lat' dir='ltr'>procedant</span> <span class='ocrx_word' id='word_1_295' title='bbox 2284 3447 2317 3488; x_wconf 89' lang='lat' dir='ltr'>a</span> 
     </span>
     <span class='ocr_line' id='line_1_36' title="bbox 708 3519 2323 3599; baseline -0.002 -19"><span class='ocrx_word' id='word_1_296' title='bbox 708 3522 950 3599; x_wconf 75' lang='lat' dir='ltr'>legitima</span> <span class='ocrx_word' id='word_1_297' title='bbox 978 3529 1273 3596; x_wconf 75' lang='lat' dir='ltr'>potestate.</span> <span class='ocrx_word' id='word_1_298' title='bbox 1302 3519 1460 3590; x_wconf 87' lang='lat' dir='ltr'>Quod</span> <span class='ocrx_word' id='word_1_299' title='bbox 1480 3529 1670 3579; x_wconf 90' lang='lat' dir='ltr'>autem</span> <span class='ocrx_word' id='word_1_300' title='bbox 1692 3521 1928 3596; x_wconf 81' lang='lat' dir='ltr'>possint,</span> <span class='ocrx_word' id='word_1_301' title='bbox 1955 3519 2173 3578; x_wconf 84' lang='lat' dir='ltr'>videtur</span> <span class='ocrx_word' id='word_1_302' title='bbox 2194 3536 2323 3594; x_wconf 89' lang='lat' dir='ltr'>per·</span> 
     </span>
     <span class='ocr_line' id='line_1_37' title="bbox 708 3610 2315 3687; baseline -0.002 -17"><span class='ocrx_word' id='word_1_303' title='bbox 708 3612 960 3687; x_wconf 78' lang='lat' dir='ltr'>suaderi,</span> <span class='ocrx_word' id='word_1_304' title='bbox 1003 3613 1132 3686; x_wconf 92' lang='lat' dir='ltr'>quia</span> <span class='ocrx_word' id='word_1_305' title='bbox 1173 3617 1410 3684; x_wconf 88' lang='lat' dir='ltr'>possunt</span> <span class='ocrx_word' id='word_1_306' title='bbox 1454 3611 1636 3667; x_wconf 80' lang='lat' dir='ltr'>facere</span> <span class='ocrx_word' id='word_1_307' title='bbox 1674 3610 1947 3685; x_wconf 87' lang='lat' dir='ltr'>quidquid</span> <span class='ocrx_word' id='word_1_308' title='bbox 1973 3611 2181 3668; x_wconf 87' lang='lat' dir='ltr'>bonum</span> <span class='ocrx_word' id='word_1_309' title='bbox 2207 3617 2315 3685; x_wconf 89' lang='lat' dir='ltr'>est,</span> 
     </span>
     <span class='ocr_line' id='line_1_38' title="bbox 705 3695 2321 3774; baseline -0.002 -13"><span class='ocrx_word' id='word_1_310' title='bbox 705 3704 793 3761; x_wconf 81' lang='lat' dir='ltr'>vel</span> <span class='ocrx_word' id='word_1_311' title='bbox 833 3718 940 3760; x_wconf 90' lang='lat' dir='ltr'>non</span> <span class='ocrx_word' id='word_1_312' title='bbox 979 3701 1223 3774; x_wconf 89' lang='lat' dir='ltr'>malum,</span> <span class='ocrx_word' id='word_1_313' title='bbox 1253 3700 1385 3758; x_wconf 90' lang='lat' dir='ltr'>licet</span> <span class='ocrx_word' id='word_1_314' title='bbox 1421 3716 1529 3758; x_wconf 91' lang='lat' dir='ltr'>non</span> <span class='ocrx_word' id='word_1_315' title='bbox 1563 3695 1886 3774; x_wconf 71' lang='lat' dir='ltr'>teneantffl·,</span> <span class='ocrx_word' id='word_1_316' title='bbox 1919 3699 2169 3758; x_wconf 88' lang='lat' dir='ltr'>cedendo</span> <span class='ocrx_word' id='word_1_317' title='bbox 2210 3699 2321 3758; x_wconf 91' lang='lat' dir='ltr'>iuri</span> 
     </span>
     <span class='ocr_line' id='line_1_39' title="bbox 707 3789 2323 3866; baseline -0.001 -16"><span class='ocrx_word' id='word_1_318' title='bbox 707 3808 850 3866; x_wconf 91' lang='lat' dir='ltr'>suo,</span> <span class='ocrx_word' id='word_1_319' title='bbox 887 3798 945 3850; x_wconf 91' lang='lat' dir='ltr'>et</span> <span class='ocrx_word' id='word_1_320' title='bbox 983 3791 1252 3864; x_wconf 81' lang='lat' dir='ltr'>patienter</span> <span class='ocrx_word' id='word_1_321' title='bbox 1292 3793 1402 3847; x_wconf 85' lang='lat' dir='ltr'>vim</span> <span class='ocrx_word' id='word_1_322' title='bbox 1441 3790 1670 3847; x_wconf 88' lang='lat' dir='ltr'>alterius</span> <span class='ocrx_word' id='word_1_323' title='bbox 1699 3789 2046 3849; x_wconf 88' lang='lat' dir='ltr'>sustinendo.</span> <span class='ocrx_word' id='word_1_324' title='bbox 2080 3791 2195 3847; x_wconf 86' lang='lat' dir='ltr'>imo</span> <span class='ocrx_word' id='word_1_325' title='bbox 2224 3789 2323 3848; x_wconf 86' lang='lat' dir='ltr'>ad·</span> 
     </span>
     <span class='ocr_line' id='line_1_40' title="bbox 706 3881 2317 3954; baseline -0.001 -13"><span class='ocrx_word' id='word_1_326' title='bbox 706 3882 847 3941; x_wconf 90' lang='lat' dir='ltr'>dunt</span> <span class='ocrx_word' id='word_1_327' title='bbox 875 3882 1034 3941; x_wconf 90' lang='lat' dir='ltr'>multi</span> <span class='ocrx_word' id='word_1_328' title='bbox 1062 3889 1322 3940; x_wconf 89' lang='lat' dir='ltr'>auctores</span> <span class='ocrx_word' id='word_1_329' title='bbox 1344 3920 1361 3954; x_wconf 95' lang='lat'>,</span> <span class='ocrx_word' id='word_1_330' title='bbox 1399 3896 1562 3954; x_wconf 87' lang='lat' dir='ltr'>posse</span> <span class='ocrx_word' id='word_1_331' title='bbox 1592 3887 1728 3939; x_wconf 89' lang='lat' dir='ltr'>tunc</span> <span class='ocrx_word' id='word_1_332' title='bbox 1763 3881 2010 3941; x_wconf 86' lang='lat' dir='ltr'>subditos</span> <span class='ocrx_word' id='word_1_333' title='bbox 2031 3881 2317 3954; x_wconf 86' lang='lat' dir='ltr'>postulare</span> 
     </span>
     <span class='ocr_line' id='line_1_41' title="bbox 707 3972 2319 4046; baseline -0.001 -15"><span class='ocrx_word' id='word_1_334' title='bbox 707 3973 778 4031; x_wconf 90' lang='lat' dir='ltr'>ab</span> <span class='ocrx_word' id='word_1_335' title='bbox 821 3972 1132 4032; x_wconf 87' lang='lat' dir='ltr'>huiusmodi</span> <span class='ocrx_word' id='word_1_336' title='bbox 1169 3972 1414 4046; x_wconf 83' lang='lat' dir='ltr'>principe</span> <span class='ocrx_word' id='word_1_337' title='bbox 1452 3979 1509 4030; x_wconf 91' lang='lat' dir='ltr'>et</span> <span class='ocrx_word' id='word_1_338' title='bbox 1548 3974 1940 4029; x_wconf 88' lang='lat' dir='ltr'>concessiones</span> <span class='ocrx_word' id='word_1_339' title='bbox 1980 3973 2222 4044; x_wconf 79' lang='lat' dir='ltr'>gratiae,</span> <span class='ocrx_word' id='word_1_340' title='bbox 2262 3977 2319 4030; x_wconf 90' lang='lat' dir='ltr'>et</span> 
     </span>
     <span class='ocr_line' id='line_1_42' title="bbox 706 4060 2317 4137; baseline 0 -18"><span class='ocrx_word' id='word_1_341' title='bbox 706 4071 870 4121; x_wconf 84' lang='lat' dir='ltr'>actus</span> <span class='ocrx_word' id='word_1_342' title='bbox 888 4064 1148 4137; x_wconf 87' lang='lat' dir='ltr'>iustitiae,</span> <span class='ocrx_word' id='word_1_343' title='bbox 1172 4062 1266 4135; x_wconf 93' lang='lat' dir='ltr'>qui</span> <span class='ocrx_word' id='word_1_344' title='bbox 1291 4061 1344 4118; x_wconf 90' lang='lat' dir='ltr'>in</span> <span class='ocrx_word' id='word_1_345' title='bbox 1374 4077 1434 4118; x_wconf 90' lang='lat' dir='ltr'>se</span> <span class='ocrx_word' id='word_1_346' title='bbox 1463 4061 1648 4119; x_wconf 88' lang='lat' dir='ltr'>iniusti</span> <span class='ocrx_word' id='word_1_347' title='bbox 1676 4077 1786 4118; x_wconf 89' lang='lat' dir='ltr'>non</span> <span class='ocrx_word' id='word_1_348' title='bbox 1809 4060 1942 4132; x_wconf 89' lang='lat' dir='ltr'>sint,</span> <span class='ocrx_word' id='word_1_349' title='bbox 1969 4061 2221 4133; x_wconf 87' lang='lat' dir='ltr'>quamvis</span> <span class='ocrx_word' id='word_1_350' title='bbox 2248 4061 2317 4119; x_wconf 91' lang='lat' dir='ltr'>ab</span> 
     </span>
     <span class='ocr_line' id='line_1_43' title="bbox 704 4151 2311 4225; baseline -0.001 -14"><span class='ocrx_word' id='word_1_351' title='bbox 704 4151 799 4212; x_wconf 86' lang='lat' dir='ltr'>illo</span> <span class='ocrx_word' id='word_1_352' title='bbox 842 4153 1042 4210; x_wconf 88' lang='lat' dir='ltr'>iniuste</span> <span class='ocrx_word' id='word_1_353' title='bbox 1081 4153 1188 4209; x_wconf 87' lang='lat' dir='ltr'>sint</span> <span class='ocrx_word' id='word_1_354' title='bbox 1210 4152 1444 4210; x_wconf 80' lang='lat' dir='ltr'>faciendi</span> <span class='ocrx_word' id='word_1_355' title='bbox 1475 4167 1572 4224; x_wconf 91' lang='lat' dir='ltr'>per</span> <span class='ocrx_word' id='word_1_356' title='bbox 1601 4156 1927 4224; x_wconf 84' lang='lat' dir='ltr'>usurpatam</span> <span class='ocrx_word' id='word_1_357' title='bbox 1957 4155 2311 4225; x_wconf 85' lang='lat' dir='ltr'>potestatem,</span> 
     </span>
     <span class='ocr_line' id='line_1_44' title="bbox 706 4239 2312 4315; baseline -0.001 -16"><span class='ocrx_word' id='word_1_358' title='bbox 706 4242 838 4315; x_wconf 81' lang='lat' dir='ltr'>quia</span> <span class='ocrx_word' id='word_1_359' title='bbox 859 4248 990 4300; x_wconf 89' lang='lat' dir='ltr'>tunc</span> <span class='ocrx_word' id='word_1_360' title='bbox 1011 4257 1120 4299; x_wconf 90' lang='lat' dir='ltr'>non</span> <span class='ocrx_word' id='word_1_361' title='bbox 1142 4241 1412 4299; x_wconf 88' lang='lat' dir='ltr'>inducunt</span> <span class='ocrx_word' id='word_1_362' title='bbox 1431 4239 1500 4298; x_wconf 86' lang='lat' dir='ltr'>ad</span> <span class='ocrx_word' id='word_1_363' title='bbox 1525 4240 1754 4314; x_wconf 89' lang='lat' dir='ltr'>malum,</span> <span class='ocrx_word' id='word_1_364' title='bbox 1779 4240 1872 4298; x_wconf 88' lang='lat' dir='ltr'>sed</span> <span class='ocrx_word' id='word_1_365' title='bbox 1895 4241 1964 4298; x_wconf 93' lang='lat' dir='ltr'>ad</span> <span class='ocrx_word' id='word_1_366' title='bbox 1989 4241 2173 4299; x_wconf 90' lang='lat' dir='ltr'>minus</span> <span class='ocrx_word' id='word_1_367' title='bbox 2196 4256 2312 4299; x_wconf 88' lang='lat' dir='ltr'>ma·</span> 
     </span>
     <span class='ocr_line' id='line_1_45' title="bbox 705 4329 2314 4407; baseline -0.001 -16"><span class='ocrx_word' id='word_1_368' title='bbox 705 4333 852 4405; x_wconf 71' lang='lat' dir='ltr'>luni,</span> <span class='ocrx_word' id='word_1_369' title='bbox 897 4334 1078 4392; x_wconf 89' lang='lat' dir='ltr'>minus</span> <span class='ocrx_word' id='word_1_370' title='bbox 1118 4333 1262 4390; x_wconf 90' lang='lat' dir='ltr'>enim</span> <span class='ocrx_word' id='word_1_371' title='bbox 1303 4332 1511 4390; x_wconf 88' lang='lat' dir='ltr'>malum</span> <span class='ocrx_word' id='word_1_372' title='bbox 1553 4337 1640 4389; x_wconf 91' lang='lat' dir='ltr'>est</span> <span class='ocrx_word' id='word_1_373' title='bbox 1681 4331 1760 4388; x_wconf 90' lang='lat' dir='ltr'>sic</span> <span class='ocrx_word' id='word_1_374' title='bbox 1790 4329 2117 4406; x_wconf 72' lang='lat' dir='ltr'>gubernari,</span> <span class='ocrx_word' id='word_1_375' title='bbox 2146 4347 2314 4407; x_wconf 89' lang='lat' dir='ltr'>quam</span> 
     </span>
     <span class='ocr_line' id='line_1_46' title="bbox 707 4420 2311 4498; baseline 0.001 -18"><span class='ocrx_word' id='word_1_376' title='bbox 707 4425 928 4482; x_wconf 90' lang='lat' dir='ltr'>omnino</span> <span class='ocrx_word' id='word_1_377' title='bbox 967 4439 1077 4481; x_wconf 90' lang='lat' dir='ltr'>non</span> <span class='ocrx_word' id='word_1_378' title='bbox 1103 4424 1426 4498; x_wconf 75' lang='lat' dir='ltr'>gubernari.</span> <span class='ocrx_word' id='word_1_379' title='bbox 1457 4425 1537 4481; x_wconf 88' lang='lat' dir='ltr'>lta</span> <span class='ocrx_word' id='word_1_380' title='bbox 1567 4420 1759 4481; x_wconf 90' lang='lat' dir='ltr'>docuit</span> <span class='ocrx_word' id='word_1_381' title='bbox 1781 4424 1949 4481; x_wconf 88' lang='lat' dir='ltr'>Caiet.</span> <span class='ocrx_word' id='word_1_382' title='bbox 1980 4425 2035 4480; x_wconf 91' lang='lat' dir='ltr'>in</span> <span class='ocrx_word' id='word_1_383' title='bbox 2063 4424 2311 4496; x_wconf 87' lang='lat' dir='ltr'>Summa,</span> 
     </span>
     <span class='ocr_line' id='line_1_47' title="bbox 705 4513 2316 4590; baseline -0.001 -18"><span class='ocrx_word' id='word_1_384' title='bbox 705 4515 875 4573; x_wconf 80' lang='lat' dir='ltr'>verbo</span> <span class='ocrx_word' id='word_1_385' title='bbox 905 4521 1222 4590; x_wconf 75' lang='lat' dir='ltr'>tyrannus,</span> <span class='ocrx_word' id='word_1_386' title='bbox 1250 4531 1415 4590; x_wconf 90' lang='lat' dir='ltr'>quem</span> <span class='ocrx_word' id='word_1_387' title='bbox 1448 4516 1700 4588; x_wconf 88' lang='lat' dir='ltr'>sequitur</span> <span class='ocrx_word' id='word_1_388' title='bbox 1719 4513 1942 4572; x_wconf 80' lang='lat' dir='ltr'>Armilla</span> <span class='ocrx_word' id='word_1_389' title='bbox 1969 4513 2166 4573; x_wconf 89' lang='lat' dir='ltr'>eodem</span> <span class='ocrx_word' id='word_1_390' title='bbox 2192 4529 2316 4571; x_wconf 86' lang='lat' dir='ltr'>ver-</span> 
     </span>
     <span class='ocr_line' id='line_1_48' title="bbox 704 4605 2313 4679; baseline 0.001 -17"><span class='ocrx_word' id='word_1_391' title='bbox 704 4605 806 4679; x_wconf 90' lang='lat' dir='ltr'>bo,</span> <span class='ocrx_word' id='word_1_392' title='bbox 835 4611 892 4662; x_wconf 92' lang='lat' dir='ltr'>et</span> <span class='ocrx_word' id='word_1_393' title='bbox 919 4609 1196 4664; x_wconf 83' lang='lat' dir='ltr'>Navarrus</span> <span class='ocrx_word' id='word_1_394' title='bbox 1223 4620 1279 4662; x_wconf 96' lang='grc' dir='ltr'>ο.</span> <span class='ocrx_word' id='word_1_395' title='bbox 1317 4609 1383 4664; x_wconf 74' lang='lat'>14</span> <span class='ocrx_word' id='word_1_396' title='bbox 1405 4647 1421 4678; x_wconf 92' lang='lat'>,</span> <span class='ocrx_word' id='word_1_397' title='bbox 1445 4620 1501 4661; x_wconf 90' lang='lat' dir='ltr'>n.</span> <span class='ocrx_word' id='word_1_398' title='bbox 1538 4608 1637 4663; x_wconf 80' lang='lat'>41.</span> <span class='ocrx_word' id='word_1_399' title='bbox 1667 4605 1726 4661; x_wconf 87' lang='lat' dir='ltr'>ln</span> <span class='ocrx_word' id='word_1_400' title='bbox 1755 4606 2100 4663; x_wconf 87' lang='lat' dir='ltr'>contrarium</span> <span class='ocrx_word' id='word_1_401' title='bbox 2128 4611 2313 4664; x_wconf 81' lang='lat' dir='ltr'>aulem</span> 
     </span>
     <span class='ocr_line' id='line_1_49' title="bbox 703 4694 2313 4770; baseline 0 -19"><span class='ocrx_word' id='word_1_402' title='bbox 703 4711 827 4752; x_wconf 87' lang='lat' dir='ltr'>esse</span> <span class='ocrx_word' id='word_1_403' title='bbox 855 4694 1109 4770; x_wconf 81' lang='lat' dir='ltr'>videtur,</span> <span class='ocrx_word' id='word_1_404' title='bbox 1143 4699 1273 4770; x_wconf 89' lang='lat' dir='ltr'>quia</span> <span class='ocrx_word' id='word_1_405' title='bbox 1301 4695 1520 4753; x_wconf 85' lang='lat' dir='ltr'>obedire</span> <span class='ocrx_word' id='word_1_406' title='bbox 1549 4694 1862 4753; x_wconf 89' lang='lat' dir='ltr'>huiusmodi</span> <span class='ocrx_word' id='word_1_407' title='bbox 1893 4695 2038 4769; x_wconf 80' lang='lat' dir='ltr'>regi,</span> <span class='ocrx_word' id='word_1_408' title='bbox 2069 4696 2233 4754; x_wconf 90' lang='lat' dir='ltr'>etiam</span> <span class='ocrx_word' id='word_1_409' title='bbox 2262 4696 2313 4752; x_wconf 89' lang='lat' dir='ltr'>in</span> 
     </span>
     <span class='ocr_line' id='line_1_50' title="bbox 704 4781 2315 4860; baseline 0 -18"><span class='ocrx_word' id='word_1_410' title='bbox 704 4786 817 4859; x_wconf 90' lang='lat' dir='ltr'>his,</span> <span class='ocrx_word' id='word_1_411' title='bbox 859 4801 1002 4860; x_wconf 90' lang='lat' dir='ltr'>quae</span> <span class='ocrx_word' id='word_1_412' title='bbox 1039 4787 1172 4844; x_wconf 88' lang='lat' dir='ltr'>alias</span> <span class='ocrx_word' id='word_1_413' title='bbox 1227 4786 1454 4845; x_wconf 89' lang='lat' dir='ltr'>honesta</span> <span class='ocrx_word' id='word_1_414' title='bbox 1481 4791 1647 4856; x_wconf 88' lang='lat' dir='ltr'>sunt,</span> <span class='ocrx_word' id='word_1_415' title='bbox 1679 4784 1898 4842; x_wconf 81' lang='lat' dir='ltr'>videtur</span> <span class='ocrx_word' id='word_1_416' title='bbox 1943 4801 2067 4843; x_wconf 87' lang='lat' dir='ltr'>esse</span> <span class='ocrx_word' id='word_1_417' title='bbox 2112 4781 2315 4858; x_wconf 80' lang='lat' dir='ltr'>coo‘pe·</span> 
     </span>
     <span class='ocr_line' id='line_1_51' title="bbox 704 4874 2313 4952; baseline -0.002 -18"><span class='ocrx_word' id='word_1_418' title='bbox 704 4878 848 4934; x_wconf 89' lang='lat' dir='ltr'>ratio</span> <span class='ocrx_word' id='word_1_419' title='bbox 869 4876 958 4935; x_wconf 82' lang='lat' dir='ltr'>ad</span> <span class='ocrx_word' id='word_1_420' title='bbox 1000 4877 1208 4934; x_wconf 89' lang='lat' dir='ltr'>malum</span> <span class='ocrx_word' id='word_1_421' title='bbox 1233 4918 1250 4949; x_wconf 94' lang='lat'>,</span> <span class='ocrx_word' id='word_1_422' title='bbox 1279 4882 1336 4935; x_wconf 90' lang='lat' dir='ltr'>et</span> <span class='ocrx_word' id='word_1_423' title='bbox 1369 4874 1524 4934; x_wconf 80' lang='lat' dir='ltr'>favor</span> <span class='ocrx_word' id='word_1_424' title='bbox 1544 4874 1840 4933; x_wconf 86' lang='lat' dir='ltr'>iniustitiae</span> <span class='ocrx_word' id='word_1_425' title='bbox 1883 4885 1985 4934; x_wconf 86' lang='lat' dir='ltr'>seu</span> <span class='ocrx_word' id='word_1_426' title='bbox 2011 4874 2313 4952; x_wconf 75' lang='lat' dir='ltr'>tyrannidis</span> 
     </span>
     <span class='ocr_line' id='line_1_52' title="bbox 706 4982 848 5024; baseline -0.028 0"><span class='ocrx_word' id='word_1_427' title='bbox 706 4982 848 5024; x_wconf 79' lang='lat' dir='ltr'>eius.</span> 
     </span>
    </p>

    <p class='ocr_par' dir='ltr' id='par_1_4' title="bbox 707 5053 2313 5312">
     <span class='ocr_line' id='line_1_53' title="bbox 787 5053 2313 5129; baseline -0.003 -14"><span class='ocrx_word' id='word_1_428' title='bbox 787 5061 839 5115; x_wconf 86' lang='lat'>8.</span> <span class='ocrx_word' id='word_1_429' title='bbox 871 5055 1114 5115; x_wconf 85' lang='lat' dir='ltr'>Breviter</span> <span class='ocrx_word' id='word_1_430' title='bbox 1136 5053 1429 5114; x_wconf 89' lang='lat' dir='ltr'>dicendum</span> <span class='ocrx_word' id='word_1_431' title='bbox 1457 5069 1680 5129; x_wconf 88' lang='lat' dir='ltr'>censeo,</span> <span class='ocrx_word' id='word_1_432' title='bbox 1705 5054 1977 5128; x_wconf 88' lang='lat' dir='ltr'>quasdam</span> <span class='ocrx_word' id='word_1_433' title='bbox 1999 5069 2122 5113; x_wconf 86' lang='lat' dir='ltr'>esse</span> <span class='ocrx_word' id='word_1_434' title='bbox 2143 5053 2313 5111; x_wconf 87' lang='lat' dir='ltr'>actio·</span> 
     </span>
     <span class='ocr_line' id='line_1_54' title="bbox 708 5142 2306 5220; baseline -0.003 -17"><span class='ocrx_word' id='word_1_435' title='bbox 708 5160 806 5203; x_wconf 89' lang='lat' dir='ltr'>nes</span> <span class='ocrx_word' id='word_1_436' title='bbox 834 5147 906 5203; x_wconf 88' lang='lat' dir='ltr'>ita</span> <span class='ocrx_word' id='word_1_437' title='bbox 937 5144 1223 5220; x_wconf 86' lang='lat' dir='ltr'>honestas,</span> <span class='ocrx_word' id='word_1_438' title='bbox 1257 5151 1318 5202; x_wconf 91' lang='lat' dir='ltr'>ut</span> <span class='ocrx_word' id='word_1_439' title='bbox 1345 5145 1396 5201; x_wconf 90' lang='lat' dir='ltr'>in</span> <span class='ocrx_word' id='word_1_440' title='bbox 1425 5144 1631 5202; x_wconf 88' lang='lat' dir='ltr'>nullius</span> <span class='ocrx_word' id='word_1_441' title='bbox 1660 5149 2058 5202; x_wconf 86' lang='lat' dir='ltr'>nocumentum</span> <span class='ocrx_word' id='word_1_442' title='bbox 2087 5142 2306 5217; x_wconf 88' lang='lat' dir='ltr'>cedant,</span> 
     </span>
     <span class='ocr_line' id='line_1_55' title="bbox 707 5234 2311 5312; baseline -0.001 -18"><span class='ocrx_word' id='word_1_443' title='bbox 707 5251 886 5312; x_wconf 88' lang='lat' dir='ltr'>neque</span> <span class='ocrx_word' id='word_1_444' title='bbox 912 5235 1190 5311; x_wconf 75' lang='lat' dir='ltr'>indigeant</span> <span class='ocrx_word' id='word_1_445' title='bbox 1217 5239 1482 5310; x_wconf 76' lang='lat' dir='ltr'>potestate</span> <span class='ocrx_word' id='word_1_446' title='bbox 1509 5234 1764 5308; x_wconf 86' lang='lat' dir='ltr'>publica,</span> <span class='ocrx_word' id='word_1_447' title='bbox 1792 5240 1856 5293; x_wconf 90' lang='lat' dir='ltr'>ut</span> <span class='ocrx_word' id='word_1_448' title='bbox 1880 5239 2035 5292; x_wconf 87' lang='lat' dir='ltr'>recte</span> <span class='ocrx_word' id='word_1_449' title='bbox 2055 5234 2187 5292; x_wconf 85' lang='lat' dir='ltr'>fiant</span> <span class='ocrx_word' id='word_1_450' title='bbox 2204 5275 2221 5310; x_wconf 88' lang='lat'>,</span> <span class='ocrx_word' id='word_1_451' title='bbox 2248 5240 2311 5292; x_wconf 89' lang='lat' dir='ltr'>ut</span> 
     </span>
    </p>
   </div>
   <div class='ocr_carea' id='block_1_3' title="bbox 2184 339 2524 389">
    <p class='ocr_par' dir='ltr' id='par_1_5' title="bbox 2184 339 2524 389">
     <span class='ocr_line' id='line_1_56' title="bbox 2184 339 2524 389; baseline -0.006 0"><span class='ocrx_word' id='word_1_452' title='bbox 2184 339 2389 389; x_wconf 76' lang='lat' dir='ltr'>LIBER</span> <span class='ocrx_word' id='word_1_453' title='bbox 2418 340 2524 388; x_wconf 80' lang='lat'>111.</span> 
     </span>
    </p>
   </div>
   <div class='ocr_carea' id='block_1_4' title="bbox 2378 461 4051 5314">
    <p class='ocr_par' dir='ltr' id='par_1_6' title="bbox 2382 461 4051 3692">
     <span class='ocr_line' id='line_1_57' title="bbox 2392 461 3996 538; baseline 0.002 -18"><span class='ocrx_word' id='word_1_454' title='bbox 2392 469 2525 521; x_wconf 84' lang='lat' dir='ltr'>sunt</span> <span class='ocrx_word' id='word_1_455' title='bbox 2563 463 2779 522; x_wconf 76' lang='lat' dir='ltr'>deferre</span> <span class='ocrx_word' id='word_1_456' title='bbox 2823 462 2957 521; x_wconf 85' lang='lat' dir='ltr'>haec</span> <span class='ocrx_word' id='word_1_457' title='bbox 2988 461 3075 521; x_wconf 88' lang='lat' dir='ltr'>vel</span> <span class='ocrx_word' id='word_1_458' title='bbox 3106 462 3197 520; x_wconf 87' lang='lat' dir='ltr'>illa</span> <span class='ocrx_word' id='word_1_459' title='bbox 3226 478 3415 534; x_wconf 87' lang='lat' dir='ltr'>arma,</span> <span class='ocrx_word' id='word_1_460' title='bbox 3443 463 3527 521; x_wconf 82' lang='lat' dir='ltr'>vel</span> <span class='ocrx_word' id='word_1_461' title='bbox 3554 463 3765 538; x_wconf 88' lang='lat' dir='ltr'>aliquid</span> <span class='ocrx_word' id='word_1_462' title='bbox 3794 464 3996 538; x_wconf 79' lang='lat' dir='ltr'>simil03</span> 
     </span>
     <span class='ocr_line' id='line_1_58' title="bbox 2386 551 4002 626; baseline 0.001 -18"><span class='ocrx_word' id='word_1_463' title='bbox 2386 552 2477 609; x_wconf 83' lang='lat' dir='ltr'>&#39;vel</span> <span class='ocrx_word' id='word_1_464' title='bbox 2509 554 2676 610; x_wconf 92' lang='lat' dir='ltr'>etiam</span> <span class='ocrx_word' id='word_1_465' title='bbox 2705 553 2919 611; x_wconf 83' lang='lat' dir='ltr'>solvere</span> <span class='ocrx_word' id='word_1_466' title='bbox 2950 551 3255 626; x_wconf 88' lang='lat' dir='ltr'>tributum,</span> <span class='ocrx_word' id='word_1_467' title='bbox 3280 551 3431 626; x_wconf 91' lang='lat' dir='ltr'>quod</span> <span class='ocrx_word' id='word_1_468' title='bbox 3457 551 3588 611; x_wconf 87' lang='lat' dir='ltr'>licet</span> <span class='ocrx_word' id='word_1_469' title='bbox 3612 567 3679 610; x_wconf 89' lang='lat' dir='ltr'>ex</span> <span class='ocrx_word' id='word_1_470' title='bbox 3700 561 3857 626; x_wconf 89' lang='lat' dir='ltr'>parte</span> <span class='ocrx_word' id='word_1_471' title='bbox 3884 555 4002 610; x_wconf 87' lang='lat' dir='ltr'>exi-</span> 
     </span>
     <span class='ocr_line' id='line_1_59' title="bbox 2390 643 4001 717; baseline 0.001 -17"><span class='ocrx_word' id='word_1_472' title='bbox 2390 645 2571 716; x_wconf 83' lang='lat' dir='ltr'>gentis</span> <span class='ocrx_word' id='word_1_473' title='bbox 2608 645 2855 717; x_wconf 89' lang='lat' dir='ltr'>requirat</span> <span class='ocrx_word' id='word_1_474' title='bbox 2884 648 3209 715; x_wconf 87' lang='lat' dir='ltr'>potestatem</span> <span class='ocrx_word' id='word_1_475' title='bbox 3228 686 3244 715; x_wconf 93' lang='lat'>,</span> <span class='ocrx_word' id='word_1_476' title='bbox 3275 659 3343 701; x_wconf 88' lang='lat' dir='ltr'>ex</span> <span class='ocrx_word' id='word_1_477' title='bbox 3372 649 3523 715; x_wconf 88' lang='lat' dir='ltr'>parte</span> <span class='ocrx_word' id='word_1_478' title='bbox 3557 643 3822 702; x_wconf 82' lang='lat' dir='ltr'>solventis</span> <span class='ocrx_word' id='word_1_479' title='bbox 3852 643 4001 702; x_wconf 90' lang='lat' dir='ltr'>illam</span> 
     </span>
     <span class='ocr_line' id='line_1_60' title="bbox 2392 732 4005 806; baseline 0.001 -18"><span class='ocrx_word' id='word_1_480' title='bbox 2392 747 2499 789; x_wconf 89' lang='lat' dir='ltr'>non</span> <span class='ocrx_word' id='word_1_481' title='bbox 2542 732 2819 806; x_wconf 89' lang='lat' dir='ltr'>postulat,</span> <span class='ocrx_word' id='word_1_482' title='bbox 2864 749 2963 806; x_wconf 88' lang='lat' dir='ltr'>per</span> <span class='ocrx_word' id='word_1_483' title='bbox 2996 748 3055 790; x_wconf 87' lang='lat' dir='ltr'>se</span> <span class='ocrx_word' id='word_1_484' title='bbox 3082 732 3375 805; x_wconf 87' lang='lat' dir='ltr'>loquendo.</span> <span class='ocrx_word' id='word_1_485' title='bbox 3409 735 3597 806; x_wconf 85' lang='lat' dir='ltr'>Neque</span> <span class='ocrx_word' id='word_1_486' title='bbox 3630 734 3876 791; x_wconf 84' lang='lat' dir='ltr'>conditio</span> <span class='ocrx_word' id='word_1_487' title='bbox 3904 735 4005 790; x_wconf 88' lang='lat' dir='ltr'>tri-</span> 
     </span>
     <span class='ocr_line' id='line_1_61' title="bbox 2388 821 4000 899; baseline 0.002 -21"><span class='ocrx_word' id='word_1_488' title='bbox 2388 821 2511 879; x_wconf 90' lang='lat' dir='ltr'>buti</span> <span class='ocrx_word' id='word_1_489' title='bbox 2541 822 2699 879; x_wconf 88' lang='lat' dir='ltr'>alteri</span> <span class='ocrx_word' id='word_1_490' title='bbox 2728 823 2888 881; x_wconf 79' lang='lat' dir='ltr'>affert</span> <span class='ocrx_word' id='word_1_491' title='bbox 2915 831 3313 881; x_wconf 86' lang='lat' dir='ltr'>nocumentum</span> <span class='ocrx_word' id='word_1_492' title='bbox 3329 864 3346 896; x_wconf 93' lang='lat'>,</span> <span class='ocrx_word' id='word_1_493' title='bbox 3370 825 3475 882; x_wconf 91' lang='lat' dir='ltr'>nisi</span> <span class='ocrx_word' id='word_1_494' title='bbox 3495 825 3596 881; x_wconf 90' lang='lat' dir='ltr'>soli</span> <span class='ocrx_word' id='word_1_495' title='bbox 3618 824 3877 898; x_wconf 79' lang='lat' dir='ltr'>solventi,</span> <span class='ocrx_word' id='word_1_496' title='bbox 3902 827 4000 899; x_wconf 84' lang='lat' dir='ltr'>qui</span> 
     </span>
     <span class='ocr_line' id='line_1_62' title="bbox 2388 911 3995 984; baseline 0.002 -16"><span class='ocrx_word' id='word_1_497' title='bbox 2388 918 2582 984; x_wconf 89' lang='lat' dir='ltr'>potest</span> <span class='ocrx_word' id='word_1_498' title='bbox 2606 912 2803 971; x_wconf 87' lang='lat' dir='ltr'>cedere</span> <span class='ocrx_word' id='word_1_499' title='bbox 2832 913 2939 971; x_wconf 87' lang='lat' dir='ltr'>iuri</span> <span class='ocrx_word' id='word_1_500' title='bbox 2966 911 3060 970; x_wconf 82' lang='lat' dir='ltr'>vel</span> <span class='ocrx_word' id='word_1_501' title='bbox 3092 914 3311 972; x_wconf 78' lang='lat' dir='ltr'>utilitati</span> <span class='ocrx_word' id='word_1_502' title='bbox 3340 929 3495 972; x_wconf 87' lang='lat' dir='ltr'>suae.</span> <span class='ocrx_word' id='word_1_503' title='bbox 3525 913 3673 972; x_wconf 83' lang='lat' dir='ltr'>Aliae</span> <span class='ocrx_word' id='word_1_504' title='bbox 3702 929 3835 971; x_wconf 83' lang='lat' dir='ltr'>vero</span> <span class='ocrx_word' id='word_1_505' title='bbox 3864 921 3995 973; x_wconf 88' lang='lat' dir='ltr'>sunt</span> 
     </span>
     <span class='ocr_line' id='line_1_63' title="bbox 2388 1002 3995 1078; baseline 0.002 -20"><span class='ocrx_word' id='word_1_506' title='bbox 2388 1003 2639 1059; x_wconf 85' lang='lat' dir='ltr'>actiones</span> <span class='ocrx_word' id='word_1_507' title='bbox 2658 1047 2671 1074; x_wconf 92' lang='lat'>,</span> <span class='ocrx_word' id='word_1_508' title='bbox 2713 1017 2856 1076; x_wconf 89' lang='lat' dir='ltr'>quae</span> <span class='ocrx_word' id='word_1_509' title='bbox 2893 1002 3179 1060; x_wconf 82' lang='lat' dir='ltr'>involvunt</span> <span class='ocrx_word' id='word_1_510' title='bbox 3214 1010 3614 1062; x_wconf 87' lang='lat' dir='ltr'>nocumentum</span> <span class='ocrx_word' id='word_1_511' title='bbox 3640 1004 3818 1078; x_wconf 89' lang='lat' dir='ltr'>tertii,</span> <span class='ocrx_word' id='word_1_512' title='bbox 3847 1009 3907 1061; x_wconf 91' lang='lat' dir='ltr'>et</span> <span class='ocrx_word' id='word_1_513' title='bbox 3930 1010 3995 1062; x_wconf 91' lang='lat' dir='ltr'>ut</span> 
     </span>
     <span class='ocr_line' id='line_1_64' title="bbox 2390 1091 3990 1168; baseline 0.003 -20"><span class='ocrx_word' id='word_1_514' title='bbox 2390 1091 2536 1150; x_wconf 89' lang='lat' dir='ltr'>iuste</span> <span class='ocrx_word' id='word_1_515' title='bbox 2564 1093 2726 1167; x_wconf 79' lang='lat' dir='ltr'>liant,</span> <span class='ocrx_word' id='word_1_516' title='bbox 2760 1096 3054 1168; x_wconf 87' lang='lat' dir='ltr'>requirunt</span> <span class='ocrx_word' id='word_1_517' title='bbox 3080 1100 3405 1167; x_wconf 88' lang='lat' dir='ltr'>potestatem</span> <span class='ocrx_word' id='word_1_518' title='bbox 3431 1093 3730 1168; x_wconf 82' lang='lat' dir='ltr'>publicam,</span> <span class='ocrx_word' id='word_1_519' title='bbox 3756 1101 3822 1153; x_wconf 87' lang='lat' dir='ltr'>ut</span> <span class='ocrx_word' id='word_1_520' title='bbox 3842 1095 3990 1153; x_wconf 87' lang='lat' dir='ltr'>occi-</span> 
     </span>
     <span class='ocr_line' id='line_1_65' title="bbox 2387 1181 3985 1260; baseline 0.001 -20"><span class='ocrx_word' id='word_1_521' title='bbox 2387 1181 2517 1241; x_wconf 86' lang='lat' dir='ltr'>dere</span> <span class='ocrx_word' id='word_1_522' title='bbox 2546 1183 2957 1243; x_wconf 76' lang='lat' dir='ltr'>malefactorem</span> <span class='ocrx_word' id='word_1_523' title='bbox 2975 1225 2991 1258; x_wconf 90' lang='lat'>,</span> <span class='ocrx_word' id='word_1_524' title='bbox 3014 1187 3181 1243; x_wconf 89' lang='lat' dir='ltr'>etiam</span> <span class='ocrx_word' id='word_1_525' title='bbox 3208 1184 3435 1260; x_wconf 82' lang='lat' dir='ltr'>dignum</span> <span class='ocrx_word' id='word_1_526' title='bbox 3456 1192 3654 1260; x_wconf 86' lang='lat' dir='ltr'>morte,</span> <span class='ocrx_word' id='word_1_527' title='bbox 3679 1191 3739 1244; x_wconf 92' lang='lat' dir='ltr'>et</span> <span class='ocrx_word' id='word_1_528' title='bbox 3760 1185 3985 1242; x_wconf 85' lang='lat' dir='ltr'>similes.</span> 
     </span>
     <span class='ocr_line' id='line_1_66' title="bbox 2386 1273 3995 1350; baseline 0.001 -20"><span class='ocrx_word' id='word_1_529' title='bbox 2386 1273 2446 1330; x_wconf 89' lang='lat' dir='ltr'>ln</span> <span class='ocrx_word' id='word_1_530' title='bbox 2472 1274 2749 1346; x_wconf 86' lang='lat' dir='ltr'>prioribus</span> <span class='ocrx_word' id='word_1_531' title='bbox 2780 1291 2879 1348; x_wconf 86' lang='lat' dir='ltr'>per</span> <span class='ocrx_word' id='word_1_532' title='bbox 2906 1290 2965 1332; x_wconf 89' lang='lat' dir='ltr'>se</span> <span class='ocrx_word' id='word_1_533' title='bbox 2996 1275 3199 1334; x_wconf 88' lang='lat' dir='ltr'>malum</span> <span class='ocrx_word' id='word_1_534' title='bbox 3226 1292 3334 1334; x_wconf 90' lang='lat' dir='ltr'>non</span> <span class='ocrx_word' id='word_1_535' title='bbox 3357 1282 3443 1334; x_wconf 86' lang='lat' dir='ltr'>est</span> <span class='ocrx_word' id='word_1_536' title='bbox 3464 1291 3684 1334; x_wconf 84' lang='lat' dir='ltr'>servare</span> <span class='ocrx_word' id='word_1_537' title='bbox 3711 1277 3887 1350; x_wconf 80' lang='lat' dir='ltr'>leges,</span> <span class='ocrx_word' id='word_1_538' title='bbox 3909 1274 3995 1332; x_wconf 80' lang='lat' dir='ltr'>vel</span> 
     </span>
     <span class='ocr_line' id='line_1_67' title="bbox 2386 1364 3983 1440; baseline 0.001 -20"><span class='ocrx_word' id='word_1_539' title='bbox 2386 1369 2680 1437; x_wconf 83' lang='lat' dir='ltr'>praecepta</span> <span class='ocrx_word' id='word_1_540' title='bbox 2704 1371 2935 1440; x_wconf 82' lang='lat' dir='ltr'>tyranno</span> <span class='ocrx_word' id='word_1_541' title='bbox 2950 1364 3099 1439; x_wconf 91' lang='lat' dir='ltr'>data,</span> <span class='ocrx_word' id='word_1_542' title='bbox 3114 1367 3244 1440; x_wconf 90' lang='lat' dir='ltr'>quia</span> <span class='ocrx_word' id='word_1_543' title='bbox 3266 1365 3387 1425; x_wconf 89' lang='lat' dir='ltr'>illae</span> <span class='ocrx_word' id='word_1_544' title='bbox 3408 1367 3655 1424; x_wconf 85' lang='lat' dir='ltr'>actiones</span> <span class='ocrx_word' id='word_1_545' title='bbox 3672 1364 3810 1424; x_wconf 91' lang='lat' dir='ltr'>tales</span> <span class='ocrx_word' id='word_1_546' title='bbox 3832 1373 3983 1439; x_wconf 89' lang='lat' dir='ltr'>sunt,</span> 
     </span>
     <span class='ocr_line' id='line_1_68' title="bbox 2388 1455 4051 1530; baseline 0.002 -21"><span class='ocrx_word' id='word_1_547' title='bbox 2388 1459 2453 1510; x_wconf 89' lang='lat' dir='ltr'>ut</span> <span class='ocrx_word' id='word_1_548' title='bbox 2491 1457 2717 1528; x_wconf 87' lang='lat' dir='ltr'>propria</span> <span class='ocrx_word' id='word_1_549' title='bbox 2754 1455 3038 1514; x_wconf 79' lang='lat' dir='ltr'>voluntate</span> <span class='ocrx_word' id='word_1_550' title='bbox 3079 1463 3135 1514; x_wconf 87' lang='lat' dir='ltr'>et</span> <span class='ocrx_word' id='word_1_551' title='bbox 3172 1457 3499 1516; x_wconf 91' lang='lat' dir='ltr'>auctoritate</span> <span class='ocrx_word' id='word_1_552' title='bbox 3530 1460 3739 1530; x_wconf 88' lang='lat' dir='ltr'>possint</span> <span class='ocrx_word' id='word_1_553' title='bbox 3764 1457 3995 1514; x_wconf 87' lang='lat' dir='ltr'>honeste</span> <span class='ocrx_word' id='word_1_554' title='bbox 4030 1493 4051 1502; x_wconf 27' lang='grc' dir='ltr'>ἱ</span> 
     </span>
     <span class='ocr_line' id='line_1_69' title="bbox 2387 1544 3997 1623; baseline 0.002 -23"><span class='ocrx_word' id='word_1_555' title='bbox 2387 1544 2503 1601; x_wconf 83' lang='lat' dir='ltr'>fieri</span> <span class='ocrx_word' id='word_1_556' title='bbox 2544 1547 2661 1602; x_wconf 88' lang='lat' dir='ltr'>sine</span> <span class='ocrx_word' id='word_1_557' title='bbox 2708 1545 2845 1618; x_wconf 83' lang='lat' dir='ltr'>lege.</span> <span class='ocrx_word' id='word_1_558' title='bbox 2876 1545 3031 1615; x_wconf 86' lang='lat' dir='ltr'>Quod</span> <span class='ocrx_word' id='word_1_559' title='bbox 3060 1554 3243 1606; x_wconf 87' lang='lat' dir='ltr'>autem</span> <span class='ocrx_word' id='word_1_560' title='bbox 3270 1549 3433 1623; x_wconf 77' lang='lat' dir='ltr'>liant,</span> <span class='ocrx_word' id='word_1_561' title='bbox 3463 1549 3643 1621; x_wconf 89' lang='lat' dir='ltr'>posita</span> <span class='ocrx_word' id='word_1_562' title='bbox 3672 1547 3763 1604; x_wconf 88' lang='lat' dir='ltr'>illa</span> <span class='ocrx_word' id='word_1_563' title='bbox 3788 1548 3997 1604; x_wconf 83' lang='lat' dir='ltr'>iniusta</span> 
     </span>
     <span class='ocr_line' id='line_1_70' title="bbox 2387 1632 3995 1712; baseline 0.004 -22"><span class='ocrx_word' id='word_1_564' title='bbox 2387 1632 2507 1707; x_wconf 80' lang='lat' dir='ltr'>lege</span> <span class='ocrx_word' id='word_1_565' title='bbox 2530 1677 2547 1708; x_wconf 91' lang='lat'>,</span> <span class='ocrx_word' id='word_1_566' title='bbox 2579 1650 2687 1693; x_wconf 89' lang='lat' dir='ltr'>non</span> <span class='ocrx_word' id='word_1_567' title='bbox 2719 1635 2882 1694; x_wconf 87' lang='lat' dir='ltr'>habet</span> <span class='ocrx_word' id='word_1_568' title='bbox 2902 1637 3401 1712; x_wconf 86' lang='lat' dir='ltr'>circumstantiam,</span> <span class='ocrx_word' id='word_1_569' title='bbox 3426 1654 3567 1712; x_wconf 88' lang='lat' dir='ltr'>quae</span> <span class='ocrx_word' id='word_1_570' title='bbox 3590 1637 3783 1696; x_wconf 88' lang='lat' dir='ltr'>reddat</span> <span class='ocrx_word' id='word_1_571' title='bbox 3804 1644 3995 1696; x_wconf 89' lang='lat' dir='ltr'>actum</span> 
     </span>
     <span class='ocr_line' id='line_1_71' title="bbox 2386 1723 3999 1800; baseline 0.002 -20"><span class='ocrx_word' id='word_1_572' title='bbox 2386 1723 2615 1781; x_wconf 85' lang='lat' dir='ltr'>malum.</span> <span class='ocrx_word' id='word_1_573' title='bbox 2632 1725 2769 1792; x_wconf 86' lang='lat' dir='ltr'>Quia</span> <span class='ocrx_word' id='word_1_574' title='bbox 2797 1725 2889 1783; x_wconf 90' lang='lat' dir='ltr'>illa</span> <span class='ocrx_word' id='word_1_575' title='bbox 2918 1741 2979 1783; x_wconf 86' lang='lat' dir='ltr'>re</span> <span class='ocrx_word' id='word_1_576' title='bbox 3011 1741 3139 1784; x_wconf 83' lang='lat' dir='ltr'>vera</span> <span class='ocrx_word' id='word_1_577' title='bbox 3166 1743 3276 1785; x_wconf 91' lang='lat' dir='ltr'>non</span> <span class='ocrx_word' id='word_1_578' title='bbox 3307 1734 3395 1786; x_wconf 90' lang='lat' dir='ltr'>est</span> <span class='ocrx_word' id='word_1_579' title='bbox 3421 1728 3760 1800; x_wconf 89' lang='lat' dir='ltr'>cooperatio,</span> <span class='ocrx_word' id='word_1_580' title='bbox 3784 1727 3883 1784; x_wconf 92' lang='lat' dir='ltr'>sed</span> <span class='ocrx_word' id='word_1_581' title='bbox 3911 1732 3999 1784; x_wconf 90' lang='lat' dir='ltr'>to-</span> 
     </span>
     <span class='ocr_line' id='line_1_72' title="bbox 2386 1812 3989 1891; baseline 0.002 -21"><span class='ocrx_word' id='word_1_582' title='bbox 2386 1812 2617 1872; x_wconf 89' lang='lat' dir='ltr'>lerantia</span> <span class='ocrx_word' id='word_1_583' title='bbox 2643 1815 2915 1889; x_wconf 90' lang='lat' dir='ltr'>quaedam</span> <span class='ocrx_word' id='word_1_584' title='bbox 2943 1816 3261 1891; x_wconf 79' lang='lat' dir='ltr'>violentiae,</span> <span class='ocrx_word' id='word_1_585' title='bbox 3290 1832 3435 1891; x_wconf 85' lang='lat' dir='ltr'>quae</span> <span class='ocrx_word' id='word_1_586' title='bbox 3460 1817 3597 1875; x_wconf 88' lang='lat' dir='ltr'>nulli</span> <span class='ocrx_word' id='word_1_587' title='bbox 3626 1817 3787 1874; x_wconf 77' lang='lat' dir='ltr'>affert</span> <span class='ocrx_word' id='word_1_588' title='bbox 3810 1831 3989 1873; x_wconf 87' lang='lat' dir='ltr'>nocu-</span> 
     </span>
     <span class='ocr_line' id='line_1_73' title="bbox 2384 1907 3995 1980; baseline 0.002 -18"><span class='ocrx_word' id='word_1_589' title='bbox 2384 1911 2667 1980; x_wconf 84' lang='lat' dir='ltr'>mentum3</span> <span class='ocrx_word' id='word_1_590' title='bbox 2693 1922 2831 1980; x_wconf 80' lang='lat' dir='ltr'>ergo</span> <span class='ocrx_word' id='word_1_591' title='bbox 2858 1922 2957 1979; x_wconf 92' lang='lat' dir='ltr'>per</span> <span class='ocrx_word' id='word_1_592' title='bbox 2984 1923 3043 1964; x_wconf 90' lang='lat' dir='ltr'>se</span> <span class='ocrx_word' id='word_1_593' title='bbox 3070 1924 3177 1964; x_wconf 89' lang='lat' dir='ltr'>non</span> <span class='ocrx_word' id='word_1_594' title='bbox 3199 1915 3285 1966; x_wconf 90' lang='lat' dir='ltr'>est</span> <span class='ocrx_word' id='word_1_595' title='bbox 3306 1907 3375 1965; x_wconf 88' lang='lat' dir='ltr'>ibi</span> <span class='ocrx_word' id='word_1_596' title='bbox 3400 1907 3624 1966; x_wconf 87' lang='lat' dir='ltr'>malitia.</span> <span class='ocrx_word' id='word_1_597' title='bbox 3650 1908 3781 1966; x_wconf 86' lang='lat' dir='ltr'>Dico</span> <span class='ocrx_word' id='word_1_598' title='bbox 3804 1913 3995 1965; x_wconf 89' lang='lat' dir='ltr'>autem</span> 
     </span>
     <span class='ocr_line' id='line_1_74' title="bbox 2383 1995 3999 2072; baseline 0.001 -21"><span class='ocrx_word' id='word_1_599' title='bbox 2383 2009 2483 2068; x_wconf 90' lang='lat' dir='ltr'>per</span> <span class='ocrx_word' id='word_1_600' title='bbox 2502 2011 2569 2072; x_wconf 70' lang='lat' dir='ltr'>se</span> <span class='ocrx_word' id='word_1_601' title='bbox 2586 2036 2602 2067; x_wconf 93' lang='lat'>,</span> <span class='ocrx_word' id='word_1_602' title='bbox 2633 1997 2767 2069; x_wconf 89' lang='lat' dir='ltr'>quia</span> <span class='ocrx_word' id='word_1_603' title='bbox 2793 2003 3011 2069; x_wconf 85' lang='lat' dir='ltr'>oportet</span> <span class='ocrx_word' id='word_1_604' title='bbox 3048 1997 3372 2056; x_wconf 88' lang='lat' dir='ltr'>scandalum</span> <span class='ocrx_word' id='word_1_605' title='bbox 3400 1999 3607 2070; x_wconf 83' lang='lat' dir='ltr'>vitare,</span> <span class='ocrx_word' id='word_1_606' title='bbox 3640 2003 3701 2055; x_wconf 89' lang='lat' dir='ltr'>ct</span> <span class='ocrx_word' id='word_1_607' title='bbox 3726 2012 3839 2054; x_wconf 88' lang='lat' dir='ltr'>non</span> <span class='ocrx_word' id='word_1_608' title='bbox 3866 1995 3999 2054; x_wconf 88' lang='lat' dir='ltr'>dare</span> 
     </span>
     <span class='ocr_line' id='line_1_75' title="bbox 2384 2085 4000 2165; baseline 0.002 -24"><span class='ocrx_word' id='word_1_609' title='bbox 2384 2085 2737 2142; x_wconf 86' lang='lat' dir='ltr'>occasionem</span> <span class='ocrx_word' id='word_1_610' title='bbox 2765 2092 2998 2163; x_wconf 86' lang='lat' dir='ltr'>tyranno</span> <span class='ocrx_word' id='word_1_611' title='bbox 3017 2127 3032 2158; x_wconf 94' lang='lat'>,</span> <span class='ocrx_word' id='word_1_612' title='bbox 3057 2089 3197 2145; x_wconf 89' lang='lat' dir='ltr'>utin</span> <span class='ocrx_word' id='word_1_613' title='bbox 3224 2103 3329 2146; x_wconf 84' lang='lat' dir='ltr'>sua</span> <span class='ocrx_word' id='word_1_614' title='bbox 3352 2087 3617 2165; x_wconf 83' lang='lat' dir='ltr'>iniustitia</span> <span class='ocrx_word' id='word_1_615' title='bbox 3635 2087 3848 2144; x_wconf 81' lang='lat' dir='ltr'>firmius</span> <span class='ocrx_word' id='word_1_616' title='bbox 3871 2101 4000 2160; x_wconf 86' lang='lat' dir='ltr'>per-</span> 
     </span>
     <span class='ocr_line' id='line_1_76' title="bbox 2385 2174 3993 2254; baseline 0.002 -26"><span class='ocrx_word' id='word_1_617' title='bbox 2385 2180 2629 2246; x_wconf 83' lang='lat' dir='ltr'>severet,</span> <span class='ocrx_word' id='word_1_618' title='bbox 2657 2174 2753 2232; x_wconf 91' lang='lat' dir='ltr'>sed</span> <span class='ocrx_word' id='word_1_619' title='bbox 2784 2176 2963 2254; x_wconf 83' lang='lat' dir='ltr'>potius</span> <span class='ocrx_word' id='word_1_620' title='bbox 2986 2175 3063 2233; x_wconf 91' lang='lat' dir='ltr'>illi</span> <span class='ocrx_word' id='word_1_621' title='bbox 3085 2176 3375 2252; x_wconf 83' lang='lat' dir='ltr'>obsistere,</span> <span class='ocrx_word' id='word_1_622' title='bbox 3398 2176 3620 2251; x_wconf 90' lang='lat' dir='ltr'>quando</span> <span class='ocrx_word' id='word_1_623' title='bbox 3642 2177 3757 2233; x_wconf 89' lang='lat' dir='ltr'>sine</span> <span class='ocrx_word' id='word_1_624' title='bbox 3778 2177 3993 2233; x_wconf 89' lang='lat' dir='ltr'>incom-</span> 
     </span>
     <span class='ocr_line' id='line_1_77' title="bbox 2384 2262 3993 2341; baseline 0.002 -21"><span class='ocrx_word' id='word_1_625' title='bbox 2384 2262 2547 2322; x_wconf 88' lang='lat' dir='ltr'>modo</span> <span class='ocrx_word' id='word_1_626' title='bbox 2576 2265 2691 2321; x_wconf 82' lang='lat' dir='ltr'>fieri</span> <span class='ocrx_word' id='word_1_627' title='bbox 2718 2270 2923 2338; x_wconf 88' lang='lat' dir='ltr'>potest.</span> <span class='ocrx_word' id='word_1_628' title='bbox 2946 2269 3017 2324; x_wconf 82' lang='lat' dir='ltr'>At</span> <span class='ocrx_word' id='word_1_629' title='bbox 3037 2280 3167 2325; x_wconf 83' lang='lat' dir='ltr'>vero</span> <span class='ocrx_word' id='word_1_630' title='bbox 3189 2267 3241 2324; x_wconf 89' lang='lat' dir='ltr'>in</span> <span class='ocrx_word' id='word_1_631' title='bbox 3262 2267 3653 2341; x_wconf 86' lang='lat' dir='ltr'>posterioribus</span> <span class='ocrx_word' id='word_1_632' title='bbox 3678 2266 3993 2324; x_wconf 88' lang='lat' dir='ltr'>actionibus</span> 
     </span>
     <span class='ocr_line' id='line_1_78' title="bbox 2382 2355 3993 2430; baseline 0.002 -21"><span class='ocrx_word' id='word_1_633' title='bbox 2382 2355 2727 2413; x_wconf 86' lang='lat' dir='ltr'>contrarium</span> <span class='ocrx_word' id='word_1_634' title='bbox 2777 2355 3035 2428; x_wconf 86' lang='lat' dir='ltr'>videtur,</span> <span class='ocrx_word' id='word_1_635' title='bbox 3078 2358 3207 2430; x_wconf 90' lang='lat' dir='ltr'>quia</span> <span class='ocrx_word' id='word_1_636' title='bbox 3236 2356 3495 2414; x_wconf 88' lang='lat' dir='ltr'>honestas</span> <span class='ocrx_word' id='word_1_637' title='bbox 3524 2356 3741 2414; x_wconf 89' lang='lat' dir='ltr'>illarum</span> <span class='ocrx_word' id='word_1_638' title='bbox 3767 2357 3993 2414; x_wconf 89' lang='lat' dir='ltr'>omnino</span> 
     </span>
     <span class='ocr_line' id='line_1_79' title="bbox 2384 2443 3999 2520; baseline 0.002 -21"><span class='ocrx_word' id='word_1_639' title='bbox 2384 2443 2587 2516; x_wconf 88' lang='lat' dir='ltr'>pendet</span> <span class='ocrx_word' id='word_1_640' title='bbox 2611 2459 2679 2502; x_wconf 83' lang='lat' dir='ltr'>ex</span> <span class='ocrx_word' id='word_1_641' title='bbox 2701 2459 2832 2502; x_wconf 85' lang='lat' dir='ltr'>vera</span> <span class='ocrx_word' id='word_1_642' title='bbox 2852 2450 3123 2517; x_wconf 83' lang='lat' dir='ltr'>potestate</span> <span class='ocrx_word' id='word_1_643' title='bbox 3144 2447 3387 2520; x_wconf 88' lang='lat' dir='ltr'>publica,</span> <span class='ocrx_word' id='word_1_644' title='bbox 3412 2447 3527 2504; x_wconf 86' lang='lat' dir='ltr'>sine</span> <span class='ocrx_word' id='word_1_645' title='bbox 3562 2461 3673 2520; x_wconf 89' lang='lat' dir='ltr'>qua</span> <span class='ocrx_word' id='word_1_646' title='bbox 3692 2445 3879 2504; x_wconf 88' lang='lat' dir='ltr'>nullus</span> <span class='ocrx_word' id='word_1_647' title='bbox 3900 2461 3999 2518; x_wconf 87' lang='lat' dir='ltr'>po·</span> 
     </span>
     <span class='ocr_line' id='line_1_80' title="bbox 2384 2534 3994 2608; baseline 0.002 -19"><span class='ocrx_word' id='word_1_648' title='bbox 2384 2539 2491 2590; x_wconf 91' lang='lat' dir='ltr'>test</span> <span class='ocrx_word' id='word_1_649' title='bbox 2522 2535 2751 2607; x_wconf 82' lang='lat' dir='ltr'>exequi,</span> <span class='ocrx_word' id='word_1_650' title='bbox 2791 2534 2879 2592; x_wconf 80' lang='lat' dir='ltr'>vel</span> <span class='ocrx_word' id='word_1_651' title='bbox 2914 2534 3284 2593; x_wconf 87' lang='lat' dir='ltr'>condemnare</span> <span class='ocrx_word' id='word_1_652' title='bbox 3311 2536 3509 2604; x_wconf 90' lang='lat' dir='ltr'>alium,</span> <span class='ocrx_word' id='word_1_653' title='bbox 3536 2537 3706 2594; x_wconf 90' lang='lat' dir='ltr'>etiam</span> <span class='ocrx_word' id='word_1_654' title='bbox 3735 2535 3789 2592; x_wconf 89' lang='lat' dir='ltr'>in</span> <span class='ocrx_word' id='word_1_655' title='bbox 3815 2549 3994 2608; x_wconf 88' lang='lat' dir='ltr'>poena</span> 
     </span>
     <span class='ocr_line' id='line_1_81' title="bbox 2383 2621 4000 2702; baseline 0.002 -24"><span class='ocrx_word' id='word_1_656' title='bbox 2383 2621 2556 2696; x_wconf 89' lang='lat' dir='ltr'>iusta,</span> <span class='ocrx_word' id='word_1_657' title='bbox 2587 2624 2689 2680; x_wconf 89' lang='lat' dir='ltr'>nisi</span> <span class='ocrx_word' id='word_1_658' title='bbox 2714 2623 2910 2682; x_wconf 89' lang='lat' dir='ltr'>habeat</span> <span class='ocrx_word' id='word_1_659' title='bbox 2929 2623 3209 2697; x_wconf 88' lang='lat' dir='ltr'>publicam</span> <span class='ocrx_word' id='word_1_660' title='bbox 3230 2632 3593 2700; x_wconf 87' lang='lat' dir='ltr'>potestatem,</span> <span class='ocrx_word' id='word_1_661' title='bbox 3618 2641 3789 2700; x_wconf 90' lang='lat' dir='ltr'>quam</span> <span class='ocrx_word' id='word_1_662' title='bbox 3810 2632 4000 2702; x_wconf 87' lang='lat' dir='ltr'>tyran·</span> 
     </span>
     <span class='ocr_line' id='line_1_82' title="bbox 2385 2711 3982 2785; baseline 0.002 -16"><span class='ocrx_word' id='word_1_663' title='bbox 2385 2729 2493 2769; x_wconf 87' lang='lat' dir='ltr'>nus</span> <span class='ocrx_word' id='word_1_664' title='bbox 2520 2711 2653 2770; x_wconf 89' lang='lat' dir='ltr'>dare</span> <span class='ocrx_word' id='word_1_665' title='bbox 2676 2727 2783 2770; x_wconf 92' lang='lat' dir='ltr'>non</span> <span class='ocrx_word' id='word_1_666' title='bbox 2808 2720 3008 2785; x_wconf 85' lang='lat' dir='ltr'>potest.</span> <span class='ocrx_word' id='word_1_667' title='bbox 3035 2714 3143 2773; x_wconf 89' lang='lat' dir='ltr'>Sed</span> <span class='ocrx_word' id='word_1_668' title='bbox 3167 2716 3222 2771; x_wconf 91' lang='lat' dir='ltr'>in</span> <span class='ocrx_word' id='word_1_669' title='bbox 3246 2715 3349 2772; x_wconf 89' lang='lat' dir='ltr'>hoc</span> <span class='ocrx_word' id='word_1_670' title='bbox 3370 2717 3535 2772; x_wconf 90' lang='lat' dir='ltr'>etiam</span> <span class='ocrx_word' id='word_1_671' title='bbox 3558 2713 3982 2783; x_wconf 78' lang='lat' dir='ltr'>advertendum,</span> 
     </span>
     <span class='ocr_line' id='line_1_83' title="bbox 2386 2803 4002 2878; baseline 0.001 -19"><span class='ocrx_word' id='word_1_672' title='bbox 2386 2818 2486 2861; x_wconf 83' lang='lat' dir='ltr'>seu</span> <span class='ocrx_word' id='word_1_673' title='bbox 2528 2803 3089 2877; x_wconf 86' lang='lat' dir='ltr'>subdistinguendum</span> <span class='ocrx_word' id='word_1_674' title='bbox 3134 2811 3256 2874; x_wconf 59' lang='lat' dir='ltr'>est,</span> <span class='ocrx_word' id='word_1_675' title='bbox 3296 2820 3424 2862; x_wconf 90' lang='lat' dir='ltr'>nam</span> <span class='ocrx_word' id='word_1_676' title='bbox 3462 2805 3567 2862; x_wconf 87' lang='lat' dir='ltr'>hoc</span> <span class='ocrx_word' id='word_1_677' title='bbox 3610 2805 3661 2861; x_wconf 92' lang='lat' dir='ltr'>in</span> <span class='ocrx_word' id='word_1_678' title='bbox 3701 2806 3885 2878; x_wconf 83' lang='lat' dir='ltr'>rigore</span> <span class='ocrx_word' id='word_1_679' title='bbox 3913 2811 4002 2862; x_wconf 89' lang='lat' dir='ltr'>est</span> 
     </span>
     <span class='ocr_line' id='line_1_84' title="bbox 2390 2895 4001 2971; baseline 0.003 -23"><span class='ocrx_word' id='word_1_680' title='bbox 2390 2907 2589 2949; x_wconf 82' lang='lat' dir='ltr'>verum</span> <span class='ocrx_word' id='word_1_681' title='bbox 2606 2933 2621 2962; x_wconf 75' lang='lat'>,</span> <span class='ocrx_word' id='word_1_682' title='bbox 2648 2899 2918 2966; x_wconf 85' lang='lat' dir='ltr'>quantum</span> <span class='ocrx_word' id='word_1_683' title='bbox 2946 2899 3119 2952; x_wconf 84' lang='lat' dir='ltr'>estex</span> <span class='ocrx_word' id='word_1_684' title='bbox 3148 2901 3304 2968; x_wconf 88' lang='lat' dir='ltr'>parte</span> <span class='ocrx_word' id='word_1_685' title='bbox 3330 2895 3579 2971; x_wconf 81' lang='lat' dir='ltr'>tyranni:</span> <span class='ocrx_word' id='word_1_686' title='bbox 3606 2896 3871 2968; x_wconf 80' lang='lat' dir='ltr'>contingit</span> <span class='ocrx_word' id='word_1_687' title='bbox 3898 2911 4001 2953; x_wconf 88' lang='lat' dir='ltr'>au·</span> 
     </span>
     <span class='ocr_line' id='line_1_85' title="bbox 2390 2979 3992 3058; baseline 0.002 -19"><span class='ocrx_word' id='word_1_688' title='bbox 2390 2988 2505 3039; x_wconf 84' lang='lat' dir='ltr'>tem</span> <span class='ocrx_word' id='word_1_689' title='bbox 2537 2989 2600 3040; x_wconf 89' lang='lat' dir='ltr'>ut</span> <span class='ocrx_word' id='word_1_690' title='bbox 2625 2983 2972 3055; x_wconf 86' lang='lat' dir='ltr'>respublica,</span> <span class='ocrx_word' id='word_1_691' title='bbox 2991 2979 3131 3058; x_wconf 82' lang='lat' dir='ltr'>&#39;quia</span> <span class='ocrx_word' id='word_1_692' title='bbox 3159 3001 3267 3043; x_wconf 91' lang='lat' dir='ltr'>non</span> <span class='ocrx_word' id='word_1_693' title='bbox 3299 2990 3483 3058; x_wconf 88' lang='lat' dir='ltr'>potest</span> <span class='ocrx_word' id='word_1_694' title='bbox 3506 2985 3580 3042; x_wconf 91' lang='lat' dir='ltr'>illi</span> <span class='ocrx_word' id='word_1_695' title='bbox 3608 2985 3895 3052; x_wconf 85' lang='lat' dir='ltr'>resistere,</span> <span class='ocrx_word' id='word_1_696' title='bbox 3929 2985 3992 3042; x_wconf 88' lang='lat' dir='ltr'>il-</span> 
     </span>
     <span class='ocr_line' id='line_1_86' title="bbox 2388 3069 3993 3148; baseline 0.003 -21"><span class='ocrx_word' id='word_1_697' title='bbox 2388 3069 2505 3128; x_wconf 91' lang='lat' dir='ltr'>lum</span> <span class='ocrx_word' id='word_1_698' title='bbox 2546 3070 2777 3145; x_wconf 89' lang='lat' dir='ltr'>toleret,</span> <span class='ocrx_word' id='word_1_699' title='bbox 2818 3079 2877 3130; x_wconf 91' lang='lat' dir='ltr'>et</span> <span class='ocrx_word' id='word_1_700' title='bbox 2916 3073 2985 3130; x_wconf 89' lang='lat' dir='ltr'>ab</span> <span class='ocrx_word' id='word_1_701' title='bbox 3024 3089 3090 3130; x_wconf 92' lang='lat' dir='ltr'>eo</span> <span class='ocrx_word' id='word_1_702' title='bbox 3130 3090 3191 3131; x_wconf 86' lang='lat' dir='ltr'>se</span> <span class='ocrx_word' id='word_1_703' title='bbox 3220 3074 3511 3148; x_wconf 82' lang='lat' dir='ltr'>gubernari</span> <span class='ocrx_word' id='word_1_704' title='bbox 3538 3075 3709 3148; x_wconf 83' lang='lat' dir='ltr'>sinat,</span> <span class='ocrx_word' id='word_1_705' title='bbox 3740 3081 3799 3132; x_wconf 89' lang='lat' dir='ltr'>et</span> <span class='ocrx_word' id='word_1_706' title='bbox 3822 3077 3993 3132; x_wconf 88' lang='lat' dir='ltr'>tacite</span> 
     </span>
     <span class='ocr_line' id='line_1_87' title="bbox 2385 3163 3997 3237; baseline 0.001 -19"><span class='ocrx_word' id='word_1_707' title='bbox 2385 3163 2719 3234; x_wconf 88' lang='lat' dir='ltr'>consentiat,</span> <span class='ocrx_word' id='word_1_708' title='bbox 2752 3177 2817 3220; x_wconf 88' lang='lat' dir='ltr'>ac</span> <span class='ocrx_word' id='word_1_709' title='bbox 2839 3163 2994 3233; x_wconf 78' lang='lat' dir='ltr'>velit,</span> <span class='ocrx_word' id='word_1_710' title='bbox 3024 3163 3285 3221; x_wconf 88' lang='lat' dir='ltr'>iustitiam</span> <span class='ocrx_word' id='word_1_711' title='bbox 3304 3178 3401 3235; x_wconf 91' lang='lat' dir='ltr'>per</span> <span class='ocrx_word' id='word_1_712' title='bbox 3419 3165 3601 3237; x_wconf 88' lang='lat' dir='ltr'>ipsum</span> <span class='ocrx_word' id='word_1_713' title='bbox 3624 3163 3997 3222; x_wconf 85' lang='lat' dir='ltr'>administrari</span> 
     </span>
     <span class='ocr_line' id='line_1_88' title="bbox 2386 3253 3995 3328; baseline 0.001 -19"><span class='ocrx_word' id='word_1_714' title='bbox 2386 3260 2609 3325; x_wconf 89' lang='lat' dir='ltr'>propter</span> <span class='ocrx_word' id='word_1_715' title='bbox 2658 3253 2927 3311; x_wconf 88' lang='lat' dir='ltr'>rationem</span> <span class='ocrx_word' id='word_1_716' title='bbox 2970 3259 3205 3328; x_wconf 88' lang='lat' dir='ltr'>tactam,</span> <span class='ocrx_word' id='word_1_717' title='bbox 3250 3255 3381 3328; x_wconf 89' lang='lat' dir='ltr'>quia</span> <span class='ocrx_word' id='word_1_718' title='bbox 3420 3256 3603 3312; x_wconf 89' lang='lat' dir='ltr'>minus</span> <span class='ocrx_word' id='word_1_719' title='bbox 3644 3253 3851 3311; x_wconf 88' lang='lat' dir='ltr'>malum</span> <span class='ocrx_word' id='word_1_720' title='bbox 3886 3259 3995 3327; x_wconf 88' lang='lat' dir='ltr'>est,</span> 
     </span>
     <span class='ocr_line' id='line_1_89' title="bbox 2386 3341 3998 3416; baseline 0.001 -18"><span class='ocrx_word' id='word_1_721' title='bbox 2386 3356 2489 3414; x_wconf 86' lang='lat' dir='ltr'>per</span> <span class='ocrx_word' id='word_1_722' title='bbox 2543 3341 2701 3400; x_wconf 89' lang='lat' dir='ltr'>illum</span> <span class='ocrx_word' id='word_1_723' title='bbox 2748 3341 3074 3416; x_wconf 56' lang='lat' dir='ltr'>gubernaris,</span> <span class='ocrx_word' id='word_1_724' title='bbox 3126 3358 3293 3416; x_wconf 89' lang='lat' dir='ltr'>quam</span> <span class='ocrx_word' id='word_1_725' title='bbox 3342 3345 3567 3402; x_wconf 89' lang='lat' dir='ltr'>omnino</span> <span class='ocrx_word' id='word_1_726' title='bbox 3612 3357 3805 3402; x_wconf 86' lang='lat' dir='ltr'>carere</span> <span class='ocrx_word' id='word_1_727' title='bbox 3851 3345 3998 3402; x_wconf 85' lang='lat' dir='ltr'>iusta</span> 
     </span>
     <span class='ocr_line' id='line_1_90' title="bbox 2394 3432 3999 3508; baseline 0.002 -18"><span class='ocrx_word' id='word_1_728' title='bbox 2394 3433 2684 3490; x_wconf 88' lang='lat' dir='ltr'>coactione</span> <span class='ocrx_word' id='word_1_729' title='bbox 2724 3438 2783 3489; x_wconf 85' lang='lat' dir='ltr'>et</span> <span class='ocrx_word' id='word_1_730' title='bbox 2817 3432 3148 3506; x_wconf 87' lang='lat' dir='ltr'>directione,</span> <span class='ocrx_word' id='word_1_731' title='bbox 3190 3440 3248 3492; x_wconf 89' lang='lat' dir='ltr'>et</span> <span class='ocrx_word' id='word_1_732' title='bbox 3288 3440 3409 3493; x_wconf 89' lang='lat' dir='ltr'>tum</span> <span class='ocrx_word' id='word_1_733' title='bbox 3434 3450 3543 3493; x_wconf 87' lang='lat' dir='ltr'>non</span> <span class='ocrx_word' id='word_1_734' title='bbox 3570 3437 3675 3492; x_wconf 85' lang='lat' dir='ltr'>erit</span> <span class='ocrx_word' id='word_1_735' title='bbox 3700 3441 3999 3508; x_wconf 86' lang='lat' dir='ltr'>peceatum</span> 
     </span>
     <span class='ocr_line' id='line_1_91' title="bbox 2392 3521 3991 3600; baseline 0.003 -21"><span class='ocrx_word' id='word_1_736' title='bbox 2392 3521 2647 3593; x_wconf 90' lang='lat' dir='ltr'>obedire,</span> <span class='ocrx_word' id='word_1_737' title='bbox 2687 3524 2853 3580; x_wconf 87' lang='lat' dir='ltr'>etiam</span> <span class='ocrx_word' id='word_1_738' title='bbox 2894 3524 2948 3579; x_wconf 90' lang='lat' dir='ltr'>in</span> <span class='ocrx_word' id='word_1_739' title='bbox 2989 3523 3153 3581; x_wconf 89' lang='lat' dir='ltr'>dietis</span> <span class='ocrx_word' id='word_1_740' title='bbox 3192 3525 3443 3600; x_wconf 88' lang='lat' dir='ltr'>actibus,</span> <span class='ocrx_word' id='word_1_741' title='bbox 3486 3525 3611 3599; x_wconf 91' lang='lat' dir='ltr'>quia</span> <span class='ocrx_word' id='word_1_742' title='bbox 3654 3525 3991 3598; x_wconf 87' lang='lat' dir='ltr'>reipublicae</span> 
     </span>
     <span class='ocr_line' id='line_1_92' title="bbox 2389 3611 3831 3692; baseline 0.002 -23"><span class='ocrx_word' id='word_1_743' title='bbox 2389 3627 2695 3669; x_wconf 89' lang='lat' dir='ltr'>consensus</span> <span class='ocrx_word' id='word_1_744' title='bbox 2724 3611 2946 3685; x_wconf 89' lang='lat' dir='ltr'>supplet</span> <span class='ocrx_word' id='word_1_745' title='bbox 2970 3611 3247 3672; x_wconf 88' lang='lat' dir='ltr'>desectum</span> <span class='ocrx_word' id='word_1_746' title='bbox 3274 3617 3564 3687; x_wconf 79' lang='lat' dir='ltr'>potestatis</span> <span class='ocrx_word' id='word_1_747' title='bbox 3592 3616 3831 3692; x_wconf 80' lang='lat' dir='ltr'>tyranni.</span> 
     </span>
    </p>

    <p class='ocr_par' dir='ltr' id='par_1_7' title="bbox 2378 3700 3995 5314">
     <span class='ocr_line' id='line_1_93' title="bbox 2463 3700 3986 3778; baseline 0.004 -21"><span class='ocrx_word' id='word_1_748' title='bbox 2463 3700 2546 3758; x_wconf 79' lang='lat' dir='ltr'>Ad</span> <span class='ocrx_word' id='word_1_749' title='bbox 2588 3700 3009 3759; x_wconf 78' lang='lat' dir='ltr'>fundamentum</span> <span class='ocrx_word' id='word_1_750' title='bbox 3049 3704 3315 3760; x_wconf 88' lang='lat' dir='ltr'>contrarii</span> <span class='ocrx_word' id='word_1_751' title='bbox 3353 3703 3560 3762; x_wconf 85' lang='lat' dir='ltr'>erroris</span> <span class='ocrx_word' id='word_1_752' title='bbox 3598 3703 3986 3778; x_wconf 86' lang='lat' dir='ltr'>respondetur,</span> 
     </span>
     <span class='ocr_line' id='line_1_94' title="bbox 2386 3790 3991 3853; baseline 0.003 -6"><span class='ocrx_word' id='word_1_753' title='bbox 2386 3790 2563 3848; x_wconf 89' lang='lat' dir='ltr'>multo</span> <span class='ocrx_word' id='word_1_754' title='bbox 2592 3791 2802 3849; x_wconf 89' lang='lat' dir='ltr'>maiora</span> <span class='ocrx_word' id='word_1_755' title='bbox 2828 3790 3183 3850; x_wconf 86' lang='lat' dir='ltr'>incommoda</span> <span class='ocrx_word' id='word_1_756' title='bbox 3217 3799 3413 3852; x_wconf 86' lang='lat' dir='ltr'>contra</span> <span class='ocrx_word' id='word_1_757' title='bbox 3448 3793 3656 3852; x_wconf 88' lang='lat' dir='ltr'>bonum</span> <span class='ocrx_word' id='word_1_758' title='bbox 3690 3810 3991 3853; x_wconf 88' lang='lat' dir='ltr'>commune</span> 
     </span>
     <span class='ocr_line' id='line_1_95' title="bbox 2385 3881 3995 3958; baseline 0.003 -20"><span class='ocrx_word' id='word_1_759' title='bbox 2385 3881 2572 3955; x_wconf 89' lang='lat' dir='ltr'>sequi,</span> <span class='ocrx_word' id='word_1_760' title='bbox 2602 3882 2649 3938; x_wconf 90' lang='lat' dir='ltr'>si</span> <span class='ocrx_word' id='word_1_761' title='bbox 2675 3888 2921 3953; x_wconf 85' lang='lat' dir='ltr'>potestas</span> <span class='ocrx_word' id='word_1_762' title='bbox 2949 3881 3121 3940; x_wconf 83' lang='lat' dir='ltr'>civilis</span> <span class='ocrx_word' id='word_1_763' title='bbox 3152 3882 3387 3955; x_wconf 87' lang='lat' dir='ltr'>pendeat</span> <span class='ocrx_word' id='word_1_764' title='bbox 3410 3900 3479 3940; x_wconf 88' lang='lat' dir='ltr'>ex</span> <span class='ocrx_word' id='word_1_765' title='bbox 3506 3887 3722 3957; x_wconf 81' lang='lat' dir='ltr'>privata</span> <span class='ocrx_word' id='word_1_766' title='bbox 3746 3884 3872 3958; x_wconf 80' lang='lat' dir='ltr'>lide,</span> <span class='ocrx_word' id='word_1_767' title='bbox 3902 3885 3995 3943; x_wconf 81' lang='lat' dir='ltr'>vel</span> 
     </span>
     <span class='ocr_line' id='line_1_96' title="bbox 2384 3968 3979 4049; baseline 0.004 -23"><span class='ocrx_word' id='word_1_768' title='bbox 2384 3968 2545 4027; x_wconf 89' lang='lat' dir='ltr'>bonis</span> <span class='ocrx_word' id='word_1_769' title='bbox 2572 3969 2827 4028; x_wconf 87' lang='lat' dir='ltr'>moribus</span> <span class='ocrx_word' id='word_1_770' title='bbox 2852 3970 3023 4044; x_wconf 84' lang='lat' dir='ltr'>ipsius</span> <span class='ocrx_word' id='word_1_771' title='bbox 3046 3972 3307 4046; x_wconf 89' lang='lat' dir='ltr'>principis</span> <span class='ocrx_word' id='word_1_772' title='bbox 3326 4013 3341 4048; x_wconf 91' lang='lat'>,</span> <span class='ocrx_word' id='word_1_773' title='bbox 3364 3975 3497 4047; x_wconf 89' lang='lat' dir='ltr'>quia</span> <span class='ocrx_word' id='word_1_774' title='bbox 3515 3972 3667 4031; x_wconf 86' lang='lat' dir='ltr'>nulla</span> <span class='ocrx_word' id='word_1_775' title='bbox 3684 3981 3833 4033; x_wconf 86' lang='lat' dir='ltr'>esset</span> <span class='ocrx_word' id='word_1_776' title='bbox 3850 3989 3979 4049; x_wconf 85' lang='lat' dir='ltr'>pax,</span> 
     </span>
     <span class='ocr_line' id='line_1_97' title="bbox 2385 4059 3987 4137; baseline 0.001 -20"><span class='ocrx_word' id='word_1_777' title='bbox 2385 4075 2563 4134; x_wconf 90' lang='lat' dir='ltr'>neque</span> <span class='ocrx_word' id='word_1_778' title='bbox 2588 4059 2889 4118; x_wconf 87' lang='lat' dir='ltr'>obedientia</span> <span class='ocrx_word' id='word_1_779' title='bbox 2916 4063 2971 4117; x_wconf 88' lang='lat' dir='ltr'>in</span> <span class='ocrx_word' id='word_1_780' title='bbox 2998 4061 3315 4135; x_wconf 89' lang='lat' dir='ltr'>republica,</span> <span class='ocrx_word' id='word_1_781' title='bbox 3344 4062 3441 4120; x_wconf 90' lang='lat' dir='ltr'>sed</span> <span class='ocrx_word' id='word_1_782' title='bbox 3476 4063 3704 4137; x_wconf 87' lang='lat' dir='ltr'>quilibet</span> <span class='ocrx_word' id='word_1_783' title='bbox 3731 4063 3987 4121; x_wconf 88' lang='lat' dir='ltr'>subditus</span> 
     </span>
     <span class='ocr_line' id='line_1_98' title="bbox 2382 4149 3993 4228; baseline 0.002 -20"><span class='ocrx_word' id='word_1_784' title='bbox 2382 4149 2551 4208; x_wconf 78' lang='lat' dir='ltr'>vellet</span> <span class='ocrx_word' id='word_1_785' title='bbox 2589 4151 2931 4222; x_wconf 78' lang='lat' dir='ltr'>superiorem</span> <span class='ocrx_word' id='word_1_786' title='bbox 2971 4167 3137 4209; x_wconf 88' lang='lat' dir='ltr'>suum</span> <span class='ocrx_word' id='word_1_787' title='bbox 3176 4151 3419 4210; x_wconf 87' lang='lat' dir='ltr'>iudicare</span> <span class='ocrx_word' id='word_1_788' title='bbox 3440 4194 3457 4227; x_wconf 95' lang='lat'>,</span> <span class='ocrx_word' id='word_1_789' title='bbox 3498 4160 3558 4211; x_wconf 91' lang='lat' dir='ltr'>et</span> <span class='ocrx_word' id='word_1_790' title='bbox 3582 4162 3993 4228; x_wconf 87' lang='lat' dir='ltr'>consequenter</span> 
     </span>
     <span class='ocr_line' id='line_1_99' title="bbox 2380 4238 3982 4316; baseline 0.002 -20"><span class='ocrx_word' id='word_1_791' title='bbox 2380 4239 2457 4297; x_wconf 88' lang='lat' dir='ltr'>illi</span> <span class='ocrx_word' id='word_1_792' title='bbox 2493 4238 2854 4298; x_wconf 87' lang='lat' dir='ltr'>obedientiam</span> <span class='ocrx_word' id='word_1_793' title='bbox 2902 4254 3143 4316; x_wconf 75' lang='lat' dir='ltr'>negar03</span> <span class='ocrx_word' id='word_1_794' title='bbox 3180 4241 3333 4315; x_wconf 88' lang='lat' dir='ltr'>quod</span> <span class='ocrx_word' id='word_1_795' title='bbox 3382 4241 3841 4302; x_wconf 85' lang='lat' dir='ltr'>absurdissimum</span> <span class='ocrx_word' id='word_1_796' title='bbox 3876 4250 3982 4301; x_wconf 89' lang='lat' dir='ltr'>est.</span> 
     </span>
     <span class='ocr_line' id='line_1_100' title="bbox 2380 4327 3985 4407; baseline 0.004 -21"><span class='ocrx_word' id='word_1_797' title='bbox 2380 4327 2657 4397; x_wconf 84' lang='lat' dir='ltr'>Quocirca</span> <span class='ocrx_word' id='word_1_798' title='bbox 2698 4328 2829 4388; x_wconf 91' lang='lat' dir='ltr'>licet</span> <span class='ocrx_word' id='word_1_799' title='bbox 2866 4336 3129 4403; x_wconf 88' lang='lat' dir='ltr'>peccator</span> <span class='ocrx_word' id='word_1_800' title='bbox 3168 4329 3311 4390; x_wconf 87' lang='lat' dir='ltr'>l&#39;orte</span> <span class='ocrx_word' id='word_1_801' title='bbox 3350 4339 3639 4391; x_wconf 85' lang='lat' dir='ltr'>mereatur</span> <span class='ocrx_word' id='word_1_802' title='bbox 3667 4335 3870 4407; x_wconf 82' lang='lat' dir='ltr'>privari</span> <span class='ocrx_word' id='word_1_803' title='bbox 3894 4349 3985 4393; x_wconf 90' lang='lat' dir='ltr'>re-</span> 
     </span>
     <span class='ocr_line' id='line_1_101' title="bbox 2382 4418 3990 4496; baseline 0.004 -20"><span class='ocrx_word' id='word_1_804' title='bbox 2382 4435 2522 4494; x_wconf 83' lang='lat' dir='ltr'>gno,</span> <span class='ocrx_word' id='word_1_805' title='bbox 2562 4425 2743 4478; x_wconf 85' lang='lat' dir='ltr'>tamen</span> <span class='ocrx_word' id='word_1_806' title='bbox 2786 4420 3055 4494; x_wconf 89' lang='lat' dir='ltr'>quamdiu</span> <span class='ocrx_word' id='word_1_807' title='bbox 3094 4418 3185 4478; x_wconf 89' lang='lat' dir='ltr'>illo</span> <span class='ocrx_word' id='word_1_808' title='bbox 3224 4437 3339 4479; x_wconf 89' lang='lat' dir='ltr'>non</span> <span class='ocrx_word' id='word_1_809' title='bbox 3378 4423 3629 4496; x_wconf 83' lang='lat' dir='ltr'>privatur</span> <span class='ocrx_word' id='word_1_810' title='bbox 3656 4423 3723 4481; x_wconf 87' lang='lat' dir='ltr'>ab</span> <span class='ocrx_word' id='word_1_811' title='bbox 3756 4423 3990 4483; x_wconf 80' lang='lat' dir='ltr'>habente</span> 
     </span>
     <span class='ocr_line' id='line_1_102' title="bbox 2382 4509 3993 4590; baseline 0.004 -25"><span class='ocrx_word' id='word_1_812' title='bbox 2382 4514 2710 4582; x_wconf 86' lang='lat' dir='ltr'>potestatem</span> <span class='ocrx_word' id='word_1_813' title='bbox 2726 4551 2743 4584; x_wconf 95' lang='lat'>,</span> <span class='ocrx_word' id='word_1_814' title='bbox 2774 4525 2941 4568; x_wconf 82' lang='lat' dir='ltr'>verus</span> <span class='ocrx_word' id='word_1_815' title='bbox 2967 4525 3064 4569; x_wconf 89' lang='lat' dir='ltr'>rex</span> <span class='ocrx_word' id='word_1_816' title='bbox 3090 4517 3440 4587; x_wconf 80' lang='lat' dir='ltr'>perseverat,</span> <span class='ocrx_word' id='word_1_817' title='bbox 3467 4519 3637 4588; x_wconf 90' lang='lat' dir='ltr'>atque</span> <span class='ocrx_word' id='word_1_818' title='bbox 3658 4515 3735 4572; x_wconf 85' lang='lat' dir='ltr'>ita</span> <span class='ocrx_word' id='word_1_819' title='bbox 3756 4509 3993 4590; x_wconf 85' lang='lat' dir='ltr'>contigit</span> 
     </span>
     <span class='ocr_line' id='line_1_103' title="bbox 2382 4598 3991 4674; baseline 0.004 -19"><span class='ocrx_word' id='word_1_820' title='bbox 2382 4598 2438 4654; x_wconf 88' lang='lat' dir='ltr'>in</span> <span class='ocrx_word' id='word_1_821' title='bbox 2474 4599 2672 4674; x_wconf 91' lang='lat' dir='ltr'>Saule,</span> <span class='ocrx_word' id='word_1_822' title='bbox 2712 4599 2891 4657; x_wconf 87' lang='lat' dir='ltr'>donec</span> <span class='ocrx_word' id='word_1_823' title='bbox 2920 4601 3266 4674; x_wconf 82' lang='lat' dir='ltr'>permittente</span> <span class='ocrx_word' id='word_1_824' title='bbox 3309 4605 3417 4662; x_wconf 86' lang='lat' dir='ltr'>Deo</span> <span class='ocrx_word' id='word_1_825' title='bbox 3446 4603 3670 4662; x_wconf 86' lang='lat' dir='ltr'>occisus</span> <span class='ocrx_word' id='word_1_826' title='bbox 3698 4611 3804 4662; x_wconf 87' lang='lat' dir='ltr'>est.</span> <span class='ocrx_word' id='word_1_827' title='bbox 3832 4603 3991 4673; x_wconf 88' lang='lat' dir='ltr'>Quod</span> 
     </span>
     <span class='ocr_line' id='line_1_104' title="bbox 2383 4687 3984 4765; baseline 0.003 -19"><span class='ocrx_word' id='word_1_828' title='bbox 2383 4696 2568 4747; x_wconf 89' lang='lat' dir='ltr'>autem</span> <span class='ocrx_word' id='word_1_829' title='bbox 2592 4687 2796 4748; x_wconf 89' lang='lat' dir='ltr'>dicitur</span> <span class='ocrx_word' id='word_1_830' title='bbox 2818 4690 2991 4748; x_wconf 86' lang='lat' dir='ltr'>Oseae</span> <span class='ocrx_word' id='word_1_831' title='bbox 3018 4696 3071 4750; x_wconf 88' lang='lat'>8:</span> <span class='ocrx_word' id='word_1_832' title='bbox 3095 4693 3530 4765; x_wconf 73' lang='lat' dir='ltr'>Reqnaverunt,</span> <span class='ocrx_word' id='word_1_833' title='bbox 3560 4698 3616 4750; x_wconf 80' lang='lat' dir='ltr'>et</span> <span class='ocrx_word' id='word_1_834' title='bbox 3635 4709 3759 4750; x_wconf 74' lang='lat' dir='ltr'>non</span> <span class='ocrx_word' id='word_1_835' title='bbox 3774 4707 3851 4751; x_wconf 75' lang='lat' dir='ltr'>ea:</span> <span class='ocrx_word' id='word_1_836' title='bbox 3870 4708 3984 4761; x_wconf 71' lang='lat' dir='ltr'>nte,</span> 
     </span>
     <span class='ocr_line' id='line_1_105' title="bbox 2380 4778 3991 4856; baseline 0.002 -20"><span class='ocrx_word' id='word_1_837' title='bbox 2380 4778 2569 4852; x_wconf 89' lang='lat' dir='ltr'>plures</span> <span class='ocrx_word' id='word_1_838' title='bbox 2598 4778 2762 4836; x_wconf 89' lang='lat' dir='ltr'>habet</span> <span class='ocrx_word' id='word_1_839' title='bbox 2785 4781 3159 4852; x_wconf 81' lang='lat' dir='ltr'>expositiones</span> <span class='ocrx_word' id='word_1_840' title='bbox 3176 4820 3193 4853; x_wconf 95' lang='lat'>,</span> <span class='ocrx_word' id='word_1_841' title='bbox 3225 4781 3293 4838; x_wconf 91' lang='lat' dir='ltr'>de</span> <span class='ocrx_word' id='word_1_842' title='bbox 3322 4781 3524 4855; x_wconf 75' lang='lat' dir='ltr'>quibus</span> <span class='ocrx_word' id='word_1_843' title='bbox 3552 4781 3721 4840; x_wconf 83' lang='lat' dir='ltr'>videri</span> <span class='ocrx_word' id='word_1_844' title='bbox 3747 4788 3991 4856; x_wconf 87' lang='lat' dir='ltr'>possunt</span> 
     </span>
     <span class='ocr_line' id='line_1_106' title="bbox 2380 4869 3987 4949; baseline 0.004 -23"><span class='ocrx_word' id='word_1_845' title='bbox 2380 4869 2531 4943; x_wconf 81' lang='lat' dir='ltr'>orig.</span> <span class='ocrx_word' id='word_1_846' title='bbox 2566 4869 2752 4926; x_wconf 90' lang='lat' dir='ltr'>homil.</span> <span class='ocrx_word' id='word_1_847' title='bbox 2771 4873 2827 4929; x_wconf 72' lang='lat'>4.</span> <span class='ocrx_word' id='word_1_848' title='bbox 2853 4871 2911 4926; x_wconf 88' lang='lat' dir='ltr'>in</span> <span class='ocrx_word' id='word_1_849' title='bbox 2937 4870 3029 4927; x_wconf 91' lang='lat' dir='ltr'>lib.</span> <span class='ocrx_word' id='word_1_850' title='bbox 3054 4869 3329 4945; x_wconf 86' lang='lat' dir='ltr'>iudicum,</span> <span class='ocrx_word' id='word_1_851' title='bbox 3354 4872 3721 4949; x_wconf 86' lang='lat' dir='ltr'>Hieronymus</span> <span class='ocrx_word' id='word_1_852' title='bbox 3742 4879 3797 4931; x_wconf 88' lang='lat' dir='ltr'>et</span> <span class='ocrx_word' id='word_1_853' title='bbox 3816 4887 3987 4946; x_wconf 85' lang='lat' dir='ltr'>expo·</span> 
     </span>
     <span class='ocr_line' id='line_1_107' title="bbox 2379 4957 3991 5037; baseline 0.004 -22"><span class='ocrx_word' id='word_1_854' title='bbox 2379 4960 2577 5018; x_wconf 89' lang='lat' dir='ltr'>sitores</span> <span class='ocrx_word' id='word_1_855' title='bbox 2594 4957 2686 5016; x_wconf 89' lang='lat' dir='ltr'>ibi.</span> <span class='ocrx_word' id='word_1_856' title='bbox 2712 4959 2891 5016; x_wconf 84' lang='lat' dir='ltr'>Verus</span> <span class='ocrx_word' id='word_1_857' title='bbox 2924 4975 3119 5022; x_wconf 82' lang='lat' dir='ltr'>sensus</span> <span class='ocrx_word' id='word_1_858' title='bbox 3140 4961 3270 5019; x_wconf 88' lang='lat' dir='ltr'>mihi</span> <span class='ocrx_word' id='word_1_859' title='bbox 3292 4960 3507 5020; x_wconf 81' lang='lat' dir='ltr'>videtur</span> <span class='ocrx_word' id='word_1_860' title='bbox 3527 5004 3543 5034; x_wconf 92' lang='lat'>,</span> <span class='ocrx_word' id='word_1_861' title='bbox 3564 4961 3637 5020; x_wconf 89' lang='lat' dir='ltr'>ibi</span> <span class='ocrx_word' id='word_1_862' title='bbox 3658 4963 3991 5037; x_wconf 85' lang='lat' dir='ltr'>reprehendi</span> 
     </span>
     <span class='ocr_line' id='line_1_108' title="bbox 2378 5049 3993 5130; baseline 0.004 -22"><span class='ocrx_word' id='word_1_863' title='bbox 2378 5064 2537 5123; x_wconf 79' lang='lat' dir='ltr'>reges</span> <span class='ocrx_word' id='word_1_864' title='bbox 2566 5049 2779 5124; x_wconf 89' lang='lat' dir='ltr'>iniquos</span> <span class='ocrx_word' id='word_1_865' title='bbox 2819 5049 2987 5108; x_wconf 86' lang='lat' dir='ltr'>lsrael</span> <span class='ocrx_word' id='word_1_866' title='bbox 3008 5091 3024 5123; x_wconf 92' lang='lat'>‚</span> <span class='ocrx_word' id='word_1_867' title='bbox 3056 5065 3165 5108; x_wconf 90' lang='lat' dir='ltr'>non</span> <span class='ocrx_word' id='word_1_868' title='bbox 3192 5053 3322 5126; x_wconf 91' lang='lat' dir='ltr'>quia</span> <span class='ocrx_word' id='word_1_869' title='bbox 3348 5067 3509 5127; x_wconf 78' lang='lat' dir='ltr'>reges</span> <span class='ocrx_word' id='word_1_870' title='bbox 3537 5068 3646 5110; x_wconf 84' lang='lat' dir='ltr'>non</span> <span class='ocrx_word' id='word_1_871' title='bbox 3674 5061 3894 5130; x_wconf 84' lang='lat' dir='ltr'>essent,</span> <span class='ocrx_word' id='word_1_872' title='bbox 3932 5061 3993 5114; x_wconf 87' lang='lat' dir='ltr'>et</span> 
     </span>
     <span class='ocr_line' id='line_1_109' title="bbox 2379 5140 3991 5219; baseline 0.002 -19"><span class='ocrx_word' id='word_1_873' title='bbox 2379 5141 2781 5216; x_wconf 81' lang='lat' dir='ltr'>gubernarent,</span> <span class='ocrx_word' id='word_1_874' title='bbox 2810 5140 2917 5198; x_wconf 82' lang='lat' dir='ltr'>&#39;sed</span> <span class='ocrx_word' id='word_1_875' title='bbox 2958 5143 3091 5214; x_wconf 90' lang='lat' dir='ltr'>quia</span> <span class='ocrx_word' id='word_1_876' title='bbox 3115 5155 3248 5198; x_wconf 89' lang='lat' dir='ltr'>cum</span> <span class='ocrx_word' id='word_1_877' title='bbox 3278 5157 3437 5218; x_wconf 77' lang='lat' dir='ltr'>reges</span> <span class='ocrx_word' id='word_1_878' title='bbox 3465 5148 3679 5213; x_wconf 83' lang='lat' dir='ltr'>essent,</span> <span class='ocrx_word' id='word_1_879' title='bbox 3713 5144 3859 5202; x_wconf 90' lang='lat' dir='ltr'>male</span> <span class='ocrx_word' id='word_1_880' title='bbox 3884 5161 3991 5219; x_wconf 82' lang='lat' dir='ltr'>gu·</span> 
     </span>
     <span class='ocr_line' id='line_1_110' title="bbox 2378 5228 3989 5314; baseline 0.002 -24"><span class='ocrx_word' id='word_1_881' title='bbox 2378 5232 2704 5305; x_wconf 78' lang='lat' dir='ltr'>bernarent3</span> <span class='ocrx_word' id='word_1_882' title='bbox 2736 5228 2841 5288; x_wconf 90' lang='lat' dir='ltr'>hoc</span> <span class='ocrx_word' id='word_1_883' title='bbox 2880 5231 3023 5290; x_wconf 88' lang='lat' dir='ltr'>enim</span> <span class='ocrx_word' id='word_1_884' title='bbox 3057 5232 3329 5308; x_wconf 81' lang='lat' dir='ltr'>significat</span> <span class='ocrx_word' id='word_1_885' title='bbox 3354 5247 3585 5308; x_wconf 75' lang='lat' dir='ltr'>regnare</span> <span class='ocrx_word' id='word_1_886' title='bbox 3613 5249 3723 5293; x_wconf 85' lang='lat' dir='ltr'>non</span> <span class='ocrx_word' id='word_1_887' title='bbox 3752 5249 3820 5294; x_wconf 85' lang='lat' dir='ltr'>ex</span> <span class='ocrx_word' id='word_1_888' title='bbox 3852 5239 3989 5314; x_wconf 87' lang='lat' dir='ltr'>Deo,</span> 
     </span>
    </p>
   </div>
   <div class='ocr_carea' id='block_1_5' title="bbox 4296 2917 4300 3504">
    <p class='ocr_par' dir='ltr' id='par_1_8' title="bbox 4296 2917 4300 3504">
     <span class='ocr_line' id='line_1_111' title="bbox 4296 2917 4300 3504; baseline 0 0"><span class='ocrx_word' id='word_1_889' title='bbox 4296 2917 4300 3504; x_wconf 95' lang='lat' dir='ltr'> </span> 
     </span>
    </p>
   </div>
   <div class='ocr_carea' id='block_1_6' title="bbox 4296 3653 4301 5010">
    <p class='ocr_par' dir='ltr' id='par_1_9' title="bbox 4296 3653 4301 5010">
     <span class='ocr_line' id='line_1_112' title="bbox 4296 3653 4301 5010; baseline 0 0"><span class='ocrx_word' id='word_1_890' title='bbox 4296 3653 4301 5010; x_wconf 95' lang='lat' dir='ltr'> </span> 
     </span>
    </p>
   </div>
   <div class='ocr_carea' id='block_1_7' title="bbox 4294 3653 4301 5654">
    <p class='ocr_par' dir='ltr' id='par_1_10' title="bbox 4294 3653 4301 5654">
     <span class='ocr_line' id='line_1_113' title="bbox 4294 3653 4301 5654; baseline 0 0"><span class='ocrx_word' id='word_1_891' title='bbox 4294 3653 4301 5654; x_wconf 95' lang='lat' dir='ltr'> </span> 
     </span>
    </p>
   </div>
  </div>
 </body>
</html>
