4325 6267
809 361 934 427 202

737 504 832 562 sed
865 510 1070 564 tantum
1109 505 1353 578 operatio
1391 503 1536 586 ipsa,
1579 511 1641 562 ut
1677 503 1841 578 paulo
1880 509 2006 578 post
2037 503 2312 562 dicemus.

737 594 1058 654 Secundum
1088 609 1219 652 vero
1248 593 1314 651 de
1351 594 1468 667 lege
1496 593 1808 667 prohibente
1847 601 2022 668 patet,
2055 594 2184 668 quia
2209 608 2317 650 non

730 691 915 762 potest
941 684 1216 760 prohiberi
1239 685 1340 742 nisi
1361 684 1590 758 malum,
1616 685 1668 742 in
1692 685 1774 742 his
1798 688 1982 744 autem
2003 682 2218 742 actibus
2242 682 2321 740 in·

732 776 1100 836 differentibus
1135 775 1220 835 vel
1248 774 1402 834 nulla
1425 782 1512 834 est
1537 775 1761 850 malitia,
1793 776 1876 834 vel
1905 775 2024 834 siin
2045 773 2320 833 individuo

735 867 976 942 aliquam
1009 867 1244 939 habent,
1275 873 1342 924 ut
1365 865 1729 925 indifferentes
1759 873 1918 938 suut,
1949 872 2008 924 et
2032 865 2199 937 flunt,
2230 863 2323 923 illa

733 965 817 1016 est
842 957 1080 1031 minima,
1116 973 1261 1032 quae
1283 973 1390 1016 non
1410 963 1593 1030 potest
1611 956 1880 1031 prohiberi
1905 972 2000 1030 per
2019 955 2195 1030 legem
2218 955 2321 1012 hu-

737 1064 976 1123 manam,
1006 1064 1136 1106 cum
1168 1048 1380 1106 dictum
1405 1049 1496 1120 sit,
1521 1062 1628 1104 non
1649 1063 1810 1120 posse
1831 1047 2004 1122 legem
2026 1045 2323 1104 humanam

731 1139 1023 1212 prohibere
1063 1153 1282 1197 omnem
1317 1136 1596 1195 malitiam.
1633 1139 1982 1212 Consequens
2023 1144 2210 1194 autem
2247 1133 2324 1191 vi-

733 1229 898 1288 detur
930 1244 1050 1287 esse
1090 1234 1283 1288 contra
1321 1245 1488 1286 usum
1529 1228 1716 1303 legum
1753 1228 2145 1300 humanarum,
2180 1242 2323 1300 quae

733 1319 907 1376 multa
933 1317 1292 1386 indifferentia
1320 1325 1538 1391 vetent,
1563 1318 1648 1376 vel
1675 1318 2033 1392 praecipiunt.
2063 1316 2219 1386 Quod
2248 1317 2323 1390 yi-

732 1407 897 1468 detur
921 1410 1081 1468 etiam
1111 1424 1418 1483 supponere
1445 1409 1764 1468 Aristoteles
1785 1409 1835 1465 in
1857 1407 2218 1481 descriptione
2244 1406 2325 1463 iu·

733 1500 802 1557 sti
821 1499 1010 1574 legalis
1031 1514 1196 1572 supra
1220 1498 1414 1556 relata.
1438 1500 1572 1556 Item
1596 1498 1698 1555 hac
1720 1497 1929 1558 ratione
1949 1495 2144 1555 dicunt
2172 1495 2327 1554 theo-

732 1588 862 1663 logi,
893 1589 1162 1664 quaedam
1189 1604 1310 1647 esse
1340 1588 1510 1666 mala,
1540 1591 1671 1664 quia
1706 1588 1982 1663 prohibita
2023 1603 2120 1662 per
2148 1589 2323 1664 legem

734 1679 1060 1752 humanam,
1091 1695 1234 1754 quae
1269 1694 1366 1752 per
1401 1696 1462 1736 se
1498 1680 1628 1738 talia
1654 1695 1760 1737 non
1789 1687 1975 1754 erant,
2007 1679 2171 1754 igitur
2200 1686 2325 1736 ante

733 1771 911 1845 legem
937 1777 1097 1828 erant
1123 1769 1506 1843 indifferentia3
1536 1785 1664 1828 nam
1692 1769 1738 1827 si
1766 1769 1994 1828 fuissent
2018 1768 2185 1842 bona,
2214 1784 2324 1826 non

733 1861 1044 1934 potuissent
1077 1861 1190 1917 fieri
1225 1859 1368 1918 mala
1408 1875 1504 1933 per
1541 1859 1735 1934 legem.
1775 1861 1848 1919 Et
1881 1858 2072 1918 eadem
2117 1859 2324 1918 ratione

734 1948 1008 2024 quaedam
1044 1957 1210 2008 erunt
1256 1948 1397 2008 bona
1421 1990 1437 2022 ,
1479 1951 1607 2024 quia
1654 1957 1986 2023 praecepta3
2027 1964 2160 2023 ergo
2200 1953 2326 2007 ante

733 2047 1089 2114 praeceptum
1117 2056 1226 2099 non
1255 2047 1388 2098 sunt
1411 2038 1578 2112 bona,
1605 2047 1774 2100 erunt
1795 2056 1930 2114 ergo
1949 2037 2323 2113 indifferentia,

736 2130 864 2208 quia
891 2129 1193 2190 sifuissent
1217 2130 1380 2202 mala,
1409 2131 1652 2203 praecipi
1678 2145 1786 2188 non
1813 2130 2143 2204 potuissent.

812 2218 1155 2294 Respondeo,
1185 2227 1371 2277 actum
1399 2219 1792 2278 indifferentem
1830 2219 2122 2292 dupliciter
2149 2217 2329 2276 consi·

741 2309 921 2378 dereri
947 2326 1129 2384 posse,
1159 2314 1333 2382 primo
1361 2310 1668 2368 secundum
1699 2327 1779 2385 se,
1809 2317 2080 2385 quatenus
2101 2315 2328 2383 propter

737 2418 799 2462 se
827 2401 960 2474 fieri,
989 2401 1073 2458 vel
1097 2400 1280 2458 caveri
1301 2406 1500 2474 potest3
1523 2407 1581 2460 et
1603 2407 1664 2458 ut
1685 2401 1761 2459 sic
1783 2399 2053 2475 concedo,
2077 2416 2187 2457 non
2206 2413 2327 2456 esse

733 2492 1015 2566 materiam
1043 2491 1174 2565 legis
1201 2490 1467 2550 humanae
1495 2492 1877 2566 praecipientis
1897 2533 1913 2566 ,
1942 2498 2040 2551 aut
2066 2491 2324 2564 vetantiS,

733 2581 832 2640 sed
859 2589 1073 2639 tantum
1103 2583 1483 2656 permittentis,
1516 2591 1579 2641 ut
1603 2584 1800 2655 probat
1838 2584 1974 2641 ratio
2013 2584 2179 2641 sacta.
2214 2583 2327 2641 Imo

735 2673 901 2752 sentit
923 2670 979 2729 d.
995 2671 1226 2729 Thomas
1254 2688 1312 2751 q.
1329 2677 1542 2745 93,art.
1561 2673 1839 2746 2,nullius
1865 2673 1999 2747 legis
2027 2689 2148 2730 esse
2170 2688 2329 2746 posse

741 2761 1158 2836 materiam,nisi
1181 2761 1365 2836 quoad
1388 2762 1821 2836 permissionem
1835 2762 1985 2839 quod
2008 2778 2199 2820 verum
2220 2767 2325 2835 est,

739 2852 1014 2926 loquendo
1041 2851 1108 2910 de
1135 2853 1232 2910 tali
1260 2858 1391 2911 actu
1419 2855 1473 2909 in
1501 2869 1604 2910 sua
1629 2854 1808 2927 specie
1833 2854 2178 2912 considerato
2198 2894 2214 2927 ,
2244 2853 2329 2912 vel

744 2949 1010 3017 quantum
1038 2942 1107 3000 ad
1134 2959 1292 3000 suam
1318 2943 1607 3015 positivam
1639 2942 1901 3002 rationem
1927 2963 1942 3018 ς
1985 2943 2030 3000 si
2070 2949 2247 3001 tamen
2276 2943 2330 2998 in

741 3031 1013 3090 individuo
1039 3030 1423 3091 consideretur
1450 3039 1718 3108 quantum
1743 3033 1812 3091 ad
1840 3034 2137 3093 carentiam
2166 3033 2333 3092 hone-

741 3123 810 3180 sti
835 3123 973 3195 finis,
1005 3138 1103 3180 seu
1132 3130 1400 3197 quantum
1429 3122 1496 3180 ad
1526 3125 1876 3182 omissionem
1895 3127 2012 3182 eius
2041 3123 2123 3198 (ut
2143 3125 2224 3182 sic
2253 3122 2333 3180 di-

742 3211 882 3286 cam)
911 3214 956 3268 si
995 3219 1222 3286 propter
1263 3229 1322 3270 se
1361 3217 1574 3270 tantum
1615 3215 1736 3286 liat,
1767 3215 1846 3272 sic
1876 3214 2198 3286 prohibetur
2237 3229 2334 3285 per

743 3301 916 3376 legem
944 3300 1270 3376 naturalem,
1299 3302 1448 3360 iuxta
1475 3301 1786 3361 doctrinam
1823 3303 2069 3362 eiusdem
2108 3303 2165 3361 d.
2196 3304 2335 3361 Tho·

745 3409 866 3452 mae
902 3398 949 3453 1.
981 3399 1038 3466 2,
1068 3409 1124 3467 q.
1165 3396 1266 3467 18,
1296 3400 1401 3451 art.
1436 3397 1490 3452 9.
1533 3394 1923 3453 Verumtamen
1963 3393 2067 3451 sub
2105 3392 2207 3451 hac
2250 3410 2337 3452 ra-

745 3485 892 3543 tione
918 3500 1026 3541 non
1052 3483 1204 3541 cadit
1231 3483 1335 3541 sub
1376 3483 1734 3556 prohibitione
1769 3484 1904 3559 legis
1943 3484 2241 3557 humanae,
2272 3489 2337 3542 ut

747 3575 912 3632 etiam
940 3573 1136 3646 probat
1162 3576 1298 3632 ratio
1319 3573 1484 3646 iacta,
1508 3576 1636 3649 quia
1655 3583 1741 3633 est
1759 3591 1828 3632 ex
1847 3575 2107 3646 minimis,
2130 3576 2197 3633 de
2219 3575 2339 3650 qui-

747 3664 854 3738 bus
881 3663 968 3721 lex
993 3663 1162 3721 civilis
1183 3679 1292 3721 non
1319 3669 1503 3724 curat.
1535 3665 1651 3724 Alio
1671 3681 1802 3725 vero
1825 3665 1987 3725 modo
2009 3673 2189 3740 potest
2207 3682 2340 3725 con-

751 3755 975 3812 siderari
1006 3759 1167 3812 actus
1196 3753 1502 3811 indifferens
1538 3770 1606 3811 ex
1633 3754 1845 3813 obiecto
1876 3763 1940 3814 ut
1967 3757 2113 3814 utilis
2149 3755 2218 3814 ad
2247 3755 2340 3814 ali-

751 3843 902 3919 quod
931 3859 1223 3902 commune
1247 3842 1454 3902 bonum
1484 3843 1841 3918 reipublicae,
1863 3845 1950 3904 vel
1970 3846 2036 3904 ad
2060 3848 2339 3905 vitandum

749 3950 917 4012 grave
954 3934 1158 3992 malum
1183 3933 1322 4006 eius3
1353 3941 1412 3992 et
1437 3942 1500 3990 ut
1525 3936 1604 3990 sic
1633 3934 1848 3993 clarum
1874 3942 1978 4009 est,
2001 3953 2166 4010 posse
2186 3953 2342 4011 prae-

751 4027 883 4100 cipi,
915 4031 1014 4082 aut
1047 4025 1216 4082 vetari
1240 4039 1339 4097 per
1365 4024 1514 4097 leges
1539 4024 1762 4099 civileS,
1798 4032 1918 4084 tum
1943 4028 2073 4099 quia
2100 4034 2342 4099 potestas

753 4107 822 4174 ad
849 4115 1082 4189 aliquem
1109 4103 1718 4187 finem,'consequeuter
1738 4123 1823 4174 est
1843 4116 2059 4175 omnino
2091 4133 2343 4174 necessa·

750 4208 834 4267 ria
860 4207 929 4264 ad
954 4205 1109 4264 illum
1136 4206 1294 4262 linem
1311 4245 1327 4278 ,
1357 4211 1474 4261 tum
1499 4205 1659 4261 etiam
1689 4207 1816 4280 quia
1842 4214 2002 4265 actus
2040 4206 2344 4264 indifferens

755 4299 860 4372 sub
887 4313 952 4355 ea
977 4297 1206 4368 ratione,
1235 4293 1302 4352 de
1333 4309 1390 4351 se
1418 4300 1501 4351 est
1527 4303 1926 4354 consentaneus
1948 4297 2142 4354 rationi
2170 4304 2227 4355 et
2246 4295 2345 4360 bo·

752 4394 966 4445 nestus.
997 4386 1052 4443 Si
1081 4384 1224 4443 enim
1251 4388 1410 4442 actus
1439 4382 1742 4442 indifferens
1781 4385 2059 4444 ordinatus
2096 4385 2166 4444 ad
2193 4403 2345 4445 com·

757 4476 1067 4538 moditatem
1090 4480 1325 4533 naturae
1346 4473 1583 4547 privatae
1600 4490 1869 4548 personae
1887 4491 1995 4534 non
2015 4479 2341 4552 estotiosus,

663 4571 668 4578 ’
755 4567 852 4626 sed
877 4565 945 4624 de
967 4581 1026 4623 se
1052 4564 1277 4622 honeste
1303 4564 1381 4636 Εἰς
1414 4563 1587 4621 multo
1613 4567 1792 4639 magis
1817 4565 1871 4622 id
1890 4565 2126 4643 habebit,
2152 4569 2199 4626 si
2220 4584 2346 4641 pro·

753 4667 879 4732 pter
906 4669 1199 4714 commune
1226 4653 1432 4711 bonum
1460 4655 1575 4727 liat,
1604 4653 1971 4714 intercedente
1998 4672 2132 4715 vera
2157 4674 2347 4717 neces-

758 4749 916 4804 sitate
945 4752 1045 4804 aut
1076 4743 1365 4802 sufficienti
1393 4742 1652 4818 utilitate,
1688 4751 1750 4802 ut
1775 4761 1936 4820 saepe
1978 4753 2158 4819 potest
2186 4748 2347 4806 inter·

757 4839 964 4911 venire,
994 4842 1060 4892 ut
1085 4833 1152 4892 de
1181 4848 1240 4890 se
1266 4834 1678 4892 constat.Unde
1699 4841 1833 4892 tunc
1862 4851 1930 4894 ex
1955 4844 2108 4909 parte
2136 4836 2348 4912 legisla-

761 4928 898 4986 toris
925 4927 1069 4982 iusta
1093 4929 1176 4980 est
1201 4921 1320 4980 talis
1348 4921 1452 4998 lex,
1477 4939 1586 4997 qua
1607 4930 1691 4982 est
1713 4925 1861 4982 utilis
1883 4928 2160 4984 communi
2182 4927 2345 4998 bono,

761 5026 817 5078 et
847 5033 955 5075 non
981 5023 1066 5072 est
1094 5013 1161 5071 de
1191 5029 1248 5071 re
1277 5013 1441 5086 mala,
1474 5013 1568 5071 sed
1593 5030 1734 5088 quae
1759 5021 1942 5088 potest
1967 5016 2101 5075 bene
2129 5018 2351 5076 fieri.Ex

761 5097 916 5182 parte
945 5121 1074 5164 vero
1103 5102 1468 5176 subditorum,
1499 5102 1622 5162 licet
1651 5103 1720 5162 ad
1748 5105 1896 5164 iilam
1923 5105 2096 5181 legem
2122 5109 2353 5182 implen-

764 5198 890 5257 dam
916 5192 1286 5256 necessarium
1315 5209 1421 5251 non
1450 5192 1539 5266 sit,
1571 5193 1690 5251 illos
1719 5197 1928 5270 operari
1955 5203 2178 5272 propter
2198 5214 2353 5258 eum-

766 5277 890 5378 dem
916 5289 1096 5364 tinem,
1125 5298 1289 5364 quem
1319 5281 1594 5361 legislator
1619 5283 1868 5364 intendit,
1891 5287 1960 5347 ob
1982 5290 2245 5360 rationem
2274 5290 2354 5352 ra·

2166 375 2369 428 Lmltn
2394 377 2500 428 111.

2386 508 2554 575 ctam,
2584 503 2734 577 quod
2762 503 2880 562 finis
2908 504 3042 580 legis
3068 521 3181 580 non
3204 504 3352 564 cadit
3378 505 3482 563 sub
3520 507 3666 580 lege3
3711 506 3981 565 nihilomi-

2389 609 2492 650 uus
2522 591 2589 650 ad
2617 593 2993 670 obligationem
3022 595 3153 669 legis
3175 597 3303 652 satis
3326 603 3431 670 est,
3456 595 3603 670 quod
3626 597 3711 654 ille
3733 602 3892 655 actus
3916 596 3985 654 de

2391 697 2449 740 se
2476 697 2581 740 non
2609 691 2694 741 est
2720 685 2954 757 otiosus,
2984 700 3084 742 nec
3111 685 3340 756 inutilis,
3369 692 3427 744 et
3448 685 3595 760 quod
3617 691 3797 758 potest
3819 686 3985 742 hone-

2390 776 2472 829 ste
2498 771 2635 846 tieri,
2668 773 2713 830 si
2738 772 2992 832 subditus
3014 774 3142 833 velit
3160 775 3446 834 materiam
3470 775 3587 832 talis
3610 775 3743 849 legis
3762 777 3981 850 exequi,

2390 861 2731 920 observando
2759 879 2949 922 omnes
2977 862 3107 923 alias
3142 867 3586 924 circumstantias
3607 908 3623 938 ,
3652 880 3795 941 quas
3824 872 3987 923 natu·

2389 952 2517 1011 ralis
2561 955 2701 1012 ratio
2748 957 3031 1030 postulat,
3074 964 3141 1015 ut
3182 964 3341 1015 actus
3390 957 3444 1014 in
3488 955 3767 1016 individuo
3814 956 3984 1016 hone-

2390 1049 2511 1104 stus
2538 1046 2629 1102 sit.

2464 1133 2617 1193 Unde
2658 1135 2876 1194 tandem
2916 1141 3098 1208 potest
3136 1134 3472 1194 considerari
3510 1135 3812 1194 differentia
3838 1137 3980 1193 inter

2392 1231 2579 1283 actum
2606 1223 2812 1282 bonum
2838 1232 2896 1285 et
2921 1224 3158 1300 malum,
3180 1227 3332 1300 quod
3360 1235 3519 1284 actus
3547 1228 3592 1284 si
3622 1242 3719 1300 per
3746 1243 3804 1284 se
3826 1233 3885 1282 et
3903 1225 3984 1282 in-

2390 1314 2627 1372 trinsece
2668 1315 2847 1373 malus
2876 1315 2980 1388 sit,
3008 1331 3314 1390 numquam
3340 1323 3524 1389 potest
3550 1332 3648 1388 per
3676 1315 3853 1391 legem
3884 1315 3987 1373 hu-

2390 1420 2607 1463 manam
2632 1405 2891 1479 praecipi,
2915 1405 3043 1464 licet
3062 1407 3237 1480 possit
3256 1407 3525 1480 permitti,
3548 1407 3679 1482 quia
3699 1422 3985 1480 nunquam

2391 1503 2479 1553 est
2502 1494 2570 1553 ab
2596 1495 2692 1552 ino
2715 1495 3030 1569 separabilis
3050 1494 3283 1569 malitia,
3305 1495 3391 1555 vel
3414 1495 3706 1569 prohibitio
3734 1497 3985 1569 superio·

2391 1587 2467 1644 ris
2494 1584 2659 1658 legis,
2688 1592 2755 1643 ut
2792 1591 2943 1658 patet
2964 1601 3034 1643 ex
3072 1583 3233 1645 dictis
3270 1587 3322 1644 in
3362 1588 3537 1660 prima
3564 1587 3887 1644 assertione.
3918 1587 3988 1642 At

2394 1691 2523 1734 vero
2563 1683 2723 1734 actus
2766 1677 2943 1734 bonus
2981 1692 3048 1736 ex
3087 1677 3333 1751 obiecto,
3376 1679 3470 1751 qui
3509 1683 3692 1750 potest
3717 1693 3818 1749 per
3844 1692 3902 1733 se
3928 1682 3989 1734 et

2391 1767 2635 1842 propter·
2654 1781 2714 1824 se
2756 1766 2983 1826 honeste
3032 1767 3174 1839 lieri,
3217 1768 3438 1826 seclusa
3482 1766 3601 1841 lege
3644 1767 3987 1841 prohihente3

2392 1856 2739 1915 nihilominus
2786 1864 2969 1932 potest
2995 1857 3270 1930 prohiberi
3309 1873 3408 1930 per
3446 1856 3741 1916 humanam
3780 1857 3981 1930 legem,

2392 1947 2557 2006 etiam
2596 1946 2845 2020 civilem,
2887 1955 2945 2006 et
2982 1947 3095 2006 fieri
3136 1948 3313 2006 malus
3352 1948 3559 2005 ratione
3587 1945 3984 2020 prohibitionis,

2394 2038 2491 2114 qui
2530 2036 2662 2094 alias
2701 2035 2772 2095 de
2798 2053 2859 2095 se
2886 2043 3007 2094 erat
3032 2036 3231 2096 bonus.
3263 2037 3422 2095 Ratio
3451 2043 3570 2109 est,
3596 2037 3727 2110 quia
3756 2037 3801 2093 si
3828 2043 3990 2094 actus

2396 2129 2467 2185 sit
2504 2126 2684 2184 malus
2725 2127 2780 2184 in
2807 2129 2989 2200 specie
3016 2143 3115 2185 sua
3132 2168 3148 2199 ,
3178 2128 3641 2202 quandocumque
3668 2134 3987 2199 exercetur,

2394 2219 2587 2277 retinet
2622 2217 2767 2276 illam
2806 2218 3097 2291 malitiam,
3137 2226 3194 2276 et
3227 2219 3348 2277 ideo
3376 2235 3484 2277 non
3512 2223 3696 2292 potest
3720 2217 3987 2291 praecipi,

2394 2311 2520 2384 quia
2562 2309 2627 2366 ad
2669 2308 2875 2366 malum
2911 2307 3118 2368 sufficit
3141 2311 3481 2384 quicumque
3509 2309 3791 2367 desectus:
3821 2316 3988 2367 actus

2396 2407 2578 2458 autem
2606 2399 2816 2472 bonus,
2848 2398 2973 2457 licet
3004 2400 3283 2472 ex‚specie
3310 2416 3411 2458 sua
3442 2400 3565 2457 talis
3594 2401 3695 2472 sit,
3727 2405 3909 2473 potest
3934 2401 3990 2456 in

2395 2490 2657 2548 exercitio
2677 2505 2798 2547 esse
2820 2489 3019 2560 malus,
3043 2491 3171 2564 quia
3193 2496 3373 2562 potest
3392 2488 3499 2548 tale
3520 2491 3847 2549 exercitium
3868 2505 3989 2546 esse

2398 2579 2765 2653 prohibitum,
2787 2582 2944 2638 etita
2974 2580 3077 2637 iam
3103 2579 3276 2636 deerit
3304 2579 3375 2636 illi
3402 2581 3552 2638 actui
3574 2583 3991 2638 circumstantia

2397 2671 2579 2747 aliqua
2605 2668 2781 2728 debita
2809 2686 2877 2727 ex
2904 2671 2955 2727 vi
2983 2669 3139 2744 legis,
3161 2677 3220 2728 et
3244 2669 3361 2728 ideo
3382 2671 3492 2726 iam
3513 2670 3835 2740 eritmalus,
3859 2670 3991 2744 quia

2396 2761 2604 2820 malum
2644 2777 2713 2820 ex
2740 2776 3092 2836 quocumque
3118 2760 3355 2818 defectu.
3390 2761 3479 2818 Sic
3496 2800 3513 2833 ‚
3539 2760 3669 2818 licet
3696 2759 3878 2817 lacere
3904 2776 3993 2817 sa-

2397 2868 2580 2923 crum,
2610 2851 2817 2910 bonum
2846 2851 2933 2927 sit,
2964 2849 3018 2908 id
3047 2851 3229 2910 facere
3248 2853 3303 2908 in
3326 2850 3458 2909 seria
3480 2856 3630 2909 sexta
3656 2851 3991 2907 parasceves

2396 2959 2507 3002 non
2534 2943 2641 3001 erit
2666 2941 2867 3002 bonum
2889 2983 2905 3016 ,
2934 2941 3063 3016 quia
3089 2941 3245 3000 deest
3270 2941 3341 2998 illi
3368 2941 3545 2998 debita
3573 2941 3993 2998 circumstantia

2400 3033 2662 3105 temporis
2690 3034 2898 3090 ratione
2926 3031 3335 3105 prohibitionis:
3359 3030 3503 3089 idern
3524 3039 3609 3088 est
3630 3029 3697 3087 de
3718 3030 3916 3088 ieiunio
3936 3031 3993 3086 in

2400 3125 2487 3183 die
2514 3123 2806 3182 dominica.
2836 3125 2913 3181 De
2939 3138 3052 3197 quo
3078 3123 3325 3196 exemplo
3352 3123 3508 3195 vide,
3540 3121 3583 3178 si
3614 3121 3815 3194 placet,
3846 3135 3991 3196 quae

2402 3215 2728 3287 scripsimus
2750 3219 2913 3270 tract.
2939 3211 3083 3271 2.de
3102 3212 3425 3286 Reltqione,
3448 3211 3835 3284 lib.ll,cap.⁴.
3852 3227 3910 3269 n.
3934 3215 3991 3283 6,

2401 3311 2459 3362 et
2484 3303 2703 3378 quidem
2734 3320 2780 3360 s.
2810 3302 3042 3361 Thomas
3070 3307 3125 3362 2.
3157 3308 3218 3374 2,
3248 3319 3307 3378 q.
3346 3305 3473 3376 147,
3504 3309 3610 3360 art.
3642 3307 3696 3374 5,
3719 3301 3791 3359 ad
3818 3305 3873 3360 3.
3900 3316 3995 3358 ex-

2399 3410 2590 3469 presse
2628 3394 2861 3466 asserit,
2904 3410 3013 3452 non
3050 3409 3175 3450 esse
3209 3409 3242 3451 a
3268 3398 3500 3466 peccato
3529 3393 3865 3464 immunem,
3894 3393 3995 3466 qui

2402 3485 2487 3544 die
2515 3484 2787 3543 dominica
2813 3484 3097 3562 ieiunaret.
3128 3485 3197 3540 Et
3224 3483 3275 3538 in
3303 3481 3512 3556 legibus
3534 3481 3787 3539 civilibus
3812 3489 3996 3554 potest

2405 3575 2549 3633 idem
2589 3573 2957 3648 considerari3
3000 3589 3125 3630 nam
3160 3573 3377 3631 donatio
3406 3573 3640 3632 liberalis
3666 3571 3736 3630 de
3766 3588 3824 3630 se
3852 3572 3995 3630 bona

2404 3674 2519 3740 est,
2548 3673 2605 3724 et
2639 3664 2982 3724 nihilominus
3012 3672 3192 3738 potest
3216 3679 3282 3720 ex
3314 3665 3461 3722 iusta
3488 3679 3661 3721 causa
3688 3679 3785 3737 per
3812 3663 3990 3736 legem

2406 3757 2623 3815 civilem
2650 3755 2947 3829 prohiberi,
2974 3761 3033 3812 et
3060 3753 3172 3812 lieri
3200 3753 3337 3812 mala
3366 3754 3568 3827 solum,
3592 3754 3724 3827 quia
3753 3753 3997 3826 prohibi·

2408 3855 2491 3905 ta:
2524 3854 2583 3904 et
2610 3845 2687 3903 sic
2713 3844 2782 3902 de
2810 3845 2944 3902 aliis.
2970 3847 3157 3902 Potest
3180 3846 3341 3901 etiam
3368 3842 3475 3902 hoc
3503 3843 3770 3902 declarari
3797 3859 3865 3900 ex
3892 3843 3997 3901 alio

2408 3937 2677 4011 principio
2694 3981 2710 4009 ,
2733 3934 2881 4008 quod
2911 3933 3059 4008 leges
3087 3933 3357 3991 humanae
3381 3941 3616 4008 possunt
3642 3933 3995 3992 mediocrita-

2412 4034 2522 4085 tem
2558 4026 2902 4084 constituere
2936 4024 2990 4081 in
3034 4025 3339 4082 actionibus
3378 4024 3652 4082 humanis.
3690 4022 3846 4083 Unde
3884 4023 3999 4080 lieri
4106 4057 4113 4062 -

2412 4123 2624 4191 potest,
2656 4122 2718 4173 ut
2744 4121 2905 4172 actus
2924 4155 2940 4188 ,
2963 4115 3089 4188 qui,
3120 4113 3339 4172 seclusa
3366 4115 3487 4190 lege
3514 4115 3782 4190 positiva,
3820 4121 4005 4171 servat

2410 4207 2651 4266 medium
2687 4205 2933 4280 virtutis,
2974 4205 3151 4278 posita
3189 4206 3308 4280 lege
3351 4203 3699 4279 prohibente,
3740 4207 3849 4263 iam
3888 4220 3999 4263 non

2412 4305 2592 4356 servet
2616 4295 2857 4354 medium
2877 4340 2891 4368 ,
2921 4303 2977 4353 et
2998 4301 3192 4368 peccet
3211 4311 3306 4368 per
3326 4301 3631 4353 extremum
3652 4336 3667 4369 ,
3699 4295 3849 4352 sicut
3870 4310 4002 4366 pec-

2412 4395 2565 4448 caret
2590 4403 2685 4462 per
2703 4386 2979 4446 desectum
2996 4427 3014 4462 ,
3038 4385 3186 4445 silex
3208 4387 3547 4460 praeciperet
3568 4393 3756 4445 actum
3774 4427 3789 4462 ,
3810 4392 3867 4445 et
3886 4401 3999 4444 non

2412 4480 2584 4539 fleret.

2489 4571 2560 4629 Et
2584 4569 2709 4627 hinc
2736 4569 2895 4628 etiam
2924 4568 3099 4628 obiter
3121 4569 3466 4644 intelligitur,
3492 4568 3770 4644 quomodo
3790 4567 3877 4626 lex
3896 4566 4003 4626 hu-

2415 4675 2577 4719 mana
2603 4658 2816 4718 dicatur
2852 4661 3191 4717 constituere
3228 4658 3461 4716 medium
3486 4661 3543 4716 in
3569 4656 3808 4716 materiis
3832 4659 4005 4716 virtu-

2416 4757 2569 4820 tum,
2601 4748 2653 4806 id
2680 4750 2823 4806 enim
2852 4748 2981 4806 facit
3013 4749 3339 4821 imponendo
3368 4749 3745 4806 necessitatem
3772 4763 4005 4822 operan-

2416 4841 2469 4900 di
2494 4843 2547 4900 in
2573 4840 2773 4898 talibus
2792 4839 3033 4896 materiis
3055 4839 3202 4898 iuxta
3222 4840 3554 4915 exigentiam
3573 4855 3782 4898 earum.
3806 4839 3866 4896 ln
3891 4855 4006 4912 quo

2417 4937 2503 4989 est
2525 4928 2764 4989 notanda
2789 4928 3088 4988 differentia
3114 4930 3252 4987 inter
3278 4937 3570 5004 praecepta
3596 4929 3923 4988 affirmativa
3950 4936 4009 4988 et

2417 5021 2692 5094 negativa,
2723 5019 2870 5094 quod
2896 5019 3217 5078 affirmativa
3236 5019 3557 5095 regulariter
3580 5026 3899 5094 supponunt
3916 5021 4021 5077 in·-

2419 5111 2711 5171 trinsecam
2735 5110 3076 5168 honestatem
3101 5113 3157 5168 in
3182 5118 3311 5169 actu
3329 5153 3347 5184 ,
3370 5127 3537 5186 quem
3558 5110 3921 5184 praecipiunt,
3949 5118 4009 5168 et

2421 5207 2821 5278 consequenter
2858 5199 3097 5259 medium
3135 5201 3355 5258 virtutis
3392 5201 3447 5258 in
3487 5201 3717 5259 materia
3752 5200 3907 5272 eius,
3939 5208 4009 5260 ut

2424 5298 2576 5369 pate-t
2613 5292 2665 5360 in
2704 5298 2997 5366 praecepto
3036 5289 3214 5352 ieiunii
3253 5297 3312 5350 et
3348 5291 3645 5368 similibus,
3675 5307 3784 5350 non
3824 5299 4007 5352 tamen
