<?xml version="1.0" encoding="UTF-8"?>
<!DOCTYPE html PUBLIC "-//W3C//DTD XHTML 1.0 Transitional//EN"
    "http://www.w3.org/TR/xhtml1/DTD/xhtml1-transitional.dtd">
<html xmlns="http://www.w3.org/1999/xhtml" xml:lang="en" lang="en">
 <head>
  <title>
</title>
<meta http-equiv="Content-Type" content="text/html;charset=utf-8" />
  <meta name='ocr-system' content='tesseract 3.04.00' />
  <meta name='ocr-capabilities' content='ocr_page ocr_carea ocr_par ocr_line ocrx_word'/>
</head>
<body>
  <div class='ocr_page' id='page_1' title='image "./tractatusdelegi01sugoog_0328.png"; bbox 0 0 4325 6267; ppageno 0'>
   <div class='ocr_carea' id='block_1_1' title="bbox 812 338 964 409">
    <p class='ocr_par' dir='ltr' id='par_1_1' title="bbox 812 338 964 409">
     <span class='ocr_line' id='line_1_1' title="bbox 812 338 964 409; baseline 0 0"><span class='ocrx_word' id='word_1_1' title='bbox 812 338 964 409; x_wconf 79' lang='lat'><strong>&#39;316</strong></span> 
     </span>
    </p>
   </div>
   <div class='ocr_carea' id='block_1_2' title="bbox 692 482 2362 5367">
    <p class='ocr_par' dir='ltr' id='par_1_2' title="bbox 692 482 2362 3651">
     <span class='ocr_line' id='line_1_2' title="bbox 761 482 2359 562; baseline -0.003 -14"><span class='ocrx_word' id='word_1_2' title='bbox 761 496 1010 548; x_wconf 82' lang='lat' dir='ltr'><strong>manum.</strong></span> <span class='ocrx_word' id='word_1_3' title='bbox 1042 484 1147 549; x_wconf 81' lang='lat' dir='ltr'><strong>sed</strong></span> <span class='ocrx_word' id='word_1_4' title='bbox 1183 486 1239 546; x_wconf 89' lang='lat' dir='ltr'><strong>in</strong></span> <span class='ocrx_word' id='word_1_5' title='bbox 1276 486 1465 562; x_wconf 87' lang='lat' dir='ltr'><strong>primis</strong></span> <span class='ocrx_word' id='word_1_6' title='bbox 1492 484 1585 545; x_wconf 86' lang='lat' dir='ltr'><strong>hic</strong></span> <span class='ocrx_word' id='word_1_7' title='bbox 1612 482 1811 545; x_wconf 86' lang='lat' dir='ltr'><strong>modus</strong></span> <span class='ocrx_word' id='word_1_8' title='bbox 1836 484 2190 545; x_wconf 82' lang='lat' dir='ltr'><strong>institutionis</strong></span> <span class='ocrx_word' id='word_1_9' title='bbox 2229 486 2359 544; x_wconf 90' lang='lat' dir='ltr'><strong>alie-</strong></span> 
     </span>
     <span class='ocr_line' id='line_1_3' title="bbox 757 577 2357 651; baseline -0.004 -11"><span class='ocrx_word' id='word_1_10' title='bbox 757 598 866 640; x_wconf 88' lang='lat' dir='ltr'><strong>nus</strong></span> <span class='ocrx_word' id='word_1_11' title='bbox 897 587 981 639; x_wconf 89' lang='lat' dir='ltr'><strong>est</strong></span> <span class='ocrx_word' id='word_1_12' title='bbox 1020 580 1089 639; x_wconf 89' lang='lat' dir='ltr'><strong>ab</strong></span> <span class='ocrx_word' id='word_1_13' title='bbox 1130 579 1462 637; x_wconf 88' lang='lat' dir='ltr'><strong>institutione</strong></span> <span class='ocrx_word' id='word_1_14' title='bbox 1501 577 1707 649; x_wconf 72' lang='lat' dir='ltr'><strong>divina,</strong></span> <span class='ocrx_word' id='word_1_15' title='bbox 1751 579 1915 637; x_wconf 90' lang='lat' dir='ltr'><strong>decet</strong></span> <span class='ocrx_word' id='word_1_16' title='bbox 1950 579 2125 651; x_wconf 87' lang='lat' dir='ltr'><strong>enim,</strong></span> <span class='ocrx_word' id='word_1_17' title='bbox 2167 583 2232 635; x_wconf 90' lang='lat' dir='ltr'><strong>ut</strong></span> <span class='ocrx_word' id='word_1_18' title='bbox 2270 592 2357 651; x_wconf 89' lang='lat' dir='ltr'><strong>ea,</strong></span> 
     </span>
     <span class='ocr_line' id='line_1_4' title="bbox 756 666 2362 746; baseline -0.003 -16"><span class='ocrx_word' id='word_1_19' title='bbox 756 684 900 746; x_wconf 85' lang='lat' dir='ltr'><strong>quae</strong></span> <span class='ocrx_word' id='word_1_20' title='bbox 935 669 1241 729; x_wconf 73' lang='lat' dir='ltr'><strong>immediate</strong></span> <span class='ocrx_word' id='word_1_21' title='bbox 1268 686 1301 729; x_wconf 90' lang='lat' dir='ltr'><strong>a</strong></span> <span class='ocrx_word' id='word_1_22' title='bbox 1335 673 1445 730; x_wconf 85' lang='lat' dir='ltr'><strong>Deo</strong></span> <span class='ocrx_word' id='word_1_23' title='bbox 1472 669 1809 744; x_wconf 90' lang='lat' dir='ltr'><strong>praescripta</strong></span> <span class='ocrx_word' id='word_1_24' title='bbox 1846 675 2008 741; x_wconf 88' lang='lat' dir='ltr'><strong>sunt,</strong></span> <span class='ocrx_word' id='word_1_25' title='bbox 2048 666 2362 725; x_wconf 88' lang='lat' dir='ltr'><strong>immutabi-</strong></span> 
     </span>
     <span class='ocr_line' id='line_1_5' title="bbox 752 758 2362 837; baseline -0.004 -15"><span class='ocrx_word' id='word_1_26' title='bbox 752 764 889 822; x_wconf 90' lang='lat' dir='ltr'><strong>liora</strong></span> <span class='ocrx_word' id='word_1_27' title='bbox 916 768 1305 837; x_wconf 88' lang='lat' dir='ltr'><strong>permaneant,</strong></span> <span class='ocrx_word' id='word_1_28' title='bbox 1350 762 1507 820; x_wconf 87' lang='lat' dir='ltr'><strong>etita</strong></span> <span class='ocrx_word' id='word_1_29' title='bbox 1544 761 1793 819; x_wconf 84' lang='lat' dir='ltr'><strong>videmus</strong></span> <span class='ocrx_word' id='word_1_30' title='bbox 1822 758 2027 817; x_wconf 86' lang='lat' dir='ltr'><strong>servari</strong></span> <span class='ocrx_word' id='word_1_31' title='bbox 2054 760 2106 816; x_wconf 92' lang='lat' dir='ltr'><strong>in</strong></span> <span class='ocrx_word' id='word_1_32' title='bbox 2146 759 2362 817; x_wconf 87' lang='lat' dir='ltr'><strong>institu-</strong></span> 
     </span>
     <span class='ocr_line' id='line_1_6' title="bbox 751 850 2358 923; baseline -0.004 -10"><span class='ocrx_word' id='word_1_33' title='bbox 751 854 995 913; x_wconf 88' lang='lat' dir='ltr'><strong>tionibus</strong></span> <span class='ocrx_word' id='word_1_34' title='bbox 1032 853 1285 912; x_wconf 84' lang='lat' dir='ltr'><strong>sacrificii</strong></span> <span class='ocrx_word' id='word_1_35' title='bbox 1304 860 1360 911; x_wconf 88' lang='lat' dir='ltr'><strong>et</strong></span> <span class='ocrx_word' id='word_1_36' title='bbox 1386 858 1882 911; x_wconf 89' lang='lat' dir='ltr'><strong>sacramentorum.</strong></span> <span class='ocrx_word' id='word_1_37' title='bbox 1899 850 2120 923; x_wconf 79' lang='lat' dir='ltr'>Deinde,</span> <span class='ocrx_word' id='word_1_38' title='bbox 2142 866 2276 907; x_wconf 91' lang='lat' dir='ltr'><strong>cum</strong></span> <span class='ocrx_word' id='word_1_39' title='bbox 2302 851 2358 909; x_wconf 88' lang='lat' dir='ltr'><strong>in</strong></span> 
     </span>
     <span class='ocr_line' id='line_1_7' title="bbox 751 939 2362 1003; baseline -0.003 0"><span class='ocrx_word' id='word_1_40' title='bbox 751 944 846 1003; x_wconf 92' lang='lat' dir='ltr'><strong>illo</strong></span> <span class='ocrx_word' id='word_1_41' title='bbox 876 958 1103 1002; x_wconf 89' lang='lat' dir='ltr'><strong>munere</strong></span> <span class='ocrx_word' id='word_1_42' title='bbox 1135 950 1285 1002; x_wconf 83' lang='lat' dir='ltr'><strong>tanta</strong></span> <span class='ocrx_word' id='word_1_43' title='bbox 1312 945 1501 1003; x_wconf 85' lang='lat' dir='ltr'><strong>futura</strong></span> <span class='ocrx_word' id='word_1_44' title='bbox 1536 951 1685 1001; x_wconf 89' lang='lat' dir='ltr'><strong>esset</strong></span> <span class='ocrx_word' id='word_1_45' title='bbox 1732 940 2065 1001; x_wconf 75' lang='lat' dir='ltr'><strong>mutabilitas</strong></span> <span class='ocrx_word' id='word_1_46' title='bbox 2092 957 2158 999; x_wconf 89' lang='lat' dir='ltr'><strong>ac</strong></span> <span class='ocrx_word' id='word_1_47' title='bbox 2186 939 2362 999; x_wconf 87' lang='lat' dir='ltr'><strong>varie-</strong></span> 
     </span>
     <span class='ocr_line' id='line_1_8' title="bbox 752 1032 2360 1109; baseline -0.003 -16"><span class='ocrx_word' id='word_1_48' title='bbox 752 1042 877 1108; x_wconf 88' lang='lat' dir='ltr'><strong>tas,</strong></span> <span class='ocrx_word' id='word_1_49' title='bbox 904 1040 961 1092; x_wconf 89' lang='lat' dir='ltr'><strong>et</strong></span> <span class='ocrx_word' id='word_1_50' title='bbox 994 1050 1281 1109; x_wconf 88' lang='lat' dir='ltr'><strong>nunquam</strong></span> <span class='ocrx_word' id='word_1_51' title='bbox 1317 1041 1661 1092; x_wconf 90' lang='lat' dir='ltr'><strong>retenturum</strong></span> <span class='ocrx_word' id='word_1_52' title='bbox 1689 1039 1835 1090; x_wconf 90' lang='lat' dir='ltr'><strong>esset</strong></span> <span class='ocrx_word' id='word_1_53' title='bbox 1860 1038 2028 1091; x_wconf 89' lang='lat' dir='ltr'><strong>totam</strong></span> <span class='ocrx_word' id='word_1_54' title='bbox 2058 1032 2204 1089; x_wconf 89' lang='lat' dir='ltr'><strong>illam</strong></span> <span class='ocrx_word' id='word_1_55' title='bbox 2241 1032 2360 1089; x_wconf 91' lang='lat' dir='ltr'><strong>uni-</strong></span> 
     </span>
     <span class='ocr_line' id='line_1_9' title="bbox 751 1122 2354 1198; baseline -0.002 -16"><span class='ocrx_word' id='word_1_56' title='bbox 751 1126 1139 1198; x_wconf 85' lang='lat' dir='ltr'><strong>versalitatem,</strong></span> <span class='ocrx_word' id='word_1_57' title='bbox 1178 1140 1401 1183; x_wconf 87' lang='lat' dir='ltr'><strong>necesse</strong></span> <span class='ocrx_word' id='word_1_58' title='bbox 1428 1124 1551 1196; x_wconf 89' lang='lat' dir='ltr'><strong>fuit,</strong></span> <span class='ocrx_word' id='word_1_59' title='bbox 1582 1125 1654 1181; x_wconf 89' lang='lat' dir='ltr'><strong>ita</strong></span> <span class='ocrx_word' id='word_1_60' title='bbox 1680 1123 1931 1181; x_wconf 86' lang='lat' dir='ltr'><strong>divinitus</strong></span> <span class='ocrx_word' id='word_1_61' title='bbox 1958 1122 2194 1195; x_wconf 88' lang='lat' dir='ltr'><strong>institui,</strong></span> <span class='ocrx_word' id='word_1_62' title='bbox 2225 1138 2354 1179; x_wconf 90' lang='lat' dir='ltr'><strong>cum</strong></span> 
     </span>
     <span class='ocr_line' id='line_1_10' title="bbox 692 1213 2360 1286; baseline -0.001 -13"><span class='ocrx_word' id='word_1_63' title='bbox 692 1266 699 1273; x_wconf 94' lang='lat'><strong>.</strong></span> <span class='ocrx_word' id='word_1_64' title='bbox 752 1220 993 1276; x_wconf 89' lang='lat' dir='ltr'><strong>iamiam</strong></span> <span class='ocrx_word' id='word_1_65' title='bbox 1035 1222 1183 1275; x_wconf 88' lang='lat' dir='ltr'><strong>esset</strong></span> <span class='ocrx_word' id='word_1_66' title='bbox 1212 1215 1340 1273; x_wconf 88' lang='lat' dir='ltr'><strong>data</strong></span> <span class='ocrx_word' id='word_1_67' title='bbox 1365 1215 1647 1274; x_wconf 81' lang='lat' dir='ltr'><strong>Ecclesiae</strong></span> <span class='ocrx_word' id='word_1_68' title='bbox 1674 1214 1727 1271; x_wconf 90' lang='lat' dir='ltr'><strong>in</strong></span> <span class='ocrx_word' id='word_1_69' title='bbox 1762 1217 1926 1272; x_wconf 88' lang='lat' dir='ltr'><strong>Petro</strong></span> <span class='ocrx_word' id='word_1_70' title='bbox 1953 1213 2234 1271; x_wconf 85' lang='lat' dir='ltr'><strong>sufficiens</strong></span> <span class='ocrx_word' id='word_1_71' title='bbox 2263 1230 2360 1286; x_wconf 90' lang='lat' dir='ltr'><strong>po-</strong></span> 
     </span>
     <span class='ocr_line' id='line_1_11' title="bbox 750 1304 2358 1385; baseline -0.002 -19"><span class='ocrx_word' id='word_1_72' title='bbox 750 1314 953 1381; x_wconf 85' lang='lat' dir='ltr'><strong>testas,</strong></span> <span class='ocrx_word' id='word_1_73' title='bbox 982 1323 1081 1382; x_wconf 91' lang='lat' dir='ltr'><strong>per</strong></span> <span class='ocrx_word' id='word_1_74' title='bbox 1110 1324 1277 1385; x_wconf 89' lang='lat' dir='ltr'><strong>quam</strong></span> <span class='ocrx_word' id='word_1_75' title='bbox 1305 1312 1492 1379; x_wconf 90' lang='lat' dir='ltr'><strong>posset</strong></span> <span class='ocrx_word' id='word_1_76' title='bbox 1528 1304 1795 1363; x_wconf 84' lang='lat' dir='ltr'><strong>ordinari:</strong></span> <span class='ocrx_word' id='word_1_77' title='bbox 1826 1307 1970 1362; x_wconf 88' lang='lat' dir='ltr'><strong>Deus</strong></span> <span class='ocrx_word' id='word_1_78' title='bbox 1996 1305 2137 1361; x_wconf 88' lang='lat' dir='ltr'><strong>enim</strong></span> <span class='ocrx_word' id='word_1_79' title='bbox 2180 1306 2358 1363; x_wconf 85' lang='lat' dir='ltr'><strong>suavi-</strong></span> 
     </span>
     <span class='ocr_line' id='line_1_12' title="bbox 752 1394 2352 1474; baseline -0.004 -15"><span class='ocrx_word' id='word_1_80' title='bbox 752 1408 839 1460; x_wconf 88' lang='lat' dir='ltr'><strong>ter</strong></span> <span class='ocrx_word' id='word_1_81' title='bbox 865 1400 1111 1474; x_wconf 80' lang='lat' dir='ltr'><strong>disponit</strong></span> <span class='ocrx_word' id='word_1_82' title='bbox 1147 1398 1325 1457; x_wconf 87' lang='lat' dir='ltr'><strong>omnia</strong></span> <span class='ocrx_word' id='word_1_83' title='bbox 1345 1442 1361 1471; x_wconf 97' lang='lat'><strong>,</strong></span> <span class='ocrx_word' id='word_1_84' title='bbox 1391 1395 1665 1471; x_wconf 88' lang='lat' dir='ltr'><strong>operando</strong></span> <span class='ocrx_word' id='word_1_85' title='bbox 1690 1411 1790 1469; x_wconf 89' lang='lat' dir='ltr'><strong>per</strong></span> <span class='ocrx_word' id='word_1_86' title='bbox 1826 1410 2028 1453; x_wconf 88' lang='lat' dir='ltr'><strong>causas</strong></span> <span class='ocrx_word' id='word_1_87' title='bbox 2054 1394 2352 1469; x_wconf 89' lang='lat' dir='ltr'><strong>secundas,</strong></span> 
     </span>
     <span class='ocr_line' id='line_1_13' title="bbox 751 1485 2362 1566; baseline -0.003 -16"><span class='ocrx_word' id='word_1_88' title='bbox 751 1490 978 1566; x_wconf 88' lang='lat' dir='ltr'><strong>quando</strong></span> <span class='ocrx_word' id='word_1_89' title='bbox 1009 1488 1301 1547; x_wconf 89' lang='lat' dir='ltr'><strong>commode</strong></span> <span class='ocrx_word' id='word_1_90' title='bbox 1340 1493 1543 1561; x_wconf 90' lang='lat' dir='ltr'><strong>potest.</strong></span> <span class='ocrx_word' id='word_1_91' title='bbox 1574 1489 1819 1560; x_wconf 88' lang='lat' dir='ltr'><strong>Denique</strong></span> <span class='ocrx_word' id='word_1_92' title='bbox 1846 1500 1915 1543; x_wconf 79' lang='lat' dir='ltr'><strong>ex</strong></span> <span class='ocrx_word' id='word_1_93' title='bbox 1953 1485 2047 1543; x_wconf 89' lang='lat' dir='ltr'><strong>illo</strong></span> <span class='ocrx_word' id='word_1_94' title='bbox 2073 1488 2240 1545; x_wconf 90' lang='lat' dir='ltr'><strong>modo</strong></span> <span class='ocrx_word' id='word_1_95' title='bbox 2277 1490 2362 1545; x_wconf 87' lang='lat' dir='ltr'><strong>in·</strong></span> 
     </span>
     <span class='ocr_line' id='line_1_14' title="bbox 751 1574 2353 1654; baseline -0.004 -12"><span class='ocrx_word' id='word_1_96' title='bbox 751 1582 1051 1642; x_wconf 81' lang='lat' dir='ltr'><strong>stitutionis</strong></span> <span class='ocrx_word' id='word_1_97' title='bbox 1077 1580 1333 1638; x_wconf 84' lang='lat' dir='ltr'><strong>videntur</strong></span> <span class='ocrx_word' id='word_1_98' title='bbox 1360 1580 1517 1654; x_wconf 90' lang='lat' dir='ltr'><strong>sequi</strong></span> <span class='ocrx_word' id='word_1_99' title='bbox 1545 1576 1726 1652; x_wconf 89' lang='lat' dir='ltr'><strong>aliqua</strong></span> <span class='ocrx_word' id='word_1_100' title='bbox 1754 1574 2007 1634; x_wconf 90' lang='lat' dir='ltr'><strong>absurda.</strong></span> <span class='ocrx_word' id='word_1_101' title='bbox 2035 1578 2216 1635; x_wconf 88' lang='lat' dir='ltr'><strong>Unum</strong></span> <span class='ocrx_word' id='word_1_102' title='bbox 2245 1585 2353 1649; x_wconf 88' lang='lat' dir='ltr'><strong>est,</strong></span> 
     </span>
     <span class='ocr_line' id='line_1_15' title="bbox 750 1668 2354 1747; baseline -0.001 -17"><span class='ocrx_word' id='word_1_103' title='bbox 750 1672 1117 1747; x_wconf 88' lang='lat' dir='ltr'><strong>episcopalem</strong></span> <span class='ocrx_word' id='word_1_104' title='bbox 1149 1670 1579 1729; x_wconf 91' lang='lat' dir='ltr'><strong>iurisdictionem</strong></span> <span class='ocrx_word' id='word_1_105' title='bbox 1606 1668 1675 1725; x_wconf 93' lang='lat' dir='ltr'><strong>de</strong></span> <span class='ocrx_word' id='word_1_106' title='bbox 1695 1684 1753 1725; x_wconf 90' lang='lat' dir='ltr'><strong>se</strong></span> <span class='ocrx_word' id='word_1_107' title='bbox 1778 1674 1926 1725; x_wconf 86' lang='lat' dir='ltr'><strong>etex</strong></span> <span class='ocrx_word' id='word_1_108' title='bbox 1954 1668 2006 1724; x_wconf 77' lang='lat' dir='ltr'><strong>vi</strong></span> <span class='ocrx_word' id='word_1_109' title='bbox 2034 1669 2170 1726; x_wconf 90' lang='lat' dir='ltr'><strong>iuris</strong></span> <span class='ocrx_word' id='word_1_110' title='bbox 2191 1668 2354 1728; x_wconf 80' lang='lat' dir='ltr'><strong>divini</strong></span> 
     </span>
     <span class='ocr_line' id='line_1_16' title="bbox 750 1758 2357 1827; baseline -0.004 -4"><span class='ocrx_word' id='word_1_111' title='bbox 750 1762 966 1823; x_wconf 84' lang='lat' dir='ltr'><strong>extendi</strong></span> <span class='ocrx_word' id='word_1_112' title='bbox 1001 1764 1069 1821; x_wconf 90' lang='lat' dir='ltr'><strong>ad</strong></span> <span class='ocrx_word' id='word_1_113' title='bbox 1095 1765 1416 1821; x_wconf 86' lang='lat' dir='ltr'><strong>universum</strong></span> <span class='ocrx_word' id='word_1_114' title='bbox 1444 1758 1741 1827; x_wconf 90' lang='lat' dir='ltr'><strong>mundum,</strong></span> <span class='ocrx_word' id='word_1_115' title='bbox 1773 1764 1830 1815; x_wconf 91' lang='lat' dir='ltr'><strong>et</strong></span> <span class='ocrx_word' id='word_1_116' title='bbox 1857 1758 1927 1815; x_wconf 89' lang='lat' dir='ltr'><strong>ad</strong></span> <span class='ocrx_word' id='word_1_117' title='bbox 1962 1775 2152 1817; x_wconf 88' lang='lat' dir='ltr'><strong>omnes</strong></span> <span class='ocrx_word' id='word_1_118' title='bbox 2182 1761 2357 1819; x_wconf 90' lang='lat' dir='ltr'><strong>homi·</strong></span> 
     </span>
     <span class='ocr_line' id='line_1_17' title="bbox 749 1848 2356 1927; baseline -0.002 -14"><span class='ocrx_word' id='word_1_119' title='bbox 749 1870 868 1922; x_wconf 85' lang='lat' dir='ltr'><strong>nes,</strong></span> <span class='ocrx_word' id='word_1_120' title='bbox 896 1856 993 1911; x_wconf 90' lang='lat' dir='ltr'><strong>nisi</strong></span> <span class='ocrx_word' id='word_1_121' title='bbox 1023 1869 1121 1927; x_wconf 91' lang='lat' dir='ltr'><strong>per</strong></span> <span class='ocrx_word' id='word_1_122' title='bbox 1149 1852 1469 1912; x_wconf 81' lang='lat' dir='ltr'><strong>Pontificem</strong></span> <span class='ocrx_word' id='word_1_123' title='bbox 1499 1850 1755 1907; x_wconf 89' lang='lat' dir='ltr'><strong>limitetur</strong></span> <span class='ocrx_word' id='word_1_124' title='bbox 1783 1849 1851 1906; x_wconf 89' lang='lat' dir='ltr'><strong>ad</strong></span> <span class='ocrx_word' id='word_1_125' title='bbox 1878 1848 2105 1907; x_wconf 91' lang='lat' dir='ltr'><strong>modum</strong></span> <span class='ocrx_word' id='word_1_126' title='bbox 2133 1852 2356 1909; x_wconf 86' lang='lat' dir='ltr'><strong>iurisdi-</strong></span> 
     </span>
     <span class='ocr_line' id='line_1_18' title="bbox 750 1932 2354 2017; baseline -0.001 -14"><span class='ocrx_word' id='word_1_127' title='bbox 750 1945 945 2003; x_wconf 88' lang='lat' dir='ltr'><strong>ctionis</strong></span> <span class='ocrx_word' id='word_1_128' title='bbox 975 1943 1329 2017; x_wconf 85' lang='lat' dir='ltr'><strong>apostolicae,</strong></span> <span class='ocrx_word' id='word_1_129' title='bbox 1354 1940 1503 2016; x_wconf 91' lang='lat' dir='ltr'><strong>quod</strong></span> <span class='ocrx_word' id='word_1_130' title='bbox 1525 1956 1625 2013; x_wconf 88' lang='lat' dir='ltr'><strong>per</strong></span> <span class='ocrx_word' id='word_1_131' title='bbox 1644 1956 1705 1997; x_wconf 84' lang='lat' dir='ltr'><strong>se</strong></span> <span class='ocrx_word' id='word_1_132' title='bbox 1733 1932 2354 2001; x_wconf 81' lang='lat' dir='ltr'><strong>incredibile‘est.Aliud</strong></span> 
     </span>
     <span class='ocr_line' id='line_1_19' title="bbox 746 2028 2354 2109; baseline 0 -16"><span class='ocrx_word' id='word_1_133' title='bbox 746 2042 866 2107; x_wconf 91' lang='lat' dir='ltr'><strong>est,</strong></span> <span class='ocrx_word' id='word_1_134' title='bbox 896 2049 1058 2109; x_wconf 89' lang='lat' dir='ltr'><strong>posse</strong></span> <span class='ocrx_word' id='word_1_135' title='bbox 1084 2036 1376 2107; x_wconf 88' lang='lat' dir='ltr'><strong>episcopos</strong></span> <span class='ocrx_word' id='word_1_136' title='bbox 1400 2047 1469 2091; x_wconf 89' lang='lat' dir='ltr'><strong>ex</strong></span> <span class='ocrx_word' id='word_1_137' title='bbox 1504 2032 1555 2089; x_wconf 86' lang='lat' dir='ltr'><strong>vi</strong></span> <span class='ocrx_word' id='word_1_138' title='bbox 1580 2028 1714 2089; x_wconf 88' lang='lat' dir='ltr'><strong>iuris</strong></span> <span class='ocrx_word' id='word_1_139' title='bbox 1750 2028 1915 2087; x_wconf 88' lang='lat' dir='ltr'><strong>divini</strong></span> <span class='ocrx_word' id='word_1_140' title='bbox 1954 2030 2270 2105; x_wconf 88' lang='lat' dir='ltr'><strong>dispensare</strong></span> <span class='ocrx_word' id='word_1_141' title='bbox 2301 2034 2354 2092; x_wconf 85' lang='lat' dir='ltr'><strong>iu</strong></span> 
     </span>
     <span class='ocr_line' id='line_1_20' title="bbox 750 2122 2358 2197; baseline 0 -14"><span class='ocrx_word' id='word_1_142' title='bbox 750 2125 1093 2184; x_wconf 89' lang='lat' dir='ltr'><strong>matrimonio</strong></span> <span class='ocrx_word' id='word_1_143' title='bbox 1134 2130 1289 2197; x_wconf 89' lang='lat' dir='ltr'><strong>rato,</strong></span> <span class='ocrx_word' id='word_1_144' title='bbox 1320 2123 1422 2180; x_wconf 90' lang='lat' dir='ltr'><strong>nisi</strong></span> <span class='ocrx_word' id='word_1_145' title='bbox 1453 2136 1484 2179; x_wconf 93' lang='lat' dir='ltr'><strong>a</strong></span> <span class='ocrx_word' id='word_1_146' title='bbox 1522 2123 1668 2193; x_wconf 88' lang='lat' dir='ltr'><strong>Papa</strong></span> <span class='ocrx_word' id='word_1_147' title='bbox 1706 2127 2049 2193; x_wconf 81' lang='lat' dir='ltr'><strong>reservetur,</strong></span> <span class='ocrx_word' id='word_1_148' title='bbox 2082 2122 2232 2196; x_wconf 87' lang='lat' dir='ltr'><strong>quod</strong></span> <span class='ocrx_word' id='word_1_149' title='bbox 2271 2132 2358 2183; x_wconf 89' lang='lat' dir='ltr'><strong>est</strong></span> 
     </span>
     <span class='ocr_line' id='line_1_21' title="bbox 748 2211 2356 2287; baseline -0.002 -13"><span class='ocrx_word' id='word_1_150' title='bbox 748 2217 917 2274; x_wconf 87' lang='lat' dir='ltr'><strong>etiam</strong></span> <span class='ocrx_word' id='word_1_151' title='bbox 951 2214 1284 2273; x_wconf 81' lang='lat' dir='ltr'><strong>incredibile.</strong></span> <span class='ocrx_word' id='word_1_152' title='bbox 1310 2214 1551 2272; x_wconf 88' lang='lat' dir='ltr'><strong>Tertium</strong></span> <span class='ocrx_word' id='word_1_153' title='bbox 1578 2218 1689 2282; x_wconf 89' lang='lat' dir='ltr'><strong>est,</strong></span> <span class='ocrx_word' id='word_1_154' title='bbox 1712 2226 1875 2283; x_wconf 91' lang='lat' dir='ltr'><strong>posse</strong></span> <span class='ocrx_word' id='word_1_155' title='bbox 1900 2211 2212 2287; x_wconf 85' lang='lat' dir='ltr'><strong>relinquere</strong></span> <span class='ocrx_word' id='word_1_156' title='bbox 2241 2215 2356 2287; x_wconf 89' lang='lat' dir='ltr'><strong>epi-</strong></span> 
     </span>
     <span class='ocr_line' id='line_1_22' title="bbox 751 2300 2358 2378; baseline -0.001 -15"><span class='ocrx_word' id='word_1_157' title='bbox 751 2312 1043 2378; x_wconf 88' lang='lat' dir='ltr'><strong>scopatum</strong></span> <span class='ocrx_word' id='word_1_158' title='bbox 1078 2320 1182 2363; x_wconf 88' lang='lat' dir='ltr'><strong>sua</strong></span> <span class='ocrx_word' id='word_1_159' title='bbox 1206 2303 1536 2362; x_wconf 89' lang='lat' dir='ltr'><strong>auctoritate</strong></span> <span class='ocrx_word' id='word_1_160' title='bbox 1553 2345 1568 2370; x_wconf 90' lang='lat'><strong>,</strong></span> <span class='ocrx_word' id='word_1_161' title='bbox 1596 2302 1697 2358; x_wconf 88' lang='lat' dir='ltr'><strong>nisi</strong></span> <span class='ocrx_word' id='word_1_162' title='bbox 1726 2318 1757 2358; x_wconf 88' lang='lat' dir='ltr'><strong>a</strong></span> <span class='ocrx_word' id='word_1_163' title='bbox 1793 2300 1913 2359; x_wconf 89' lang='lat' dir='ltr'><strong>iure</strong></span> <span class='ocrx_word' id='word_1_164' title='bbox 1939 2301 2180 2361; x_wconf 88' lang='lat' dir='ltr'><strong>humano</strong></span> <span class='ocrx_word' id='word_1_165' title='bbox 2207 2312 2358 2363; x_wconf 90' lang='lat' dir='ltr'><strong>esset</strong></span> 
     </span>
     <span class='ocr_line' id='line_1_23' title="bbox 749 2392 2352 2469; baseline 0 -16"><span class='ocrx_word' id='word_1_166' title='bbox 749 2395 1109 2469; x_wconf 89' lang='lat' dir='ltr'><strong>prohibitum,</strong></span> <span class='ocrx_word' id='word_1_167' title='bbox 1144 2394 1295 2469; x_wconf 90' lang='lat' dir='ltr'><strong>quod</strong></span> <span class='ocrx_word' id='word_1_168' title='bbox 1320 2398 1405 2451; x_wconf 91' lang='lat' dir='ltr'><strong>est</strong></span> <span class='ocrx_word' id='word_1_169' title='bbox 1430 2400 1630 2451; x_wconf 90' lang='lat' dir='ltr'><strong>contra</strong></span> <span class='ocrx_word' id='word_1_170' title='bbox 1655 2394 1843 2448; x_wconf 83' lang='lat' dir='ltr'><strong>innoc.</strong></span> <span class='ocrx_word' id='word_1_171' title='bbox 1876 2393 1965 2449; x_wconf 86' lang='lat' dir='ltr'><strong>nl.</strong></span> <span class='ocrx_word' id='word_1_172' title='bbox 1997 2392 2049 2449; x_wconf 90' lang='lat' dir='ltr'><strong>in</strong></span> <span class='ocrx_word' id='word_1_173' title='bbox 2080 2393 2135 2450; x_wconf 92' lang='lat' dir='ltr'><strong>d.</strong></span> <span class='ocrx_word' id='word_1_174' title='bbox 2160 2408 2217 2450; x_wconf 93' lang='lat' dir='ltr'><strong>c.</strong></span> <span class='ocrx_word' id='word_1_175' title='bbox 2248 2397 2352 2453; x_wconf 81' lang='lat' dir='ltr'><strong>In·</strong></span> 
     </span>
     <span class='ocr_line' id='line_1_24' title="bbox 750 2481 2354 2563; baseline -0.002 -18"><span class='ocrx_word' id='word_1_176' title='bbox 750 2492 840 2545; x_wconf 76' lang='lat' dir='ltr'><strong>ter</strong></span> <span class='ocrx_word' id='word_1_177' title='bbox 871 2484 1234 2563; x_wconf 71' lang='lat' dir='ltr'><strong>corporalia.</strong></span> <span class='ocrx_word' id='word_1_178' title='bbox 1248 2486 1323 2544; x_wconf 93' lang='lat' dir='ltr'><strong>Et</strong></span> <span class='ocrx_word' id='word_1_179' title='bbox 1340 2483 1535 2542; x_wconf 89' lang='lat' dir='ltr'><strong>similia</strong></span> <span class='ocrx_word' id='word_1_180' title='bbox 1556 2488 1791 2556; x_wconf 78' lang='lat' dir='ltr'><strong>possunt</strong></span> <span class='ocrx_word' id='word_1_181' title='bbox 1808 2481 1983 2539; x_wconf 89' lang='lat' dir='ltr'><strong>multa</strong></span> <span class='ocrx_word' id='word_1_182' title='bbox 2010 2483 2220 2555; x_wconf 70' lang='lat' dir='ltr'><strong>inferri,</strong></span> <span class='ocrx_word' id='word_1_183' title='bbox 2244 2501 2354 2542; x_wconf 89' lang='lat' dir='ltr'><strong>non</strong></span> 
     </span>
     <span class='ocr_line' id='line_1_25' title="bbox 697 2573 2353 2653; baseline -0.003 -15"><span class='ocrx_word' id='word_1_184' title='bbox 697 2610 709 2619; x_wconf 94' lang='lat'><strong>·</strong></span> <span class='ocrx_word' id='word_1_185' title='bbox 748 2579 853 2639; x_wconf 88' lang='lat' dir='ltr'><strong>fuit</strong></span> <span class='ocrx_word' id='word_1_186' title='bbox 881 2595 1017 2653; x_wconf 80' lang='lat' dir='ltr'><strong>ergo</strong></span> <span class='ocrx_word' id='word_1_187' title='bbox 1056 2578 1180 2637; x_wconf 88' lang='lat' dir='ltr'><strong>talis</strong></span> <span class='ocrx_word' id='word_1_188' title='bbox 1206 2577 1473 2635; x_wconf 85' lang='lat' dir='ltr'><strong>institutio</strong></span> <span class='ocrx_word' id='word_1_189' title='bbox 1500 2574 1711 2647; x_wconf 87' lang='lat' dir='ltr'><strong>divina,</strong></span> <span class='ocrx_word' id='word_1_190' title='bbox 1744 2573 1842 2631; x_wconf 89' lang='lat' dir='ltr'><strong>sed</strong></span> <span class='ocrx_word' id='word_1_191' title='bbox 1878 2573 2059 2631; x_wconf 89' lang='lat' dir='ltr'><strong>solum</strong></span> <span class='ocrx_word' id='word_1_192' title='bbox 2087 2574 2255 2646; x_wconf 89' lang='lat' dir='ltr'><strong>haec,</strong></span> <span class='ocrx_word' id='word_1_193' title='bbox 2288 2583 2353 2634; x_wconf 93' lang='lat' dir='ltr'><strong>ut</strong></span> 
     </span>
     <span class='ocr_line' id='line_1_26' title="bbox 748 2662 2352 2742; baseline -0.004 -13"><span class='ocrx_word' id='word_1_194' title='bbox 748 2675 1075 2729; x_wconf 90' lang='lat' dir='ltr'><strong>crearentur</strong></span> <span class='ocrx_word' id='word_1_195' title='bbox 1115 2668 1394 2742; x_wconf 83' lang='lat' dir='ltr'><strong>episcopi,</strong></span> <span class='ocrx_word' id='word_1_196' title='bbox 1436 2666 1533 2739; x_wconf 91' lang='lat' dir='ltr'><strong>qui</strong></span> <span class='ocrx_word' id='word_1_197' title='bbox 1568 2671 1755 2724; x_wconf 89' lang='lat' dir='ltr'><strong>essent</strong></span> <span class='ocrx_word' id='word_1_198' title='bbox 1800 2662 2060 2721; x_wconf 90' lang='lat' dir='ltr'><strong>ordinarii</strong></span> <span class='ocrx_word' id='word_1_199' title='bbox 2098 2672 2352 2739; x_wconf 85' lang='lat' dir='ltr'><strong>pastores</strong></span> 
     </span>
     <span class='ocr_line' id='line_1_27' title="bbox 742 2753 2346 2839; baseline -0.002 -23"><span class='ocrx_word' id='word_1_200' title='bbox 742 2760 1073 2835; x_wconf 80' lang='lat' dir='ltr'><strong>principales</strong></span> <span class='ocrx_word' id='word_1_201' title='bbox 1122 2760 1459 2825; x_wconf 67' lang='lat' dir='ltr'><strong>animarum</strong></span> <span class='ocrx_word' id='word_1_202' title='bbox 1499 2771 1633 2839; x_wconf 66' lang='lat' dir='ltr'><strong>ergo</strong></span> <span class='ocrx_word' id='word_1_203' title='bbox 1672 2754 1799 2813; x_wconf 92' lang='lat' dir='ltr'><strong>nihil</strong></span> <span class='ocrx_word' id='word_1_204' title='bbox 1841 2753 1990 2811; x_wconf 90' lang='lat' dir='ltr'><strong>aliud</strong></span> <span class='ocrx_word' id='word_1_205' title='bbox 2040 2756 2346 2813; x_wconf 75' lang='lat' dir='ltr'><strong>immediate</strong></span> 
     </span>
     <span class='ocr_line' id='line_1_28' title="bbox 746 2845 2352 2925; baseline -0.001 -18"><span class='ocrx_word' id='word_1_206' title='bbox 746 2864 848 2925; x_wconf 92' lang='lat' dir='ltr'><strong>per</strong></span> <span class='ocrx_word' id='word_1_207' title='bbox 884 2850 969 2907; x_wconf 89' lang='lat' dir='ltr'><strong>ius</strong></span> <span class='ocrx_word' id='word_1_208' title='bbox 1014 2848 1256 2907; x_wconf 85' lang='lat' dir='ltr'><strong>divinum</strong></span> <span class='ocrx_word' id='word_1_209' title='bbox 1296 2846 1590 2921; x_wconf 78' lang='lat' dir='ltr'><strong>positivum</strong></span> <span class='ocrx_word' id='word_1_210' title='bbox 1628 2846 1939 2902; x_wconf 87' lang='lat' dir='ltr'><strong>institutum</strong></span> <span class='ocrx_word' id='word_1_211' title='bbox 1977 2851 2081 2902; x_wconf 90' lang='lat' dir='ltr'><strong>est.</strong></span> <span class='ocrx_word' id='word_1_212' title='bbox 2129 2846 2210 2902; x_wconf 90' lang='lat' dir='ltr'><strong>Ex</strong></span> <span class='ocrx_word' id='word_1_213' title='bbox 2258 2845 2352 2905; x_wconf 87' lang='lat' dir='ltr'><strong>illa</strong></span> 
     </span>
     <span class='ocr_line' id='line_1_29' title="bbox 746 2934 2350 3013; baseline 0 -18"><span class='ocrx_word' id='word_1_214' title='bbox 746 2955 881 2998; x_wconf 79' lang='lat' dir='ltr'><strong>vero</strong></span> <span class='ocrx_word' id='word_1_215' title='bbox 902 2938 1140 3013; x_wconf 76' lang='lat' dir='ltr'><strong>generali</strong></span> <span class='ocrx_word' id='word_1_216' title='bbox 1161 2937 1497 2996; x_wconf 89' lang='lat' dir='ltr'><strong>ordinatione</strong></span> <span class='ocrx_word' id='word_1_217' title='bbox 1516 2934 1768 3009; x_wconf 89' lang='lat' dir='ltr'><strong>sequitur</strong></span> <span class='ocrx_word' id='word_1_218' title='bbox 1794 2937 2003 3007; x_wconf 88' lang='lat' dir='ltr'><strong>statim,</strong></span> <span class='ocrx_word' id='word_1_219' title='bbox 2029 2936 2081 2991; x_wconf 91' lang='lat' dir='ltr'><strong>in</strong></span> <span class='ocrx_word' id='word_1_220' title='bbox 2109 2938 2350 2995; x_wconf 91' lang='lat' dir='ltr'><strong>creando</strong></span> 
     </span>
     <span class='ocr_line' id='line_1_30' title="bbox 744 3026 2352 3101; baseline -0.001 -14"><span class='ocrx_word' id='word_1_221' title='bbox 744 3028 837 3088; x_wconf 83' lang='lat' dir='ltr'><strong>illo</strong></span> <span class='ocrx_word' id='word_1_222' title='bbox 865 3044 1093 3088; x_wconf 89' lang='lat' dir='ltr'><strong>munere</strong></span> <span class='ocrx_word' id='word_1_223' title='bbox 1113 3072 1128 3101; x_wconf 95' lang='lat'><strong>,</strong></span> <span class='ocrx_word' id='word_1_224' title='bbox 1166 3028 1433 3086; x_wconf 82' lang='lat' dir='ltr'><strong>servanda</strong></span> <span class='ocrx_word' id='word_1_225' title='bbox 1460 3028 1511 3083; x_wconf 91' lang='lat' dir='ltr'><strong>in</strong></span> <span class='ocrx_word' id='word_1_226' title='bbox 1538 3026 1727 3099; x_wconf 90' lang='lat' dir='ltr'><strong>primis</strong></span> <span class='ocrx_word' id='word_1_227' title='bbox 1752 3040 1905 3098; x_wconf 89' lang='lat' dir='ltr'><strong>esse,</strong></span> <span class='ocrx_word' id='word_1_228' title='bbox 1938 3042 2078 3101; x_wconf 91' lang='lat' dir='ltr'><strong>quae</strong></span> <span class='ocrx_word' id='word_1_229' title='bbox 2104 3028 2189 3084; x_wconf 89' lang='lat' dir='ltr'><strong>ius</strong></span> <span class='ocrx_word' id='word_1_230' title='bbox 2216 3027 2352 3086; x_wconf 74' lang='lat' dir='ltr'><strong>divi-</strong></span> 
     </span>
     <span class='ocr_line' id='line_1_31' title="bbox 744 3116 2346 3193; baseline 0.001 -17"><span class='ocrx_word' id='word_1_231' title='bbox 744 3136 875 3177; x_wconf 90' lang='lat' dir='ltr'><strong>num</strong></span> <span class='ocrx_word' id='word_1_232' title='bbox 896 3118 1144 3178; x_wconf 83' lang='lat' dir='ltr'><strong>naturale</strong></span> <span class='ocrx_word' id='word_1_233' title='bbox 1184 3116 1751 3192; x_wconf 88' lang='lat' dir='ltr'><strong>postulat,&#39;supposito</strong></span> <span class='ocrx_word' id='word_1_234' title='bbox 1775 3116 1939 3189; x_wconf 83' lang='lat' dir='ltr'><strong>priori</strong></span> <span class='ocrx_word' id='word_1_235' title='bbox 1970 3116 2346 3193; x_wconf 84' lang='lat' dir='ltr'><strong>fundamento,</strong></span> 
     </span>
     <span class='ocr_line' id='line_1_32' title="bbox 746 3208 2350 3268; baseline -0.001 -2"><span class='ocrx_word' id='word_1_236' title='bbox 746 3210 957 3267; x_wconf 89' lang='lat' dir='ltr'><strong>scilicet</strong></span> <span class='ocrx_word' id='word_1_237' title='bbox 984 3216 1047 3267; x_wconf 89' lang='lat' dir='ltr'><strong>ut</strong></span> <span class='ocrx_word' id='word_1_238' title='bbox 1082 3210 1190 3268; x_wconf 88' lang='lat' dir='ltr'><strong>tale</strong></span> <span class='ocrx_word' id='word_1_239' title='bbox 1220 3224 1421 3267; x_wconf 89' lang='lat' dir='ltr'><strong>munus</strong></span> <span class='ocrx_word' id='word_1_240' title='bbox 1461 3213 1683 3265; x_wconf 86' lang='lat' dir='ltr'><strong>creetur</strong></span> <span class='ocrx_word' id='word_1_241' title='bbox 1711 3222 1840 3263; x_wconf 89' lang='lat' dir='ltr'><strong>cum</strong></span> <span class='ocrx_word' id='word_1_242' title='bbox 1876 3208 2127 3265; x_wconf 78' lang='lat' dir='ltr'><strong>omnibus</strong></span> <span class='ocrx_word' id='word_1_243' title='bbox 2154 3224 2350 3267; x_wconf 87' lang='lat' dir='ltr'><strong>neces·</strong></span> 
     </span>
     <span class='ocr_line' id='line_1_33' title="bbox 744 3296 2350 3374; baseline 0.001 -17"><span class='ocrx_word' id='word_1_244' title='bbox 744 3302 903 3359; x_wconf 85' lang='lat' dir='ltr'><strong>sariis</strong></span> <span class='ocrx_word' id='word_1_245' title='bbox 925 3300 992 3358; x_wconf 88' lang='lat' dir='ltr'><strong>ad</strong></span> <span class='ocrx_word' id='word_1_246' title='bbox 1025 3302 1441 3359; x_wconf 84' lang='lat' dir='ltr'><strong>convenientem</strong></span> <span class='ocrx_word' id='word_1_247' title='bbox 1465 3314 1627 3356; x_wconf 88' lang='lat' dir='ltr'><strong>usum</strong></span> <span class='ocrx_word' id='word_1_248' title='bbox 1654 3298 1805 3355; x_wconf 82' lang='lat' dir='ltr'><strong>eius:</strong></span> <span class='ocrx_word' id='word_1_249' title='bbox 1831 3297 1885 3353; x_wconf 90' lang='lat' dir='ltr'><strong>in</strong></span> <span class='ocrx_word' id='word_1_250' title='bbox 1915 3296 1999 3355; x_wconf 89' lang='lat' dir='ltr'><strong>his</strong></span> <span class='ocrx_word' id='word_1_251' title='bbox 2027 3314 2183 3369; x_wconf 81' lang='lat' dir='ltr'><strong>vero,</strong></span> <span class='ocrx_word' id='word_1_252' title='bbox 2207 3316 2350 3374; x_wconf 88' lang='lat' dir='ltr'><strong>quae</strong></span> 
     </span>
     <span class='ocr_line' id='line_1_34' title="bbox 744 3388 2352 3465; baseline -0.001 -15"><span class='ocrx_word' id='word_1_253' title='bbox 744 3392 1101 3465; x_wconf 88' lang='lat' dir='ltr'><strong>prudentialia</strong></span> <span class='ocrx_word' id='word_1_254' title='bbox 1132 3392 1219 3449; x_wconf 80' lang='lat' dir='ltr'><strong>vel</strong></span> <span class='ocrx_word' id='word_1_255' title='bbox 1263 3388 1548 3449; x_wconf 89' lang='lat' dir='ltr'><strong>arbitraria</strong></span> <span class='ocrx_word' id='word_1_256' title='bbox 1586 3394 1748 3460; x_wconf 89' lang='lat' dir='ltr'><strong>sunt,</strong></span> <span class='ocrx_word' id='word_1_257' title='bbox 1778 3403 1867 3445; x_wconf 90' lang='lat' dir='ltr'><strong>res</strong></span> <span class='ocrx_word' id='word_1_258' title='bbox 1906 3393 2022 3444; x_wconf 88' lang='lat' dir='ltr'><strong>tota</strong></span> <span class='ocrx_word' id='word_1_259' title='bbox 2058 3390 2352 3449; x_wconf 84' lang='lat' dir='ltr'><strong>commissa</strong></span> 
     </span>
     <span class='ocr_line' id='line_1_35' title="bbox 741 3476 2348 3558; baseline -0.001 -16"><span class='ocrx_word' id='word_1_260' title='bbox 741 3492 829 3542; x_wconf 90' lang='lat' dir='ltr'><strong>est</strong></span> <span class='ocrx_word' id='word_1_261' title='bbox 848 3486 1035 3558; x_wconf 81' lang='lat' dir='ltr'><strong>Petr03</strong></span> <span class='ocrx_word' id='word_1_262' title='bbox 1069 3496 1203 3557; x_wconf 84' lang='lat' dir='ltr'><strong>ergo</strong></span> <span class='ocrx_word' id='word_1_263' title='bbox 1230 3479 1415 3539; x_wconf 89' lang='lat' dir='ltr'><strong>abillo</strong></span> <span class='ocrx_word' id='word_1_264' title='bbox 1435 3487 1493 3537; x_wconf 92' lang='lat' dir='ltr'><strong>et</strong></span> <span class='ocrx_word' id='word_1_265' title='bbox 1519 3494 1617 3553; x_wconf 88' lang='lat' dir='ltr'><strong>per</strong></span> <span class='ocrx_word' id='word_1_266' title='bbox 1643 3478 1797 3536; x_wconf 88' lang='lat' dir='ltr'><strong>illum</strong></span> <span class='ocrx_word' id='word_1_267' title='bbox 1816 3476 2017 3536; x_wconf 90' lang='lat' dir='ltr'><strong>habent</strong></span> <span class='ocrx_word' id='word_1_268' title='bbox 2042 3477 2348 3541; x_wconf 84' lang='lat' dir='ltr'><strong>immediate</strong></span> 
     </span>
     <span class='ocr_line' id='line_1_36' title="bbox 743 3576 1803 3651; baseline -0.008 -17"><span class='ocrx_word' id='word_1_269' title='bbox 743 3576 987 3651; x_wconf 86' lang='lat' dir='ltr'><strong>episcopi</strong></span> <span class='ocrx_word' id='word_1_270' title='bbox 1014 3588 1231 3631; x_wconf 90' lang='lat' dir='ltr'><strong>omnem</strong></span> <span class='ocrx_word' id='word_1_271' title='bbox 1266 3587 1425 3631; x_wconf 90' lang='lat' dir='ltr'><strong>suam</strong></span> <span class='ocrx_word' id='word_1_272' title='bbox 1449 3576 1803 3644; x_wconf 88' lang='lat' dir='ltr'><strong>potestatem.</strong></span> 
     </span>
    </p>

    <p class='ocr_par' dir='ltr' id='par_1_3' title="bbox 736 3657 2350 5367">
     <span class='ocr_line' id='line_1_37' title="bbox 824 3657 2347 3733; baseline -0.003 -9"><span class='ocrx_word' id='word_1_273' title='bbox 824 3665 981 3726; x_wconf 87' lang='lat' dir='ltr'><strong>Unde</strong></span> <span class='ocrx_word' id='word_1_274' title='bbox 1010 3663 1230 3722; x_wconf 89' lang='lat' dir='ltr'><strong>tandem</strong></span> <span class='ocrx_word' id='word_1_275' title='bbox 1258 3660 1637 3733; x_wconf 86' lang='lat' dir='ltr'><strong>concluditur,</strong></span> <span class='ocrx_word' id='word_1_276' title='bbox 1669 3657 1843 3715; x_wconf 91' lang='lat' dir='ltr'><strong>multo</strong></span> <span class='ocrx_word' id='word_1_277' title='bbox 1871 3659 2044 3733; x_wconf 82' lang='lat' dir='ltr'><strong>magis</strong></span> <span class='ocrx_word' id='word_1_278' title='bbox 2072 3658 2125 3717; x_wconf 92' lang='lat' dir='ltr'><strong>id</strong></span> <span class='ocrx_word' id='word_1_279' title='bbox 2160 3659 2347 3720; x_wconf 90' lang='lat' dir='ltr'><strong>dicen-</strong></span> 
     </span>
     <span class='ocr_line' id='line_1_38' title="bbox 743 3750 2344 3828; baseline -0.003 -11"><span class='ocrx_word' id='word_1_280' title='bbox 743 3758 879 3817; x_wconf 89' lang='lat' dir='ltr'><strong>dum</strong></span> <span class='ocrx_word' id='word_1_281' title='bbox 914 3771 1036 3815; x_wconf 90' lang='lat' dir='ltr'><strong>esse</strong></span> <span class='ocrx_word' id='word_1_282' title='bbox 1058 3754 1125 3819; x_wconf 88' lang='lat' dir='ltr'><strong>de</strong></span> <span class='ocrx_word' id='word_1_283' title='bbox 1156 3758 1426 3828; x_wconf 82' lang='lat' dir='ltr'><strong>potestate</strong></span> <span class='ocrx_word' id='word_1_284' title='bbox 1450 3750 1653 3809; x_wconf 88' lang='lat' dir='ltr'><strong>ferendi</strong></span> <span class='ocrx_word' id='word_1_285' title='bbox 1680 3750 1853 3825; x_wconf 77' lang='lat' dir='ltr'><strong>leges,</strong></span> <span class='ocrx_word' id='word_1_286' title='bbox 1877 3751 2007 3825; x_wconf 82' lang='lat' dir='ltr'><strong>quja</strong></span> <span class='ocrx_word' id='word_1_287' title='bbox 2030 3767 2139 3808; x_wconf 92' lang='lat' dir='ltr'><strong>non</strong></span> <span class='ocrx_word' id='word_1_288' title='bbox 2162 3753 2344 3812; x_wconf 90' lang='lat' dir='ltr'><strong>solum</strong></span> 
     </span>
     <span class='ocr_line' id='line_1_39' title="bbox 740 3842 2350 3923; baseline -0.001 -18"><span class='ocrx_word' id='word_1_289' title='bbox 740 3853 927 3923; x_wconf 90' lang='lat' dir='ltr'><strong>potest</strong></span> <span class='ocrx_word' id='word_1_290' title='bbox 952 3846 1044 3904; x_wconf 91' lang='lat' dir='ltr'><strong>illa</strong></span> <span class='ocrx_word' id='word_1_291' title='bbox 1086 3844 1329 3914; x_wconf 89' lang='lat' dir='ltr'><strong>limitari,</strong></span> <span class='ocrx_word' id='word_1_292' title='bbox 1362 3842 1446 3900; x_wconf 86' lang='lat' dir='ltr'><strong>vel</strong></span> <span class='ocrx_word' id='word_1_293' title='bbox 1488 3842 1731 3915; x_wconf 90' lang='lat' dir='ltr'><strong>ampliari</strong></span> <span class='ocrx_word' id='word_1_294' title='bbox 1768 3856 1867 3913; x_wconf 89' lang='lat' dir='ltr'><strong>per</strong></span> <span class='ocrx_word' id='word_1_295' title='bbox 1905 3843 2255 3914; x_wconf 84' lang='lat' dir='ltr'><strong>Pontificem,</strong></span> <span class='ocrx_word' id='word_1_296' title='bbox 2285 3851 2350 3903; x_wconf 89' lang='lat' dir='ltr'><strong>ut</strong></span> 
     </span>
     <span class='ocr_line' id='line_1_40' title="bbox 741 3924 2348 4013; baseline -0.004 -17"><span class='ocrx_word' id='word_1_297' title='bbox 741 3938 985 4013; x_wconf 88' lang='lat' dir='ltr'><strong>quotidie</strong></span> <span class='ocrx_word' id='word_1_298' title='bbox 1030 3936 1118 4005; x_wconf 86' lang='lat' dir='ltr'><strong>fit,</strong></span> <span class='ocrx_word' id='word_1_299' title='bbox 1160 3933 1253 3991; x_wconf 89' lang='lat' dir='ltr'><strong>sed</strong></span> <span class='ocrx_word' id='word_1_300' title='bbox 1282 3935 1445 3990; x_wconf 82' lang='lat' dir='ltr'><strong>etiam</strong></span> <span class='ocrx_word' id='word_1_301' title='bbox 1486 3924 1712 4004; x_wconf 79' lang='lat' dir='ltr'><strong>possent</strong></span> <span class='ocrx_word' id='word_1_302' title='bbox 1738 3931 2097 4003; x_wconf 86' lang='lat' dir='ltr'><strong>particulares</strong></span> <span class='ocrx_word' id='word_1_303' title='bbox 2133 3933 2348 4006; x_wconf 89' lang='lat' dir='ltr'><strong>episco-</strong></span> 
     </span>
     <span class='ocr_line' id='line_1_41' title="bbox 742 4022 2340 4102; baseline -0.001 -17"><span class='ocrx_word' id='word_1_304' title='bbox 742 4035 907 4102; x_wconf 88' lang='lat' dir='ltr'><strong>patus</strong></span> <span class='ocrx_word' id='word_1_305' title='bbox 941 4026 1188 4097; x_wconf 88' lang='lat' dir='ltr'><strong>institui,</strong></span> <span class='ocrx_word' id='word_1_306' title='bbox 1219 4040 1325 4081; x_wconf 91' lang='lat' dir='ltr'><strong>non</strong></span> <span class='ocrx_word' id='word_1_307' title='bbox 1355 4022 1684 4080; x_wconf 90' lang='lat' dir='ltr'><strong>conferendo</strong></span> <span class='ocrx_word' id='word_1_308' title='bbox 1710 4022 1984 4093; x_wconf 88' lang='lat' dir='ltr'><strong>episcopis</strong></span> <span class='ocrx_word' id='word_1_309' title='bbox 2018 4029 2340 4094; x_wconf 88' lang='lat' dir='ltr'><strong>potestatem</strong></span> 
     </span>
     <span class='ocr_line' id='line_1_42' title="bbox 740 4112 2345 4191; baseline 0 -17"><span class='ocrx_word' id='word_1_310' title='bbox 740 4116 1012 4175; x_wconf 88' lang='lat' dir='ltr'><strong>condendi</strong></span> <span class='ocrx_word' id='word_1_311' title='bbox 1049 4117 1216 4191; x_wconf 82' lang='lat' dir='ltr'><strong>leges.</strong></span> <span class='ocrx_word' id='word_1_312' title='bbox 1240 4115 1375 4184; x_wconf 87' lang='lat' dir='ltr'><strong>Quia</strong></span> <span class='ocrx_word' id='word_1_313' title='bbox 1396 4112 1531 4170; x_wconf 89' lang='lat' dir='ltr'><strong>haec</strong></span> <span class='ocrx_word' id='word_1_314' title='bbox 1554 4118 1797 4186; x_wconf 87' lang='lat' dir='ltr'><strong>potestas</strong></span> <span class='ocrx_word' id='word_1_315' title='bbox 1819 4128 1925 4169; x_wconf 86' lang='lat' dir='ltr'><strong>non</strong></span> <span class='ocrx_word' id='word_1_316' title='bbox 1947 4120 2035 4170; x_wconf 89' lang='lat' dir='ltr'><strong>est</strong></span> <span class='ocrx_word' id='word_1_317' title='bbox 2054 4129 2149 4185; x_wconf 91' lang='lat' dir='ltr'><strong>per</strong></span> <span class='ocrx_word' id='word_1_318' title='bbox 2172 4131 2230 4173; x_wconf 91' lang='lat' dir='ltr'><strong>se</strong></span> <span class='ocrx_word' id='word_1_319' title='bbox 2250 4134 2345 4174; x_wconf 88' lang='lat' dir='ltr'><strong>ne-</strong></span> 
     </span>
     <span class='ocr_line' id='line_1_43' title="bbox 740 4204 2332 4281; baseline -0.001 -14"><span class='ocrx_word' id='word_1_320' title='bbox 740 4207 981 4267; x_wconf 88' lang='lat' dir='ltr'><strong>cessaria</strong></span> <span class='ocrx_word' id='word_1_321' title='bbox 1015 4208 1068 4265; x_wconf 93' lang='lat' dir='ltr'><strong>in</strong></span> <span class='ocrx_word' id='word_1_322' title='bbox 1096 4208 1244 4264; x_wconf 90' lang='lat' dir='ltr'><strong>omni</strong></span> <span class='ocrx_word' id='word_1_323' title='bbox 1272 4206 1656 4279; x_wconf 77' lang='lat' dir='ltr'><strong>gubernatore,</strong></span> <span class='ocrx_word' id='word_1_324' title='bbox 1680 4220 1783 4261; x_wconf 88' lang='lat' dir='ltr'><strong>nec</strong></span> <span class='ocrx_word' id='word_1_325' title='bbox 1810 4205 1865 4260; x_wconf 84' lang='lat' dir='ltr'><strong>iu</strong></span> <span class='ocrx_word' id='word_1_326' title='bbox 1893 4204 2035 4261; x_wconf 89' lang='lat' dir='ltr'><strong>omni</strong></span> <span class='ocrx_word' id='word_1_327' title='bbox 2066 4208 2332 4281; x_wconf 86' lang='lat' dir='ltr'><strong>principe,</strong></span> 
     </span>
     <span class='ocr_line' id='line_1_44' title="bbox 740 4293 2346 4371; baseline -0.001 -14"><span class='ocrx_word' id='word_1_328' title='bbox 740 4306 807 4357; x_wconf 91' lang='lat' dir='ltr'><strong>ut</strong></span> <span class='ocrx_word' id='word_1_329' title='bbox 832 4304 980 4371; x_wconf 88' lang='lat' dir='ltr'><strong>patet</strong></span> <span class='ocrx_word' id='word_1_330' title='bbox 1010 4296 1065 4353; x_wconf 89' lang='lat' dir='ltr'><strong>in</strong></span> <span class='ocrx_word' id='word_1_331' title='bbox 1103 4294 1494 4369; x_wconf 85' lang='lat' dir='ltr'><strong>temporalibus</strong></span> <span class='ocrx_word' id='word_1_332' title='bbox 1522 4293 1859 4367; x_wconf 88' lang='lat' dir='ltr'><strong>principibus</strong></span> <span class='ocrx_word' id='word_1_333' title='bbox 1889 4294 2210 4353; x_wconf 85' lang='lat' dir='ltr'><strong>habentibus</strong></span> <span class='ocrx_word' id='word_1_334' title='bbox 2249 4316 2346 4355; x_wconf 88' lang='lat' dir='ltr'><strong>su·</strong></span> 
     </span>
     <span class='ocr_line' id='line_1_45' title="bbox 737 4378 2342 4462; baseline 0 -17"><span class='ocrx_word' id='word_1_335' title='bbox 737 4378 1011 4462; x_wconf 80' lang='lat' dir='ltr'><strong>periorem</strong></span> <span class='ocrx_word' id='word_1_336' title='bbox 1044 4386 1097 4444; x_wconf 90' lang='lat' dir='ltr'><strong>in</strong></span> <span class='ocrx_word' id='word_1_337' title='bbox 1128 4386 1220 4443; x_wconf 91' lang='lat' dir='ltr'><strong>illo</strong></span> <span class='ocrx_word' id='word_1_338' title='bbox 1250 4386 1459 4444; x_wconf 87' lang='lat' dir='ltr'><strong>ordine.</strong></span> <span class='ocrx_word' id='word_1_339' title='bbox 1491 4387 1559 4442; x_wconf 90' lang='lat' dir='ltr'><strong>Et</strong></span> <span class='ocrx_word' id='word_1_340' title='bbox 1584 4387 1723 4443; x_wconf 90' lang='lat' dir='ltr'><strong>ratio</strong></span> <span class='ocrx_word' id='word_1_341' title='bbox 1748 4391 1863 4457; x_wconf 90' lang='lat' dir='ltr'><strong>est,</strong></span> <span class='ocrx_word' id='word_1_342' title='bbox 1893 4386 2019 4459; x_wconf 91' lang='lat' dir='ltr'><strong>quia</strong></span> <span class='ocrx_word' id='word_1_343' title='bbox 2046 4385 2115 4443; x_wconf 92' lang='lat' dir='ltr'><strong>ad</strong></span> <span class='ocrx_word' id='word_1_344' title='bbox 2151 4386 2342 4445; x_wconf 86' lang='lat' dir='ltr'><strong>huius·</strong></span> 
     </span>
     <span class='ocr_line' id='line_1_46' title="bbox 741 4475 2340 4550; baseline 0.001 -15"><span class='ocrx_word' id='word_1_345' title='bbox 741 4478 889 4535; x_wconf 90' lang='lat' dir='ltr'><strong>modi</strong></span> <span class='ocrx_word' id='word_1_346' title='bbox 920 4478 1184 4550; x_wconf 82' lang='lat' dir='ltr'><strong>regimen,</strong></span> <span class='ocrx_word' id='word_1_347' title='bbox 1214 4476 1378 4533; x_wconf 88' lang='lat' dir='ltr'><strong>etiam</strong></span> <span class='ocrx_word' id='word_1_348' title='bbox 1406 4476 1769 4547; x_wconf 73' lang='lat' dir='ltr'><strong>ordinarium,</strong></span> <span class='ocrx_word' id='word_1_349' title='bbox 1801 4475 2157 4549; x_wconf 87' lang='lat' dir='ltr'><strong>principalius</strong></span> <span class='ocrx_word' id='word_1_350' title='bbox 2187 4479 2340 4536; x_wconf 82' lang='lat' dir='ltr'><strong>suffl-</strong></span> 
     </span>
     <span class='ocr_line' id='line_1_47' title="bbox 740 4564 2340 4642; baseline 0.001 -17"><span class='ocrx_word' id='word_1_351' title='bbox 740 4569 818 4625; x_wconf 90' lang='lat' dir='ltr'><strong>cit</strong></span> <span class='ocrx_word' id='word_1_352' title='bbox 845 4573 1090 4642; x_wconf 87' lang='lat' dir='ltr'><strong>potestas</strong></span> <span class='ocrx_word' id='word_1_353' title='bbox 1117 4566 1485 4639; x_wconf 89' lang='lat' dir='ltr'><strong>praecipiendi</strong></span> <span class='ocrx_word' id='word_1_354' title='bbox 1514 4582 1615 4640; x_wconf 90' lang='lat' dir='ltr'><strong>pro</strong></span> <span class='ocrx_word' id='word_1_355' title='bbox 1650 4571 1894 4639; x_wconf 90' lang='lat' dir='ltr'><strong>tempore</strong></span> <span class='ocrx_word' id='word_1_356' title='bbox 1914 4564 1939 4636; x_wconf 86' lang='lat'><strong>,‘</strong></span> <span class='ocrx_word' id='word_1_357' title='bbox 1960 4582 2059 4639; x_wconf 92' lang='lat' dir='ltr'><strong>pro</strong></span> <span class='ocrx_word' id='word_1_358' title='bbox 2094 4582 2208 4640; x_wconf 91' lang='lat' dir='ltr'><strong>quo</strong></span> <span class='ocrx_word' id='word_1_359' title='bbox 2235 4566 2340 4626; x_wconf 91' lang='lat' dir='ltr'><strong>du-</strong></span> 
     </span>
     <span class='ocr_line' id='line_1_48' title="bbox 741 4655 2336 4731; baseline 0 -15"><span class='ocrx_word' id='word_1_360' title='bbox 741 4667 831 4716; x_wconf 89' lang='lat' dir='ltr'><strong>rat</strong></span> <span class='ocrx_word' id='word_1_361' title='bbox 850 4660 1183 4731; x_wconf 79' lang='lat' dir='ltr'><strong>regimen,et</strong></span> <span class='ocrx_word' id='word_1_362' title='bbox 1204 4656 1502 4730; x_wconf 82' lang='lat' dir='ltr'><strong>obligandi,</strong></span> <span class='ocrx_word' id='word_1_363' title='bbox 1516 4656 1769 4731; x_wconf 79' lang='lat' dir='ltr'><strong>cogendi,</strong></span> <span class='ocrx_word' id='word_1_364' title='bbox 1794 4671 1859 4714; x_wconf 93' lang='lat' dir='ltr'><strong>ac</strong></span> <span class='ocrx_word' id='word_1_365' title='bbox 1880 4655 2177 4729; x_wconf 81' lang='lat' dir='ltr'><strong>iudicandi3</strong></span> <span class='ocrx_word' id='word_1_366' title='bbox 2196 4674 2336 4731; x_wconf 90' lang='lat' dir='ltr'><strong>quae</strong></span> 
     </span>
     <span class='ocr_line' id='line_1_49' title="bbox 742 4745 2335 4821; baseline -0.001 -15"><span class='ocrx_word' id='word_1_367' title='bbox 742 4749 924 4806; x_wconf 88' lang='lat' dir='ltr'><strong>omnia</strong></span> <span class='ocrx_word' id='word_1_368' title='bbox 944 4753 1176 4820; x_wconf 88' lang='lat' dir='ltr'><strong>possunt</strong></span> <span class='ocrx_word' id='word_1_369' title='bbox 1203 4746 1388 4804; x_wconf 90' lang='lat' dir='ltr'><strong>haberi</strong></span> <span class='ocrx_word' id='word_1_370' title='bbox 1410 4748 1527 4803; x_wconf 89' lang='lat' dir='ltr'><strong>sine</strong></span> <span class='ocrx_word' id='word_1_371' title='bbox 1553 4754 1825 4819; x_wconf 88' lang='lat' dir='ltr'><strong>potestate</strong></span> <span class='ocrx_word' id='word_1_372' title='bbox 1854 4745 2059 4804; x_wconf 88' lang='lat' dir='ltr'><strong>ferendi</strong></span> <span class='ocrx_word' id='word_1_373' title='bbox 2088 4746 2258 4821; x_wconf 84' lang='lat' dir='ltr'><strong>leges,</strong></span> <span class='ocrx_word' id='word_1_374' title='bbox 2283 4746 2335 4804; x_wconf 90' lang='lat' dir='ltr'><strong>id</strong></span> 
     </span>
     <span class='ocr_line' id='line_1_50' title="bbox 739 4835 2336 4923; baseline -0.001 -26"><span class='ocrx_word' id='word_1_375' title='bbox 739 4848 855 4912; x_wconf 90' lang='lat' dir='ltr'><strong>est,</strong></span> <span class='ocrx_word' id='word_1_376' title='bbox 896 4845 1162 4912; x_wconf 87' lang='lat' dir='ltr'><strong>perpetua</strong></span> <span class='ocrx_word' id='word_1_377' title='bbox 1196 4844 1517 4910; x_wconf 89' lang='lat' dir='ltr'><strong>praecepta,</strong></span> <span class='ocrx_word' id='word_1_378' title='bbox 1548 4844 1605 4893; x_wconf 92' lang='lat' dir='ltr'><strong>et</strong></span> <span class='ocrx_word' id='word_1_379' title='bbox 1642 4835 1909 4919; x_wconf 79' lang='lat' dir='ltr'><strong>durabilia</strong></span> <span class='ocrx_word' id='word_1_380' title='bbox 1938 4842 2062 4909; x_wconf 89' lang='lat' dir='ltr'><strong>post</strong></span> <span class='ocrx_word' id='word_1_381' title='bbox 2100 4844 2336 4923; x_wconf 79' lang='lat' dir='ltr'><strong>mortem</strong></span> 
     </span>
     <span class='ocr_line' id='line_1_51' title="bbox 737 4925 2332 5004; baseline -0.003 -17"><span class='ocrx_word' id='word_1_382' title='bbox 737 4928 1136 5004; x_wconf 86' lang='lat' dir='ltr'><strong>praecipientis.</strong></span> <span class='ocrx_word' id='word_1_383' title='bbox 1178 4927 1274 4984; x_wconf 79' lang='lat' dir='ltr'><strong>Vel</strong></span> <span class='ocrx_word' id='word_1_384' title='bbox 1318 4927 1511 4984; x_wconf 89' lang='lat' dir='ltr'><strong>saltem</strong></span> <span class='ocrx_word' id='word_1_385' title='bbox 1551 4934 1737 4999; x_wconf 89' lang='lat' dir='ltr'><strong>posset</strong></span> <span class='ocrx_word' id='word_1_386' title='bbox 1777 4926 2018 4984; x_wconf 77' lang='lat' dir='ltr'><strong>Pontifex</strong></span> <span class='ocrx_word' id='word_1_387' title='bbox 2056 4925 2332 5000; x_wconf 87' lang='lat' dir='ltr'><strong>ordinare,</strong></span> 
     </span>
     <span class='ocr_line' id='line_1_52' title="bbox 739 5015 2335 5091; baseline -0.004 -14"><span class='ocrx_word' id='word_1_388' title='bbox 739 5026 805 5077; x_wconf 90' lang='lat' dir='ltr'><strong>ut</strong></span> <span class='ocrx_word' id='word_1_389' title='bbox 830 5025 1035 5077; x_wconf 89' lang='lat' dir='ltr'><strong>statuta</strong></span> <span class='ocrx_word' id='word_1_390' title='bbox 1065 5019 1453 5091; x_wconf 89' lang='lat' dir='ltr'><strong>episcoporum</strong></span> <span class='ocrx_word' id='word_1_391' title='bbox 1481 5032 1591 5074; x_wconf 89' lang='lat' dir='ltr'><strong>non</strong></span> <span class='ocrx_word' id='word_1_392' title='bbox 1625 5022 1812 5073; x_wconf 90' lang='lat' dir='ltr'><strong>essent</strong></span> <span class='ocrx_word' id='word_1_393' title='bbox 1836 5016 1992 5073; x_wconf 84' lang='lat' dir='ltr'><strong>firma</strong></span> <span class='ocrx_word' id='word_1_394' title='bbox 2018 5022 2075 5073; x_wconf 91' lang='lat' dir='ltr'><strong>et</strong></span> <span class='ocrx_word' id='word_1_395' title='bbox 2110 5015 2335 5072; x_wconf 88' lang='lat' dir='ltr'><strong>durabi-</strong></span> 
     </span>
     <span class='ocr_line' id='line_1_53' title="bbox 739 5106 2334 5181; baseline -0.004 -14"><span class='ocrx_word' id='word_1_396' title='bbox 739 5110 832 5179; x_wconf 84' lang='lat' dir='ltr'><strong>lia,</strong></span> <span class='ocrx_word' id='word_1_397' title='bbox 859 5110 961 5167; x_wconf 90' lang='lat' dir='ltr'><strong>nisi</strong></span> <span class='ocrx_word' id='word_1_398' title='bbox 981 5108 1050 5166; x_wconf 91' lang='lat' dir='ltr'><strong>ab</strong></span> <span class='ocrx_word' id='word_1_399' title='bbox 1078 5110 1193 5181; x_wconf 89' lang='lat' dir='ltr'><strong>ipso</strong></span> <span class='ocrx_word' id='word_1_400' title='bbox 1220 5108 1704 5178; x_wconf 85' lang='lat' dir='ltr'><strong>confirmarentur,</strong></span> <span class='ocrx_word' id='word_1_401' title='bbox 1727 5107 1814 5164; x_wconf 86' lang='lat' dir='ltr'><strong>vel</strong></span> <span class='ocrx_word' id='word_1_402' title='bbox 1841 5108 1942 5163; x_wconf 91' lang='lat' dir='ltr'><strong>nisi</strong></span> <span class='ocrx_word' id='word_1_403' title='bbox 1970 5106 2334 5179; x_wconf 86' lang='lat' dir='ltr'><strong>approbaren-</strong></span> 
     </span>
     <span class='ocr_line' id='line_1_54' title="bbox 736 5196 2332 5270; baseline -0.003 -12"><span class='ocrx_word' id='word_1_404' title='bbox 736 5208 831 5258; x_wconf 89' lang='lat' dir='ltr'><strong>tur</strong></span> <span class='ocrx_word' id='word_1_405' title='bbox 856 5216 888 5255; x_wconf 86' lang='lat' dir='ltr'><strong>a</strong></span> <span class='ocrx_word' id='word_1_406' title='bbox 924 5198 1157 5257; x_wconf 86' lang='lat' dir='ltr'><strong>concilio</strong></span> <span class='ocrx_word' id='word_1_407' title='bbox 1188 5197 1533 5270; x_wconf 87' lang='lat' dir='ltr'><strong>provinciali,</strong></span> <span class='ocrx_word' id='word_1_408' title='bbox 1565 5196 1648 5255; x_wconf 85' lang='lat' dir='ltr'><strong>vel</strong></span> <span class='ocrx_word' id='word_1_409' title='bbox 1678 5212 1711 5253; x_wconf 93' lang='lat' dir='ltr'><strong>a</strong></span> <span class='ocrx_word' id='word_1_410' title='bbox 1748 5198 2169 5269; x_wconf 88' lang='lat' dir='ltr'><strong>metropolitano</strong></span> <span class='ocrx_word' id='word_1_411' title='bbox 2191 5239 2206 5270; x_wconf 93' lang='lat'><strong>,</strong></span> <span class='ocrx_word' id='word_1_412' title='bbox 2235 5203 2332 5256; x_wconf 89' lang='lat' dir='ltr'><strong>aut</strong></span> 
     </span>
     <span class='ocr_line' id='line_1_55' title="bbox 740 5286 2328 5367; baseline -0.002 -18"><span class='ocrx_word' id='word_1_413' title='bbox 740 5290 1073 5367; x_wconf 88' lang='lat' dir='ltr'><strong>patriarcha,</strong></span> <span class='ocrx_word' id='word_1_414' title='bbox 1099 5296 1269 5365; x_wconf 92' lang='lat' dir='ltr'><strong>prout</strong></span> <span class='ocrx_word' id='word_1_415' title='bbox 1294 5288 1402 5361; x_wconf 90' lang='lat' dir='ltr'><strong>ipsi</strong></span> <span class='ocrx_word' id='word_1_416' title='bbox 1428 5288 1583 5347; x_wconf 87' lang='lat' dir='ltr'><strong>iuxta</strong></span> <span class='ocrx_word' id='word_1_417' title='bbox 1606 5288 1889 5363; x_wconf 83' lang='lat' dir='ltr'><strong>regionum</strong></span> <span class='ocrx_word' id='word_1_418' title='bbox 1916 5286 2233 5345; x_wconf 81' lang='lat' dir='ltr'><strong>varietatem</strong></span> <span class='ocrx_word' id='word_1_419' title='bbox 2261 5303 2328 5346; x_wconf 88' lang='lat' dir='ltr'><strong>ac</strong></span> 
     </span>
    </p>
   </div>
   <div class='ocr_carea' id='block_1_3' title="bbox 2216 356 2540 411">
    <p class='ocr_par' dir='ltr' id='par_1_4' title="bbox 2216 356 2540 411">
     <span class='ocr_line' id='line_1_56' title="bbox 2216 356 2540 411; baseline -0.006 0"><span class='ocrx_word' id='word_1_420' title='bbox 2216 356 2416 411; x_wconf 62' lang='lat' dir='ltr'><strong>mmm</strong></span> <span class='ocrx_word' id='word_1_421' title='bbox 2441 358 2540 411; x_wconf 70' lang='lat' dir='ltr'><strong>IV.</strong></span> 
     </span>
    </p>
   </div>
   <div class='ocr_carea' id='block_1_4' title="bbox 2397 486 4031 5363">
    <p class='ocr_par' dir='ltr' id='par_1_5' title="bbox 2419 486 4031 2646">
     <span class='ocr_line' id='line_1_57' title="bbox 2427 486 4030 569; baseline 0.004 -22"><span class='ocrx_word' id='word_1_422' title='bbox 2427 488 2740 549; x_wconf 84' lang='lat' dir='ltr'><strong>distantiam</strong></span> <span class='ocrx_word' id='word_1_423' title='bbox 2781 486 3063 551; x_wconf 77' lang='lat' dir='ltr'><strong>videretur</strong></span> <span class='ocrx_word' id='word_1_424' title='bbox 3099 490 3410 569; x_wconf 81' lang='lat' dir='ltr'><strong>expediens.</strong></span> <span class='ocrx_word' id='word_1_425' title='bbox 3443 494 3556 555; x_wconf 81' lang='lat' dir='ltr'><strong>cur</strong></span> <span class='ocrx_word' id='word_1_426' title='bbox 3587 494 3733 554; x_wconf 87' lang='lat' dir='ltr'><strong>enim</strong></span> <span class='ocrx_word' id='word_1_427' title='bbox 3767 492 3876 554; x_wconf 90' lang='lat' dir='ltr'><strong>hoc</strong></span> <span class='ocrx_word' id='word_1_428' title='bbox 3915 509 4030 555; x_wconf 90' lang='lat' dir='ltr'><strong>non</strong></span> 
     </span>
     <span class='ocr_line' id='line_1_58' title="bbox 2427 569 4029 663; baseline 0.004 -25"><span class='ocrx_word' id='word_1_429' title='bbox 2427 582 2634 654; x_wconf 88' lang='lat' dir='ltr'><strong>poterit</strong></span> <span class='ocrx_word' id='word_1_430' title='bbox 2658 569 2942 643; x_wconf 75' lang='lat' dir='ltr'><strong>Pontifex?</strong></span> <span class='ocrx_word' id='word_1_431' title='bbox 2967 590 3066 643; x_wconf 90' lang='lat' dir='ltr'><strong>aut</strong></span> <span class='ocrx_word' id='word_1_432' title='bbox 3089 601 3232 659; x_wconf 89' lang='lat' dir='ltr'><strong>quae</strong></span> <span class='ocrx_word' id='word_1_433' title='bbox 3259 588 3422 643; x_wconf 87' lang='lat' dir='ltr'><strong>estin</strong></span> <span class='ocrx_word' id='word_1_434' title='bbox 3461 587 3544 645; x_wconf 90' lang='lat' dir='ltr'><strong>his</strong></span> <span class='ocrx_word' id='word_1_435' title='bbox 3571 589 3825 645; x_wconf 87' lang='lat' dir='ltr'><strong>omnibus</strong></span> <span class='ocrx_word' id='word_1_436' title='bbox 3859 602 4029 663; x_wconf 87' lang='lat' dir='ltr'><strong>repu-</strong></span> 
     </span>
     <span class='ocr_line' id='line_1_59' title="bbox 2426 673 4030 751; baseline 0.003 -22"><span class='ocrx_word' id='word_1_437' title='bbox 2426 673 2690 746; x_wconf 77' lang='lat' dir='ltr'><strong>gnantia?</strong></span> <span class='ocrx_word' id='word_1_438' title='bbox 2730 676 2846 731; x_wconf 85' lang='lat' dir='ltr'><strong>imo</strong></span> <span class='ocrx_word' id='word_1_439' title='bbox 2887 691 3026 734; x_wconf 91' lang='lat' dir='ltr'><strong>usus</strong></span> <span class='ocrx_word' id='word_1_440' title='bbox 3062 678 3182 749; x_wconf 89' lang='lat' dir='ltr'><strong>ipse</strong></span> <span class='ocrx_word' id='word_1_441' title='bbox 3221 677 3477 750; x_wconf 86' lang='lat' dir='ltr'><strong>ostendit,</strong></span> <span class='ocrx_word' id='word_1_442' title='bbox 3517 684 3844 751; x_wconf 88' lang='lat' dir='ltr'><strong>potestatem</strong></span> <span class='ocrx_word' id='word_1_443' title='bbox 3885 676 4030 735; x_wconf 84' lang='lat' dir='ltr'><strong>hanc</strong></span> 
     </span>
     <span class='ocr_line' id='line_1_60' title="bbox 2427 764 4031 843; baseline 0.005 -24"><span class='ocrx_word' id='word_1_444' title='bbox 2427 778 2586 837; x_wconf 87' lang='lat' dir='ltr'><strong>saepe</strong></span> <span class='ocrx_word' id='word_1_445' title='bbox 2627 764 2726 823; x_wconf 89' lang='lat' dir='ltr'><strong>illis</strong></span> <span class='ocrx_word' id='word_1_446' title='bbox 2751 764 2980 823; x_wconf 89' lang='lat' dir='ltr'><strong>concedi</strong></span> <span class='ocrx_word' id='word_1_447' title='bbox 3020 783 3150 825; x_wconf 90' lang='lat' dir='ltr'><strong>cum</strong></span> <span class='ocrx_word' id='word_1_448' title='bbox 3181 767 3366 841; x_wconf 88' lang='lat' dir='ltr'><strong>aliqua</strong></span> <span class='ocrx_word' id='word_1_449' title='bbox 3406 768 3743 843; x_wconf 85' lang='lat' dir='ltr'><strong>limitatione,</strong></span> <span class='ocrx_word' id='word_1_450' title='bbox 3773 776 3840 828; x_wconf 90' lang='lat' dir='ltr'><strong>ut</strong></span> <span class='ocrx_word' id='word_1_451' title='bbox 3877 771 4031 843; x_wconf 82' lang='lat' dir='ltr'><strong>patet</strong></span> 
     </span>
     <span class='ocr_line' id='line_1_61' title="bbox 2427 854 4028 936; baseline 0.002 -23"><span class='ocrx_word' id='word_1_452' title='bbox 2427 870 2494 913; x_wconf 89' lang='lat' dir='ltr'><strong>ex</strong></span> <span class='ocrx_word' id='word_1_453' title='bbox 2521 870 2644 927; x_wconf 89' lang='lat' dir='ltr'><strong>cap.</strong></span> <span class='ocrx_word' id='word_1_454' title='bbox 2681 856 2780 913; x_wconf 88' lang='lat' dir='ltr'><strong>ult.</strong></span> <span class='ocrx_word' id='word_1_455' title='bbox 2805 854 2874 915; x_wconf 89' lang='lat' dir='ltr'><strong>de</strong></span> <span class='ocrx_word' id='word_1_456' title='bbox 2902 857 3007 915; x_wconf 91' lang='lat' dir='ltr'><strong>fer.</strong></span> <span class='ocrx_word' id='word_1_457' title='bbox 3031 858 3128 931; x_wconf 90' lang='lat' dir='ltr'><strong>ibi,</strong></span> <span class='ocrx_word' id='word_1_458' title='bbox 3159 875 3296 917; x_wconf 71' lang='lat' dir='ltr'><strong>cum</strong></span> <span class='ocrx_word' id='word_1_459' title='bbox 3323 856 3500 927; x_wconf 81' lang='lat' dir='ltr'><strong>clero,</strong></span> <span class='ocrx_word' id='word_1_460' title='bbox 3536 864 3592 917; x_wconf 82' lang='lat' dir='ltr'><strong>et</strong></span> <span class='ocrx_word' id='word_1_461' title='bbox 3611 858 3848 936; x_wconf 73' lang='lat' dir='ltr'><strong>populo,</strong></span> <span class='ocrx_word' id='word_1_462' title='bbox 3877 869 4028 924; x_wconf 88' lang='lat' dir='ltr'><strong>etex</strong></span> 
     </span>
     <span class='ocr_line' id='line_1_62' title="bbox 2425 948 4028 1023; baseline 0.006 -23"><span class='ocrx_word' id='word_1_463' title='bbox 2425 959 2550 1017; x_wconf 89' lang='lat' dir='ltr'><strong>cap.</strong></span> <span class='ocrx_word' id='word_1_464' title='bbox 2582 949 2785 1013; x_wconf 79' lang='lat' dir='ltr'><strong>Novit,</strong></span> <span class='ocrx_word' id='word_1_465' title='bbox 2807 960 2936 1005; x_wconf 87' lang='lat' dir='ltr'><strong>cum</strong></span> <span class='ocrx_word' id='word_1_466' title='bbox 2963 953 3083 1005; x_wconf 89' lang='lat' dir='ltr'><strong>toto</strong></span> <span class='ocrx_word' id='word_1_467' title='bbox 3106 948 3220 1005; x_wconf 89' lang='lat' dir='ltr'><strong>fere</strong></span> <span class='ocrx_word' id='word_1_468' title='bbox 3247 948 3409 1007; x_wconf 88' lang='lat' dir='ltr'><strong>titulo</strong></span> <span class='ocrx_word' id='word_1_469' title='bbox 3436 948 3503 1007; x_wconf 92' lang='lat' dir='ltr'><strong>de</strong></span> <span class='ocrx_word' id='word_1_470' title='bbox 3527 948 3634 1021; x_wconf 90' lang='lat' dir='ltr'><strong>his,</strong></span> <span class='ocrx_word' id='word_1_471' title='bbox 3657 966 3800 1023; x_wconf 89' lang='lat' dir='ltr'><strong>quae</strong></span> <span class='ocrx_word' id='word_1_472' title='bbox 3825 951 3970 1009; x_wconf 84' lang='lat' dir='ltr'><strong>fiunt</strong></span> <span class='ocrx_word' id='word_1_473' title='bbox 3991 968 4028 1009; x_wconf 87' lang='lat' dir='ltr'><strong>a</strong></span> 
     </span>
     <span class='ocr_line' id='line_1_63' title="bbox 2425 1036 4026 1114; baseline 0.005 -23"><span class='ocrx_word' id='word_1_474' title='bbox 2425 1036 2670 1109; x_wconf 88' lang='lat' dir='ltr'><strong>praelato</strong></span> <span class='ocrx_word' id='word_1_475' title='bbox 2698 1039 2813 1095; x_wconf 90' lang='lat' dir='ltr'><strong>sine</strong></span> <span class='ocrx_word' id='word_1_476' title='bbox 2841 1053 3116 1096; x_wconf 89' lang='lat' dir='ltr'><strong>consensu</strong></span> <span class='ocrx_word' id='word_1_477' title='bbox 3141 1039 3392 1111; x_wconf 89' lang='lat' dir='ltr'><strong>capituli.</strong></span> <span class='ocrx_word' id='word_1_478' title='bbox 3417 1042 3564 1114; x_wconf 79' lang='lat' dir='ltr'><strong>Ergo</strong></span> <span class='ocrx_word' id='word_1_479' title='bbox 3589 1055 3659 1099; x_wconf 82' lang='lat' dir='ltr'><strong>ex</strong></span> <span class='ocrx_word' id='word_1_480' title='bbox 3693 1040 3875 1099; x_wconf 80' lang='lat' dir='ltr'><strong>divino</strong></span> <span class='ocrx_word' id='word_1_481' title='bbox 3901 1044 4026 1099; x_wconf 89' lang='lat' dir='ltr'><strong>iure</strong></span> 
     </span>
     <span class='ocr_line' id='line_1_64' title="bbox 2425 1126 4022 1205; baseline 0.006 -24"><span class='ocrx_word' id='word_1_482' title='bbox 2425 1126 2660 1183; x_wconf 88' lang='lat' dir='ltr'><strong>naturali</strong></span> <span class='ocrx_word' id='word_1_483' title='bbox 2687 1142 2796 1185; x_wconf 87' lang='lat' dir='ltr'><strong>uon</strong></span> <span class='ocrx_word' id='word_1_484' title='bbox 2835 1136 3110 1203; x_wconf 83' lang='lat' dir='ltr'><strong>repugnat</strong></span> <span class='ocrx_word' id='word_1_485' title='bbox 3137 1130 3448 1203; x_wconf 86' lang='lat' dir='ltr'><strong>episcopale</strong></span> <span class='ocrx_word' id='word_1_486' title='bbox 3473 1134 3717 1205; x_wconf 84' lang='lat' dir='ltr'><strong>regimen</strong></span> <span class='ocrx_word' id='word_1_487' title='bbox 3745 1148 3878 1190; x_wconf 90' lang='lat' dir='ltr'><strong>cum</strong></span> <span class='ocrx_word' id='word_1_488' title='bbox 3915 1133 4022 1190; x_wconf 89' lang='lat' dir='ltr'><strong>hac</strong></span> 
     </span>
     <span class='ocr_line' id='line_1_65' title="bbox 2425 1216 4014 1295; baseline 0.004 -23"><span class='ocrx_word' id='word_1_489' title='bbox 2425 1216 2748 1274; x_wconf 88' lang='lat' dir='ltr'><strong>limitatione</strong></span> <span class='ocrx_word' id='word_1_490' title='bbox 2775 1220 3034 1291; x_wconf 89' lang='lat' dir='ltr'><strong>instituti,</strong></span> <span class='ocrx_word' id='word_1_491' title='bbox 3058 1220 3276 1293; x_wconf 89' lang='lat' dir='ltr'><strong>quando</strong></span> <span class='ocrx_word' id='word_1_492' title='bbox 3305 1220 3528 1295; x_wconf 90' lang='lat' dir='ltr'><strong>quidem</strong></span> <span class='ocrx_word' id='word_1_493' title='bbox 3553 1222 3798 1294; x_wconf 83' lang='lat' dir='ltr'><strong>episcopi</strong></span> <span class='ocrx_word' id='word_1_494' title='bbox 3826 1223 3880 1278; x_wconf 89' lang='lat' dir='ltr'><strong>in</strong></span> <span class='ocrx_word' id='word_1_495' title='bbox 3909 1240 4014 1281; x_wconf 90' lang='lat' dir='ltr'><strong>suo</strong></span> 
     </span>
     <span class='ocr_line' id='line_1_66' title="bbox 2427 1305 4020 1384; baseline 0.005 -21"><span class='ocrx_word' id='word_1_496' title='bbox 2427 1305 2614 1364; x_wconf 88' lang='lat' dir='ltr'><strong>ordine</strong></span> <span class='ocrx_word' id='word_1_497' title='bbox 2640 1323 2748 1364; x_wconf 89' lang='lat' dir='ltr'><strong>non</strong></span> <span class='ocrx_word' id='word_1_498' title='bbox 2775 1314 2908 1366; x_wconf 90' lang='lat' dir='ltr'><strong>sunt</strong></span> <span class='ocrx_word' id='word_1_499' title='bbox 2943 1310 3184 1382; x_wconf 78' lang='lat' dir='ltr'><strong>supremi</strong></span> <span class='ocrx_word' id='word_1_500' title='bbox 3212 1310 3517 1384; x_wconf 89' lang='lat' dir='ltr'><strong>principes,</strong></span> <span class='ocrx_word' id='word_1_501' title='bbox 3548 1310 3644 1369; x_wconf 91' lang='lat' dir='ltr'><strong>sed</strong></span> <span class='ocrx_word' id='word_1_502' title='bbox 3672 1313 4020 1384; x_wconf 87' lang='lat' dir='ltr'><strong>superiorem</strong></span> 
     </span>
     <span class='ocr_line' id='line_1_67' title="bbox 2425 1396 4024 1475; baseline 0.004 -22"><span class='ocrx_word' id='word_1_503' title='bbox 2425 1396 2706 1455; x_wconf 88' lang='lat' dir='ltr'><strong>habentes.</strong></span> <span class='ocrx_word' id='word_1_504' title='bbox 2738 1401 2849 1457; x_wconf 85' lang='lat' dir='ltr'><strong>Nec</strong></span> <span class='ocrx_word' id='word_1_505' title='bbox 2877 1401 3040 1456; x_wconf 90' lang='lat' dir='ltr'><strong>etiam</strong></span> <span class='ocrx_word' id='word_1_506' title='bbox 3067 1409 3342 1474; x_wconf 81' lang='lat' dir='ltr'><strong>repugnat</strong></span> <span class='ocrx_word' id='word_1_507' title='bbox 3368 1417 3432 1460; x_wconf 83' lang='lat' dir='ltr'><strong>ex</strong></span> <span class='ocrx_word' id='word_1_508' title='bbox 3461 1400 3644 1459; x_wconf 82' lang='lat' dir='ltr'><strong>divino</strong></span> <span class='ocrx_word' id='word_1_509' title='bbox 3673 1402 3790 1459; x_wconf 88' lang='lat' dir='ltr'><strong>iure</strong></span> <span class='ocrx_word' id='word_1_510' title='bbox 3829 1404 4024 1475; x_wconf 89' lang='lat' dir='ltr'><strong>positi-</strong></span> 
     </span>
     <span class='ocr_line' id='line_1_68' title="bbox 2423 1489 4028 1559; baseline 0.005 -17"><span class='ocrx_word' id='word_1_511' title='bbox 2423 1504 2492 1545; x_wconf 80' lang='lat' dir='ltr'><strong>vo</strong></span> <span class='ocrx_word' id='word_1_512' title='bbox 2513 1528 2528 1559; x_wconf 93' lang='lat'><strong>,</strong></span> <span class='ocrx_word' id='word_1_513' title='bbox 2559 1495 2628 1545; x_wconf 90' lang='lat' dir='ltr'><strong>ut</strong></span> <span class='ocrx_word' id='word_1_514' title='bbox 2651 1505 2684 1545; x_wconf 89' lang='lat' dir='ltr'><strong>a</strong></span> <span class='ocrx_word' id='word_1_515' title='bbox 2719 1489 2931 1547; x_wconf 90' lang='lat' dir='ltr'><strong>fortiori</strong></span> <span class='ocrx_word' id='word_1_516' title='bbox 2958 1496 3181 1548; x_wconf 89' lang='lat' dir='ltr'><strong>constat</strong></span> <span class='ocrx_word' id='word_1_517' title='bbox 3203 1505 3270 1548; x_wconf 87' lang='lat' dir='ltr'><strong>ex</strong></span> <span class='ocrx_word' id='word_1_518' title='bbox 3311 1490 3494 1548; x_wconf 86' lang='lat' dir='ltr'><strong>dictis.</strong></span> <span class='ocrx_word' id='word_1_519' title='bbox 3525 1490 3663 1559; x_wconf 83' lang='lat' dir='ltr'><strong>Quia</strong></span> <span class='ocrx_word' id='word_1_520' title='bbox 3688 1491 3902 1549; x_wconf 91' lang='lat' dir='ltr'><strong>nullum</strong></span> <span class='ocrx_word' id='word_1_521' title='bbox 3939 1500 4028 1551; x_wconf 85' lang='lat' dir='ltr'><strong>est</strong></span> 
     </span>
     <span class='ocr_line' id='line_1_69' title="bbox 2424 1578 4022 1656; baseline 0.005 -22"><span class='ocrx_word' id='word_1_522' title='bbox 2424 1578 2658 1637; x_wconf 86' lang='lat' dir='ltr'><strong>verbum</strong></span> <span class='ocrx_word' id='word_1_523' title='bbox 2697 1580 2753 1636; x_wconf 92' lang='lat' dir='ltr'><strong>in</strong></span> <span class='ocrx_word' id='word_1_524' title='bbox 2802 1594 2963 1637; x_wconf 88' lang='lat' dir='ltr'><strong>sacra</strong></span> <span class='ocrx_word' id='word_1_525' title='bbox 3001 1581 3285 1654; x_wconf 87' lang='lat' dir='ltr'><strong>Scriptura</strong></span> <span class='ocrx_word' id='word_1_526' title='bbox 3309 1622 3326 1651; x_wconf 94' lang='lat'><strong>,</strong></span> <span class='ocrx_word' id='word_1_527' title='bbox 3365 1596 3470 1638; x_wconf 88' lang='lat' dir='ltr'><strong>nec</strong></span> <span class='ocrx_word' id='word_1_528' title='bbox 3510 1580 3684 1639; x_wconf 89' lang='lat' dir='ltr'><strong>ullum</strong></span> <span class='ocrx_word' id='word_1_529' title='bbox 3730 1584 4022 1656; x_wconf 79' lang='lat' dir='ltr'><strong>vestigium</strong></span> 
     </span>
     <span class='ocr_line' id='line_1_70' title="bbox 2422 1667 4024 1745; baseline 0.004 -20"><span class='ocrx_word' id='word_1_530' title='bbox 2422 1667 2751 1741; x_wconf 86' lang='lat' dir='ltr'><strong>traditionis,</strong></span> <span class='ocrx_word' id='word_1_531' title='bbox 2777 1668 2924 1727; x_wconf 89' lang='lat' dir='ltr'><strong>unde</strong></span> <span class='ocrx_word' id='word_1_532' title='bbox 2951 1670 3134 1745; x_wconf 82' lang='lat' dir='ltr'><strong>colligi</strong></span> <span class='ocrx_word' id='word_1_533' title='bbox 3163 1672 3338 1744; x_wconf 88' lang='lat' dir='ltr'><strong>possit</strong></span> <span class='ocrx_word' id='word_1_534' title='bbox 3363 1672 3470 1729; x_wconf 89' lang='lat' dir='ltr'><strong>tale</strong></span> <span class='ocrx_word' id='word_1_535' title='bbox 3497 1674 3790 1743; x_wconf 85' lang='lat' dir='ltr'><strong>positivum</strong></span> <span class='ocrx_word' id='word_1_536' title='bbox 3817 1675 3907 1731; x_wconf 87' lang='lat' dir='ltr'><strong>ius</strong></span> <span class='ocrx_word' id='word_1_537' title='bbox 3927 1715 3942 1745; x_wconf 97' lang='lat'><strong>,</strong></span> <span class='ocrx_word' id='word_1_538' title='bbox 3973 1677 4024 1731; x_wconf 89' lang='lat' dir='ltr'><strong>si</strong></span> 
     </span>
     <span class='ocr_line' id='line_1_71' title="bbox 2423 1760 4026 1834; baseline 0.003 -18"><span class='ocrx_word' id='word_1_539' title='bbox 2423 1774 2490 1816; x_wconf 85' lang='lat' dir='ltr'><strong>ex</strong></span> <span class='ocrx_word' id='word_1_540' title='bbox 2529 1766 2728 1817; x_wconf 88' lang='lat' dir='ltr'><strong>natura</strong></span> <span class='ocrx_word' id='word_1_541' title='bbox 2755 1760 2834 1817; x_wconf 91' lang='lat' dir='ltr'><strong>rei</strong></span> <span class='ocrx_word' id='word_1_542' title='bbox 2875 1776 2984 1818; x_wconf 88' lang='lat' dir='ltr'><strong>non</strong></span> <span class='ocrx_word' id='word_1_543' title='bbox 3013 1768 3100 1819; x_wconf 89' lang='lat' dir='ltr'><strong>est</strong></span> <span class='ocrx_word' id='word_1_544' title='bbox 3137 1762 3226 1819; x_wconf 88' lang='lat' dir='ltr'><strong>illa</strong></span> <span class='ocrx_word' id='word_1_545' title='bbox 3253 1768 3498 1834; x_wconf 85' lang='lat' dir='ltr'><strong>potestas</strong></span> <span class='ocrx_word' id='word_1_546' title='bbox 3537 1763 3850 1821; x_wconf 88' lang='lat' dir='ltr'><strong>necessario</strong></span> <span class='ocrx_word' id='word_1_547' title='bbox 3889 1778 4026 1821; x_wconf 92' lang='lat' dir='ltr'><strong>con-</strong></span> 
     </span>
     <span class='ocr_line' id='line_1_72' title="bbox 2425 1851 4019 1928; baseline 0.004 -23"><span class='ocrx_word' id='word_1_548' title='bbox 2425 1864 2560 1907; x_wconf 83' lang='lat' dir='ltr'><strong>nexa</strong></span> <span class='ocrx_word' id='word_1_549' title='bbox 2587 1866 2718 1907; x_wconf 91' lang='lat' dir='ltr'><strong>cum</strong></span> <span class='ocrx_word' id='word_1_550' title='bbox 2753 1851 3054 1924; x_wconf 88' lang='lat' dir='ltr'><strong>episcopali</strong></span> <span class='ocrx_word' id='word_1_551' title='bbox 3081 1866 3328 1909; x_wconf 88' lang='lat' dir='ltr'><strong>munere.</strong></span> <span class='ocrx_word' id='word_1_552' title='bbox 3361 1852 3572 1909; x_wconf 84' lang='lat' dir='ltr'><strong>Habent</strong></span> <span class='ocrx_word' id='word_1_553' title='bbox 3595 1868 3730 1927; x_wconf 82' lang='lat' dir='ltr'><strong>ergo</strong></span> <span class='ocrx_word' id='word_1_554' title='bbox 3771 1854 4019 1928; x_wconf 81' lang='lat' dir='ltr'><strong>episcopi</strong></span> 
     </span>
     <span class='ocr_line' id='line_1_73' title="bbox 2423 1939 4024 2017; baseline 0.003 -21"><span class='ocrx_word' id='word_1_555' title='bbox 2423 1939 2566 1997; x_wconf 87' lang='lat' dir='ltr'><strong>hanc</strong></span> <span class='ocrx_word' id='word_1_556' title='bbox 2591 1947 2938 2015; x_wconf 87' lang='lat' dir='ltr'><strong>potestatem,</strong></span> <span class='ocrx_word' id='word_1_557' title='bbox 2961 1944 3093 2016; x_wconf 89' lang='lat' dir='ltr'><strong>quia</strong></span> <span class='ocrx_word' id='word_1_558' title='bbox 3121 1958 3414 2015; x_wconf 87' lang='lat' dir='ltr'><strong>supremus</strong></span> <span class='ocrx_word' id='word_1_559' title='bbox 3441 1943 3726 2000; x_wconf 86' lang='lat' dir='ltr'><strong>Ecclesiae</strong></span> <span class='ocrx_word' id='word_1_560' title='bbox 3745 1943 4024 2017; x_wconf 79' lang='lat' dir='ltr'><strong>legislator</strong></span> 
     </span>
     <span class='ocr_line' id='line_1_74' title="bbox 2423 2029 4020 2107; baseline 0.003 -21"><span class='ocrx_word' id='word_1_561' title='bbox 2423 2029 2695 2089; x_wconf 89' lang='lat' dir='ltr'><strong>humanus</strong></span> <span class='ocrx_word' id='word_1_562' title='bbox 2713 2071 2730 2103; x_wconf 91' lang='lat'><strong>,</strong></span> <span class='ocrx_word' id='word_1_563' title='bbox 2760 2032 2856 2105; x_wconf 89' lang='lat' dir='ltr'><strong>qui</strong></span> <span class='ocrx_word' id='word_1_564' title='bbox 2881 2038 2971 2089; x_wconf 88' lang='lat' dir='ltr'><strong>est</strong></span> <span class='ocrx_word' id='word_1_565' title='bbox 2994 2033 3238 2091; x_wconf 77' lang='lat' dir='ltr'><strong>Pontifex</strong></span> <span class='ocrx_word' id='word_1_566' title='bbox 3259 2073 3275 2104; x_wconf 92' lang='lat'><strong>,</strong></span> <span class='ocrx_word' id='word_1_567' title='bbox 3305 2032 3454 2091; x_wconf 91' lang='lat' dir='ltr'><strong>illam</strong></span> <span class='ocrx_word' id='word_1_568' title='bbox 3479 2036 3593 2104; x_wconf 91' lang='lat' dir='ltr'><strong>eis,</strong></span> <span class='ocrx_word' id='word_1_569' title='bbox 3625 2034 3708 2090; x_wconf 83' lang='lat' dir='ltr'><strong>vel</strong></span> <span class='ocrx_word' id='word_1_570' title='bbox 3737 2049 4020 2107; x_wconf 88' lang='lat' dir='ltr'><strong>expresse,</strong></span> 
     </span>
     <span class='ocr_line' id='line_1_75' title="bbox 2422 2120 4028 2194; baseline 0.004 -18"><span class='ocrx_word' id='word_1_571' title='bbox 2422 2120 2507 2179; x_wconf 87' lang='lat' dir='ltr'><strong>vel</strong></span> <span class='ocrx_word' id='word_1_572' title='bbox 2549 2122 2712 2180; x_wconf 90' lang='lat' dir='ltr'><strong>tacite</strong></span> <span class='ocrx_word' id='word_1_573' title='bbox 2751 2123 3066 2194; x_wconf 88' lang='lat' dir='ltr'><strong>concessit,</strong></span> <span class='ocrx_word' id='word_1_574' title='bbox 3107 2138 3280 2180; x_wconf 87' lang='lat' dir='ltr'><strong>suove</strong></span> <span class='ocrx_word' id='word_1_575' title='bbox 3319 2123 3532 2181; x_wconf 86' lang='lat' dir='ltr'><strong>muneri</strong></span> <span class='ocrx_word' id='word_1_576' title='bbox 3571 2123 3835 2183; x_wconf 83' lang='lat' dir='ltr'><strong>adiunxit.</strong></span> <span class='ocrx_word' id='word_1_577' title='bbox 3865 2127 4028 2183; x_wconf 90' lang='lat' dir='ltr'><strong>Sicut</strong></span> 
     </span>
     <span class='ocr_line' id='line_1_76' title="bbox 2423 2212 4022 2291; baseline 0.002 -23"><span class='ocrx_word' id='word_1_578' title='bbox 2423 2226 2592 2285; x_wconf 87' lang='lat' dir='ltr'><strong>supra</strong></span> <span class='ocrx_word' id='word_1_579' title='bbox 2625 2212 2944 2271; x_wconf 87' lang='lat' dir='ltr'><strong>dicebamus</strong></span> <span class='ocrx_word' id='word_1_580' title='bbox 2988 2214 3056 2271; x_wconf 92' lang='lat' dir='ltr'><strong>de</strong></span> <span class='ocrx_word' id='word_1_581' title='bbox 3093 2213 3338 2291; x_wconf 83' lang='lat' dir='ltr'><strong>dynastis</strong></span> <span class='ocrx_word' id='word_1_582' title='bbox 3377 2214 3636 2271; x_wconf 88' lang='lat' dir='ltr'><strong>subiectis</strong></span> <span class='ocrx_word' id='word_1_583' title='bbox 3675 2216 4022 2287; x_wconf 89' lang='lat' dir='ltr'><strong>imperatori,</strong></span> 
     </span>
     <span class='ocr_line' id='line_1_77' title="bbox 2423 2300 4022 2378; baseline 0.003 -20"><span class='ocrx_word' id='word_1_584' title='bbox 2423 2302 2511 2360; x_wconf 85' lang='lat' dir='ltr'><strong>vel</strong></span> <span class='ocrx_word' id='word_1_585' title='bbox 2540 2300 2696 2361; x_wconf 81' lang='lat' dir='ltr'><strong>alteri</strong></span> <span class='ocrx_word' id='word_1_586' title='bbox 2725 2303 2840 2377; x_wconf 82' lang='lat' dir='ltr'><strong>regi</strong></span> <span class='ocrx_word' id='word_1_587' title='bbox 2868 2318 3127 2377; x_wconf 90' lang='lat' dir='ltr'><strong>supremo</strong></span> <span class='ocrx_word' id='word_1_588' title='bbox 3155 2303 3208 2360; x_wconf 90' lang='lat' dir='ltr'><strong>in</strong></span> <span class='ocrx_word' id='word_1_589' title='bbox 3237 2303 3626 2377; x_wconf 83' lang='lat' dir='ltr'><strong>temporalibus</strong></span> <span class='ocrx_word' id='word_1_590' title='bbox 3644 2344 3661 2378; x_wconf 87' lang='lat'><strong>,</strong></span> <span class='ocrx_word' id='word_1_591' title='bbox 3690 2309 3828 2363; x_wconf 85' lang='lat' dir='ltr'><strong>tunc</strong></span> <span class='ocrx_word' id='word_1_592' title='bbox 3856 2321 4022 2377; x_wconf 86' lang='lat' dir='ltr'><strong>posse</strong></span> 
     </span>
     <span class='ocr_line' id='line_1_78' title="bbox 2425 2391 4026 2469; baseline 0.003 -20"><span class='ocrx_word' id='word_1_593' title='bbox 2425 2391 2572 2466; x_wconf 80' lang='lat' dir='ltr'><strong>leges</strong></span> <span class='ocrx_word' id='word_1_594' title='bbox 2601 2393 2788 2451; x_wconf 86' lang='lat' dir='ltr'><strong>civiles</strong></span> <span class='ocrx_word' id='word_1_595' title='bbox 2815 2393 3074 2467; x_wconf 87' lang='lat' dir='ltr'><strong>condere,</strong></span> <span class='ocrx_word' id='word_1_596' title='bbox 3105 2394 3325 2469; x_wconf 86' lang='lat' dir='ltr'><strong>quando</strong></span> <span class='ocrx_word' id='word_1_597' title='bbox 3354 2396 3429 2453; x_wconf 89' lang='lat' dir='ltr'><strong>eis</strong></span> <span class='ocrx_word' id='word_1_598' title='bbox 3455 2409 3785 2453; x_wconf 88' lang='lat' dir='ltr'><strong>concessum</strong></span> <span class='ocrx_word' id='word_1_599' title='bbox 3811 2402 3902 2454; x_wconf 90' lang='lat' dir='ltr'><strong>est</strong></span> <span class='ocrx_word' id='word_1_600' title='bbox 3919 2438 3938 2469; x_wconf 89' lang='lat'><strong>,</strong></span> <span class='ocrx_word' id='word_1_601' title='bbox 3964 2403 4026 2454; x_wconf 86' lang='lat' dir='ltr'><strong>et</strong></span> 
     </span>
     <span class='ocr_line' id='line_1_79' title="bbox 2422 2484 4024 2559; baseline 0.002 -20"><span class='ocrx_word' id='word_1_602' title='bbox 2422 2500 2533 2541; x_wconf 91' lang='lat' dir='ltr'><strong>non</strong></span> <span class='ocrx_word' id='word_1_603' title='bbox 2576 2484 2732 2541; x_wconf 88' lang='lat' dir='ltr'><strong>alias.</strong></span> <span class='ocrx_word' id='word_1_604' title='bbox 2763 2484 2917 2553; x_wconf 86' lang='lat' dir='ltr'><strong>Quod</strong></span> <span class='ocrx_word' id='word_1_605' title='bbox 2960 2492 3143 2542; x_wconf 90' lang='lat' dir='ltr'><strong>autem</strong></span> <span class='ocrx_word' id='word_1_606' title='bbox 3181 2485 3470 2558; x_wconf 80' lang='lat' dir='ltr'><strong>episcopis·</strong></span> <span class='ocrx_word' id='word_1_607' title='bbox 3493 2488 3564 2543; x_wconf 89' lang='lat' dir='ltr'><strong>sit</strong></span> <span class='ocrx_word' id='word_1_608' title='bbox 3599 2486 3738 2543; x_wconf 86' lang='lat' dir='ltr'><strong>haee</strong></span> <span class='ocrx_word' id='word_1_609' title='bbox 3773 2492 4024 2559; x_wconf 81' lang='lat' dir='ltr'><strong>potestas</strong></span> 
     </span>
     <span class='ocr_line' id='line_1_80' title="bbox 2419 2576 3832 2646; baseline 0.003 -16"><span class='ocrx_word' id='word_1_610' title='bbox 2419 2588 2710 2646; x_wconf 89' lang='lat' dir='ltr'><strong>concessa,</strong></span> <span class='ocrx_word' id='word_1_611' title='bbox 2739 2590 2807 2631; x_wconf 78' lang='lat' dir='ltr'><strong>ex</strong></span> <span class='ocrx_word' id='word_1_612' title='bbox 2836 2591 2943 2633; x_wconf 89' lang='lat' dir='ltr'><strong>usu</strong></span> <span class='ocrx_word' id='word_1_613' title='bbox 2971 2581 3117 2633; x_wconf 84' lang='lat' dir='ltr'><strong>etex</strong></span> <span class='ocrx_word' id='word_1_614' title='bbox 3145 2576 3360 2633; x_wconf 88' lang='lat' dir='ltr'><strong>iuribus</strong></span> <span class='ocrx_word' id='word_1_615' title='bbox 3387 2576 3568 2633; x_wconf 86' lang='lat' dir='ltr'><strong>citatis</strong></span> <span class='ocrx_word' id='word_1_616' title='bbox 3594 2582 3832 2634; x_wconf 88' lang='lat' dir='ltr'><strong>constat.</strong></span> 
     </span>
    </p>

    <p class='ocr_par' dir='ltr' id='par_1_6' title="bbox 2407 2664 4028 4635">
     <span class='ocr_line' id='line_1_81' title="bbox 2507 2664 4018 2739; baseline 0.001 -16"><span class='ocrx_word' id='word_1_617' title='bbox 2507 2668 2593 2723; x_wconf 80' lang='grc'><strong>16.</strong></span> <span class='ocrx_word' id='word_1_618' title='bbox 2627 2665 2708 2723; x_wconf 79' lang='lat' dir='ltr'><strong>Ad</strong></span> <span class='ocrx_word' id='word_1_619' title='bbox 2726 2666 2964 2738; x_wconf 91' lang='lat' dir='ltr'><strong>primum</strong></span> <span class='ocrx_word' id='word_1_620' title='bbox 2985 2680 3118 2739; x_wconf 84' lang='lat' dir='ltr'><strong>ergo</strong></span> <span class='ocrx_word' id='word_1_621' title='bbox 3137 2672 3196 2723; x_wconf 91' lang='lat' dir='ltr'><strong>et</strong></span> <span class='ocrx_word' id='word_1_622' title='bbox 3212 2666 3571 2739; x_wconf 89' lang='lat' dir='ltr'><strong>praecipuum</strong></span> <span class='ocrx_word' id='word_1_623' title='bbox 3599 2664 4018 2725; x_wconf 85' lang='lat' dir='ltr'><strong>fundamentum</strong></span> 
     </span>
     <span class='ocr_line' id='line_1_82' title="bbox 2418 2754 4012 2830; baseline 0.001 -19"><span class='ocrx_word' id='word_1_624' title='bbox 2418 2754 2622 2825; x_wconf 87' lang='lat' dir='ltr'><strong>Castri,</strong></span> <span class='ocrx_word' id='word_1_625' title='bbox 2649 2755 2800 2830; x_wconf 92' lang='lat' dir='ltr'><strong>quod</strong></span> <span class='ocrx_word' id='word_1_626' title='bbox 2821 2756 3060 2829; x_wconf 90' lang='lat' dir='ltr'><strong>episcopi</strong></span> <span class='ocrx_word' id='word_1_627' title='bbox 3081 2761 3212 2813; x_wconf 86' lang='lat' dir='ltr'><strong>sunt</strong></span> <span class='ocrx_word' id='word_1_628' title='bbox 3231 2772 3590 2814; x_wconf 87' lang='lat' dir='ltr'><strong>successores</strong></span> <span class='ocrx_word' id='word_1_629' title='bbox 3610 2757 4012 2829; x_wconf 85' lang='lat' dir='ltr'><strong>apostolorum,</strong></span> 
     </span>
     <span class='ocr_line' id='line_1_83' title="bbox 2423 2844 4016 2921; baseline 0.003 -20"><span class='ocrx_word' id='word_1_630' title='bbox 2423 2844 2789 2918; x_wconf 87' lang='lat' dir='ltr'><strong>respondetur</strong></span> <span class='ocrx_word' id='word_1_631' title='bbox 2818 2862 2931 2904; x_wconf 89' lang='lat' dir='ltr'><strong>uno</strong></span> <span class='ocrx_word' id='word_1_632' title='bbox 2969 2845 3138 2905; x_wconf 86' lang='lat' dir='ltr'><strong>verbo</strong></span> <span class='ocrx_word' id='word_1_633' title='bbox 3157 2888 3174 2918; x_wconf 94' lang='lat'><strong>,</strong></span> <span class='ocrx_word' id='word_1_634' title='bbox 3205 2846 3509 2905; x_wconf 89' lang='lat' dir='ltr'><strong>succedere</strong></span> <span class='ocrx_word' id='word_1_635' title='bbox 3535 2846 3640 2904; x_wconf 89' lang='lat' dir='ltr'><strong>illis</strong></span> <span class='ocrx_word' id='word_1_636' title='bbox 3669 2853 3734 2904; x_wconf 91' lang='lat' dir='ltr'><strong>ut</strong></span> <span class='ocrx_word' id='word_1_637' title='bbox 3767 2847 4016 2921; x_wconf 86' lang='lat' dir='ltr'><strong>episcopi</strong></span> 
     </span>
     <span class='ocr_line' id='line_1_84' title="bbox 2420 2936 4023 3013; baseline 0.002 -20"><span class='ocrx_word' id='word_1_638' title='bbox 2420 2936 2682 3009; x_wconf 89' lang='lat' dir='ltr'><strong>fuerunt,</strong></span> <span class='ocrx_word' id='word_1_639' title='bbox 2713 2953 2819 2995; x_wconf 88' lang='lat' dir='ltr'><strong>non</strong></span> <span class='ocrx_word' id='word_1_640' title='bbox 2849 2945 2914 2995; x_wconf 90' lang='lat' dir='ltr'><strong>ut</strong></span> <span class='ocrx_word' id='word_1_641' title='bbox 2938 2938 3162 2996; x_wconf 88' lang='lat' dir='ltr'><strong>fuerunt</strong></span> <span class='ocrx_word' id='word_1_642' title='bbox 3189 2937 3448 3013; x_wconf 75' lang='lat' dir='ltr'><strong>apostoli,</strong></span> <span class='ocrx_word' id='word_1_643' title='bbox 3479 2943 3608 2995; x_wconf 85' lang='lat' dir='ltr'><strong>sunt</strong></span> <span class='ocrx_word' id='word_1_644' title='bbox 3633 2939 3776 2995; x_wconf 87' lang='lat' dir='ltr'><strong>enim</strong></span> <span class='ocrx_word' id='word_1_645' title='bbox 3809 2938 3912 2995; x_wconf 86' lang='lat' dir='ltr'><strong>hae</strong></span> <span class='ocrx_word' id='word_1_646' title='bbox 3937 2940 4023 2997; x_wconf 91' lang='lat' dir='ltr'><strong>di-</strong></span> 
     </span>
     <span class='ocr_line' id='line_1_85' title="bbox 2418 3026 4022 3102; baseline 0.002 -18"><span class='ocrx_word' id='word_1_647' title='bbox 2418 3026 2654 3102; x_wconf 82' lang='lat' dir='ltr'><strong>gnitates</strong></span> <span class='ocrx_word' id='word_1_648' title='bbox 2675 3028 3015 3086; x_wconf 81' lang='lat' dir='ltr'><strong>diversarum</strong></span> <span class='ocrx_word' id='word_1_649' title='bbox 3043 3030 3346 3102; x_wconf 73' lang='lat' dir='ltr'><strong>rationum,</strong></span> <span class='ocrx_word' id='word_1_650' title='bbox 3371 3028 3576 3087; x_wconf 88' lang='lat' dir='ltr'><strong>Paulus</strong></span> <span class='ocrx_word' id='word_1_651' title='bbox 3615 3028 3757 3086; x_wconf 91' lang='lat' dir='ltr'><strong>enim</strong></span> <span class='ocrx_word' id='word_1_652' title='bbox 3793 3036 4022 3101; x_wconf 88' lang='lat' dir='ltr'><strong>aposto-</strong></span> 
     </span>
     <span class='ocr_line' id='line_1_86' title="bbox 2419 3116 4021 3192; baseline 0.002 -19"><span class='ocrx_word' id='word_1_653' title='bbox 2419 3116 2505 3173; x_wconf 90' lang='lat' dir='ltr'><strong>lus</strong></span> <span class='ocrx_word' id='word_1_654' title='bbox 2533 3118 2665 3189; x_wconf 90' lang='lat' dir='ltr'><strong>fuit,</strong></span> <span class='ocrx_word' id='word_1_655' title='bbox 2697 3127 2753 3176; x_wconf 90' lang='lat' dir='ltr'><strong>et</strong></span> <span class='ocrx_word' id='word_1_656' title='bbox 2778 3120 3052 3176; x_wconf 88' lang='lat' dir='ltr'><strong>nescimus</strong></span> <span class='ocrx_word' id='word_1_657' title='bbox 3081 3119 3250 3177; x_wconf 89' lang='lat' dir='ltr'><strong>fuisse</strong></span> <span class='ocrx_word' id='word_1_658' title='bbox 3285 3119 3608 3192; x_wconf 90' lang='lat' dir='ltr'><strong>episcopum</strong></span> <span class='ocrx_word' id='word_1_659' title='bbox 3634 3118 3866 3177; x_wconf 89' lang='lat' dir='ltr'><strong>alicuius</strong></span> <span class='ocrx_word' id='word_1_660' title='bbox 3891 3136 4021 3177; x_wconf 89' lang='lat' dir='ltr'><strong>cer-</strong></span> 
     </span>
     <span class='ocr_line' id='line_1_87' title="bbox 2417 3206 4028 3283; baseline 0.002 -19"><span class='ocrx_word' id='word_1_661' title='bbox 2417 3213 2506 3264; x_wconf 89' lang='lat' dir='ltr'><strong>tae</strong></span> <span class='ocrx_word' id='word_1_662' title='bbox 2532 3206 2798 3266; x_wconf 88' lang='lat' dir='ltr'><strong>dioecesis</strong></span> <span class='ocrx_word' id='word_1_663' title='bbox 2818 3253 2832 3280; x_wconf 93' lang='lat'><strong>,</strong></span> <span class='ocrx_word' id='word_1_664' title='bbox 2864 3209 2948 3266; x_wconf 86' lang='lat' dir='ltr'><strong>vel</strong></span> <span class='ocrx_word' id='word_1_665' title='bbox 2980 3208 3234 3267; x_wconf 88' lang='lat' dir='ltr'><strong>habuisse</strong></span> <span class='ocrx_word' id='word_1_666' title='bbox 3259 3208 3498 3283; x_wconf 90' lang='lat' dir='ltr'><strong>aliquam</strong></span> <span class='ocrx_word' id='word_1_667' title='bbox 3527 3209 3800 3281; x_wconf 85' lang='lat' dir='ltr'><strong>propriam</strong></span> <span class='ocrx_word' id='word_1_668' title='bbox 3835 3210 4028 3267; x_wconf 78' lang='lat' dir='ltr'><strong>eccle·-</strong></span> 
     </span>
     <span class='ocr_line' id='line_1_88' title="bbox 2417 3297 4012 3372; baseline 0.003 -20"><span class='ocrx_word' id='word_1_669' title='bbox 2417 3297 2584 3369; x_wconf 90' lang='lat' dir='ltr'><strong>siam,</strong></span> <span class='ocrx_word' id='word_1_670' title='bbox 2615 3304 2876 3372; x_wconf 87' lang='lat' dir='ltr'><strong>tanquam</strong></span> <span class='ocrx_word' id='word_1_671' title='bbox 2915 3298 3250 3356; x_wconf 86' lang='lat' dir='ltr'><strong>ordinarium</strong></span> <span class='ocrx_word' id='word_1_672' title='bbox 3287 3304 3342 3355; x_wconf 87' lang='lat' dir='ltr'><strong>et</strong></span> <span class='ocrx_word' id='word_1_673' title='bbox 3379 3298 3690 3371; x_wconf 84' lang='lat' dir='ltr'><strong>proximum</strong></span> <span class='ocrx_word' id='word_1_674' title='bbox 3727 3307 4012 3371; x_wconf 86' lang='lat' dir='ltr'><strong>pastorem</strong></span> 
     </span>
     <span class='ocr_line' id='line_1_89' title="bbox 2417 3386 4014 3459; baseline 0.002 -15"><span class='ocrx_word' id='word_1_675' title='bbox 2417 3386 2586 3459; x_wconf 92' lang='lat' dir='ltr'><strong>illius,</strong></span> <span class='ocrx_word' id='word_1_676' title='bbox 2618 3387 2746 3445; x_wconf 85' lang='lat' dir='ltr'><strong>licet</strong></span> <span class='ocrx_word' id='word_1_677' title='bbox 2771 3388 2998 3447; x_wconf 87' lang='lat' dir='ltr'><strong>haberet</strong></span> <span class='ocrx_word' id='word_1_678' title='bbox 3023 3388 3440 3447; x_wconf 89' lang='lat' dir='ltr'><strong>sollicitudinem</strong></span> <span class='ocrx_word' id='word_1_679' title='bbox 3468 3392 3713 3447; x_wconf 89' lang='lat' dir='ltr'><strong>omnium</strong></span> <span class='ocrx_word' id='word_1_680' title='bbox 3741 3390 4014 3447; x_wconf 89' lang='lat' dir='ltr'><strong>ecclesia-</strong></span> 
     </span>
     <span class='ocr_line' id='line_1_90' title="bbox 2415 3479 4018 3556; baseline 0.002 -21"><span class='ocrx_word' id='word_1_681' title='bbox 2415 3494 2565 3549; x_wconf 87' lang='lat' dir='ltr'><strong>rum,</strong></span> <span class='ocrx_word' id='word_1_682' title='bbox 2597 3484 2652 3538; x_wconf 86' lang='grc'><strong>2.</strong></span> <span class='ocrx_word' id='word_1_683' title='bbox 2687 3479 2934 3538; x_wconf 82' lang='lat' dir='ltr'><strong>Corinth.</strong></span> <span class='ocrx_word' id='word_1_684' title='bbox 2969 3482 3055 3551; x_wconf 87' lang='lat'><strong>11,</strong></span> <span class='ocrx_word' id='word_1_685' title='bbox 3085 3486 3143 3537; x_wconf 90' lang='lat' dir='ltr'><strong>et</strong></span> <span class='ocrx_word' id='word_1_686' title='bbox 3169 3480 3218 3536; x_wconf 88' lang='lat' dir='ltr'><strong>in</strong></span> <span class='ocrx_word' id='word_1_687' title='bbox 3251 3479 3433 3536; x_wconf 87' lang='lat' dir='ltr'><strong>multis</strong></span> <span class='ocrx_word' id='word_1_688' title='bbox 3462 3483 3674 3539; x_wconf 79' lang='lat' dir='ltr'><strong>creavit</strong></span> <span class='ocrx_word' id='word_1_689' title='bbox 3697 3480 4018 3556; x_wconf 86' lang='lat' dir='ltr'><strong>episcopos,</strong></span> 
     </span>
     <span class='ocr_line' id='line_1_91' title="bbox 2417 3570 4019 3651; baseline 0.004 -24"><span class='ocrx_word' id='word_1_690' title='bbox 2417 3575 2481 3627; x_wconf 92' lang='lat' dir='ltr'><strong>ut</strong></span> <span class='ocrx_word' id='word_1_691' title='bbox 2525 3571 2705 3644; x_wconf 83' lang='lat' dir='ltr'><strong>Titum</strong></span> <span class='ocrx_word' id='word_1_692' title='bbox 2747 3571 2940 3629; x_wconf 88' lang='lat' dir='ltr'><strong>Cretae</strong></span> <span class='ocrx_word' id='word_1_693' title='bbox 2968 3612 2984 3643; x_wconf 94' lang='lat'><strong>,</strong></span> <span class='ocrx_word' id='word_1_694' title='bbox 3025 3570 3368 3629; x_wconf 88' lang='lat' dir='ltr'><strong>Timotheum</strong></span> <span class='ocrx_word' id='word_1_695' title='bbox 3416 3571 3654 3644; x_wconf 84' lang='lat' dir='ltr'><strong>Ephesi,</strong></span> <span class='ocrx_word' id='word_1_696' title='bbox 3695 3572 4019 3651; x_wconf 75' lang='lat' dir='ltr'><strong>Dionysium</strong></span> 
     </span>
     <span class='ocr_line' id='line_1_92' title="bbox 2414 3659 4021 3736; baseline 0.002 -19"><span class='ocrx_word' id='word_1_697' title='bbox 2414 3660 2661 3717; x_wconf 86' lang='lat' dir='ltr'><strong>Athenis.</strong></span> <span class='ocrx_word' id='word_1_698' title='bbox 2688 3661 2762 3718; x_wconf 88' lang='lat' dir='ltr'><strong>De</strong></span> <span class='ocrx_word' id='word_1_699' title='bbox 2789 3662 2988 3718; x_wconf 85' lang='lat' dir='ltr'><strong>Ioanne</strong></span> <span class='ocrx_word' id='word_1_700' title='bbox 3008 3662 3172 3719; x_wconf 88' lang='lat' dir='ltr'><strong>etiam</strong></span> <span class='ocrx_word' id='word_1_701' title='bbox 3201 3660 3534 3735; x_wconf 77' lang='lat' dir='ltr'><strong>evangelista</strong></span> <span class='ocrx_word' id='word_1_702' title='bbox 3559 3659 3784 3736; x_wconf 82' lang='lat' dir='ltr'><strong>legitur,</strong></span> <span class='ocrx_word' id='word_1_703' title='bbox 3807 3665 4021 3720; x_wconf 88' lang='lat' dir='ltr'><strong>rexisse</strong></span> 
     </span>
     <span class='ocr_line' id='line_1_93' title="bbox 2415 3752 4021 3825; baseline 0 -16"><span class='ocrx_word' id='word_1_704' title='bbox 2415 3754 2702 3810; x_wconf 79' lang='lat' dir='ltr'><strong>universas</strong></span> <span class='ocrx_word' id='word_1_705' title='bbox 2727 3753 2994 3810; x_wconf 89' lang='lat' dir='ltr'><strong>ecclesias</strong></span> <span class='ocrx_word' id='word_1_706' title='bbox 3015 3753 3273 3823; x_wconf 90' lang='lat' dir='ltr'><strong>Orientis,</strong></span> <span class='ocrx_word' id='word_1_707' title='bbox 3297 3758 3354 3809; x_wconf 87' lang='lat' dir='ltr'><strong>et</strong></span> <span class='ocrx_word' id='word_1_708' title='bbox 3379 3752 3430 3808; x_wconf 92' lang='lat' dir='ltr'><strong>in</strong></span> <span class='ocrx_word' id='word_1_709' title='bbox 3459 3753 3540 3808; x_wconf 89' lang='lat' dir='ltr'><strong>eis</strong></span> <span class='ocrx_word' id='word_1_710' title='bbox 3565 3752 3855 3825; x_wconf 89' lang='lat' dir='ltr'><strong>episcopos</strong></span> <span class='ocrx_word' id='word_1_711' title='bbox 3883 3770 4021 3809; x_wconf 90' lang='lat' dir='ltr'><strong>con·</strong></span> 
     </span>
     <span class='ocr_line' id='line_1_94' title="bbox 2416 3841 4014 3916; baseline 0.001 -17"><span class='ocrx_word' id='word_1_712' title='bbox 2416 3842 2680 3915; x_wconf 89' lang='lat' dir='ltr'><strong>stituisse,</strong></span> <span class='ocrx_word' id='word_1_713' title='bbox 2707 3858 2814 3899; x_wconf 88' lang='lat' dir='ltr'><strong>non</strong></span> <span class='ocrx_word' id='word_1_714' title='bbox 2844 3851 3024 3899; x_wconf 90' lang='lat' dir='ltr'><strong>tamen</strong></span> <span class='ocrx_word' id='word_1_715' title='bbox 3052 3844 3329 3916; x_wconf 89' lang='lat' dir='ltr'><strong>propriam</strong></span> <span class='ocrx_word' id='word_1_716' title='bbox 3353 3842 3586 3899; x_wconf 87' lang='lat' dir='ltr'><strong>alicuius</strong></span> <span class='ocrx_word' id='word_1_717' title='bbox 3615 3841 3800 3899; x_wconf 91' lang='lat' dir='ltr'><strong>sedem</strong></span> <span class='ocrx_word' id='word_1_718' title='bbox 3829 3844 4014 3915; x_wconf 78' lang='lat' dir='ltr'><strong>priva-</strong></span> 
     </span>
     <span class='ocr_line' id='line_1_95' title="bbox 2415 3935 4016 4007; baseline 0.002 -19"><span class='ocrx_word' id='word_1_719' title='bbox 2415 3941 2530 3989; x_wconf 90' lang='lat' dir='ltr'><strong>tum</strong></span> <span class='ocrx_word' id='word_1_720' title='bbox 2551 3935 2873 4006; x_wconf 87' lang='lat' dir='ltr'><strong>episcopum</strong></span> <span class='ocrx_word' id='word_1_721' title='bbox 2898 3946 3223 4005; x_wconf 86' lang='lat' dir='ltr'><strong>occupasse.</strong></span> <span class='ocrx_word' id='word_1_722' title='bbox 3247 3935 3494 3991; x_wconf 84' lang='lat' dir='ltr'><strong>Fuerunt</strong></span> <span class='ocrx_word' id='word_1_723' title='bbox 3509 3948 3642 4007; x_wconf 82' lang='lat' dir='ltr'><strong>ergo</strong></span> <span class='ocrx_word' id='word_1_724' title='bbox 3669 3948 3860 3991; x_wconf 88' lang='lat' dir='ltr'><strong>omnes</strong></span> <span class='ocrx_word' id='word_1_725' title='bbox 3881 3950 4016 4007; x_wconf 83' lang='lat' dir='ltr'><strong>apo-</strong></span> 
     </span>
     <span class='ocr_line' id='line_1_96' title="bbox 2413 4023 4017 4113; baseline 0.001 -34"><span class='ocrx_word' id='word_1_726' title='bbox 2413 4023 2535 4079; x_wconf 90' lang='lat' dir='ltr'><strong>stoli</strong></span> <span class='ocrx_word' id='word_1_727' title='bbox 2563 4026 2806 4097; x_wconf 90' lang='lat' dir='ltr'><strong>episcopi</strong></span> <span class='ocrx_word' id='word_1_728' title='bbox 2847 4023 3152 4081; x_wconf 89' lang='lat' dir='ltr'><strong>immediate</strong></span> <span class='ocrx_word' id='word_1_729' title='bbox 3179 4023 3308 4083; x_wconf 90' lang='lat' dir='ltr'><strong>facti</strong></span> <span class='ocrx_word' id='word_1_730' title='bbox 3335 4040 3366 4081; x_wconf 88' lang='lat' dir='ltr'><strong>a</strong></span> <span class='ocrx_word' id='word_1_731' title='bbox 3406 4024 3622 4082; x_wconf 87' lang='lat' dir='ltr'><strong>Christo</strong></span> <span class='ocrx_word' id='word_1_732' title='bbox 3651 4024 3852 4113; x_wconf 50' lang='lat' dir='ltr'><strong>quoad,</strong></span> <span class='ocrx_word' id='word_1_733' title='bbox 3875 4041 4017 4082; x_wconf 89' lang='lat' dir='ltr'><strong>con-</strong></span> 
     </span>
     <span class='ocr_line' id='line_1_97' title="bbox 2413 4113 4012 4187; baseline 0.001 -17"><span class='ocrx_word' id='word_1_734' title='bbox 2413 4116 2802 4185; x_wconf 87' lang='lat' dir='ltr'><strong>secrationem,</strong></span> <span class='ocrx_word' id='word_1_735' title='bbox 2854 4121 2912 4172; x_wconf 91' lang='lat' dir='ltr'><strong>et</strong></span> <span class='ocrx_word' id='word_1_736' title='bbox 2943 4113 3124 4187; x_wconf 88' lang='lat' dir='ltr'><strong>quoad</strong></span> <span class='ocrx_word' id='word_1_737' title='bbox 3161 4113 3302 4171; x_wconf 91' lang='lat' dir='ltr'><strong>hanc</strong></span> <span class='ocrx_word' id='word_1_738' title='bbox 3329 4114 3640 4172; x_wconf 85' lang='lat' dir='ltr'><strong>succedunt</strong></span> <span class='ocrx_word' id='word_1_739' title='bbox 3670 4114 3774 4171; x_wconf 85' lang='lat' dir='ltr'><strong>illis</strong></span> <span class='ocrx_word' id='word_1_740' title='bbox 3809 4130 4012 4172; x_wconf 89' lang='lat' dir='ltr'><strong>omnes</strong></span> 
     </span>
     <span class='ocr_line' id='line_1_98' title="bbox 2409 4203 4012 4277; baseline -0.001 -14"><span class='ocrx_word' id='word_1_741' title='bbox 2409 4204 2682 4277; x_wconf 88' lang='lat' dir='ltr'><strong>episcopi:</strong></span> <span class='ocrx_word' id='word_1_742' title='bbox 2725 4204 2951 4261; x_wconf 88' lang='lat' dir='ltr'><strong>fuerunt</strong></span> <span class='ocrx_word' id='word_1_743' title='bbox 2987 4204 3114 4260; x_wconf 86' lang='lat' dir='ltr'><strong>item</strong></span> <span class='ocrx_word' id='word_1_744' title='bbox 3149 4203 3378 4277; x_wconf 88' lang='lat' dir='ltr'><strong>apostoli</strong></span> <span class='ocrx_word' id='word_1_745' title='bbox 3414 4203 3656 4277; x_wconf 86' lang='lat' dir='ltr'><strong>episcopi</strong></span> <span class='ocrx_word' id='word_1_746' title='bbox 3689 4204 3850 4276; x_wconf 83' lang='lat' dir='ltr'><strong>quasi</strong></span> <span class='ocrx_word' id='word_1_747' title='bbox 3891 4206 4012 4262; x_wconf 88' lang='lat' dir='ltr'><strong>uni·</strong></span> 
     </span>
     <span class='ocr_line' id='line_1_99' title="bbox 2411 4291 4014 4355; baseline 0.004 -7"><span class='ocrx_word' id='word_1_748' title='bbox 2411 4293 2654 4351; x_wconf 71' lang='lat' dir='ltr'><strong>vei-sales</strong></span> <span class='ocrx_word' id='word_1_749' title='bbox 2691 4291 2860 4352; x_wconf 89' lang='lat' dir='ltr'><strong>totius</strong></span> <span class='ocrx_word' id='word_1_750' title='bbox 2888 4292 3166 4351; x_wconf 87' lang='lat' dir='ltr'><strong>Ecclesiae</strong></span> <span class='ocrx_word' id='word_1_751' title='bbox 3193 4310 3262 4351; x_wconf 79' lang='lat' dir='ltr'><strong>ex</strong></span> <span class='ocrx_word' id='word_1_752' title='bbox 3303 4294 3616 4352; x_wconf 88' lang='lat' dir='ltr'><strong>immediata</strong></span> <span class='ocrx_word' id='word_1_753' title='bbox 3651 4296 4014 4355; x_wconf 85' lang='lat' dir='ltr'><strong>concessione</strong></span> 
     </span>
     <span class='ocr_line' id='line_1_100' title="bbox 2408 4382 4014 4454; baseline 0.002 -14"><span class='ocrx_word' id='word_1_754' title='bbox 2408 4382 2635 4454; x_wconf 86' lang='lat' dir='ltr'><strong>Christi,</strong></span> <span class='ocrx_word' id='word_1_755' title='bbox 2664 4389 2721 4439; x_wconf 90' lang='lat' dir='ltr'><strong>et</strong></span> <span class='ocrx_word' id='word_1_756' title='bbox 2745 4383 3054 4440; x_wconf 89' lang='lat' dir='ltr'><strong>secundum</strong></span> <span class='ocrx_word' id='word_1_757' title='bbox 3081 4382 3222 4441; x_wconf 88' lang='lat' dir='ltr'><strong>hanc</strong></span> <span class='ocrx_word' id='word_1_758' title='bbox 3251 4384 3520 4441; x_wconf 85' lang='lat' dir='ltr'><strong>rationem</strong></span> <span class='ocrx_word' id='word_1_759' title='bbox 3549 4400 3658 4441; x_wconf 88' lang='lat' dir='ltr'><strong>non</strong></span> <span class='ocrx_word' id='word_1_760' title='bbox 3695 4382 4014 4444; x_wconf 89' lang='lat' dir='ltr'><strong>habuerunt</strong></span> 
     </span>
     <span class='ocr_line' id='line_1_101' title="bbox 2409 4473 4008 4551; baseline 0.004 -23"><span class='ocrx_word' id='word_1_761' title='bbox 2409 4487 2764 4529; x_wconf 86' lang='lat' dir='ltr'><strong>successores</strong></span> <span class='ocrx_word' id='word_1_762' title='bbox 2792 4478 3009 4545; x_wconf 88' lang='lat' dir='ltr'><strong>praeter</strong></span> <span class='ocrx_word' id='word_1_763' title='bbox 3037 4473 3216 4531; x_wconf 89' lang='lat' dir='ltr'><strong>solum</strong></span> <span class='ocrx_word' id='word_1_764' title='bbox 3243 4475 3489 4547; x_wconf 86' lang='lat' dir='ltr'><strong>Petrum,</strong></span> <span class='ocrx_word' id='word_1_765' title='bbox 3509 4475 3606 4551; x_wconf 89' lang='lat' dir='ltr'><strong>qui</strong></span> <span class='ocrx_word' id='word_1_766' title='bbox 3633 4474 3812 4532; x_wconf 87' lang='lat' dir='ltr'><strong>altiori</strong></span> <span class='ocrx_word' id='word_1_767' title='bbox 3840 4476 4008 4534; x_wconf 89' lang='lat' dir='ltr'><strong>modo</strong></span> 
     </span>
     <span class='ocr_line' id='line_1_102' title="bbox 2407 4561 3022 4635; baseline -0.003 -16"><span class='ocrx_word' id='word_1_768' title='bbox 2407 4562 2783 4635; x_wconf 83' lang='lat' dir='ltr'><strong>pontificatum</strong></span> <span class='ocrx_word' id='word_1_769' title='bbox 2814 4561 3022 4621; x_wconf 87' lang='lat' dir='ltr'><strong>habuit.</strong></span> 
     </span>
    </p>

    <p class='ocr_par' dir='ltr' id='par_1_7' title="bbox 2397 4652 4004 5363">
     <span class='ocr_line' id='line_1_103' title="bbox 2479 4652 4004 4729; baseline 0.004 -19"><span class='ocrx_word' id='word_1_770' title='bbox 2479 4654 2658 4727; x_wconf 76' lang='lat' dir='ltr'><strong>Aliqui</strong></span> <span class='ocrx_word' id='word_1_771' title='bbox 2685 4654 2848 4711; x_wconf 84' lang='lat' dir='ltr'><strong>etiam</strong></span> <span class='ocrx_word' id='word_1_772' title='bbox 2875 4653 3109 4725; x_wconf 87' lang='lat' dir='ltr'><strong>apostoli</strong></span> <span class='ocrx_word' id='word_1_773' title='bbox 3131 4652 3285 4727; x_wconf 78' lang='lat' dir='ltr'><strong>(licet</strong></span> <span class='ocrx_word' id='word_1_774' title='bbox 3309 4670 3420 4712; x_wconf 89' lang='lat' dir='ltr'><strong>non</strong></span> <span class='ocrx_word' id='word_1_775' title='bbox 3441 4654 3656 4729; x_wconf 89' lang='lat' dir='ltr'><strong>omnes)</strong></span> <span class='ocrx_word' id='word_1_776' title='bbox 3680 4654 4004 4717; x_wconf 88' lang='lat' dir='ltr'><strong>habuerunt</strong></span> 
     </span>
     <span class='ocr_line' id='line_1_104' title="bbox 2403 4743 3999 4821; baseline 0.004 -20"><span class='ocrx_word' id='word_1_777' title='bbox 2403 4743 2790 4801; x_wconf 86' lang='lat' dir='ltr'><strong>determinatas</strong></span> <span class='ocrx_word' id='word_1_778' title='bbox 2817 4743 2974 4802; x_wconf 87' lang='lat' dir='ltr'><strong>sedes</strong></span> <span class='ocrx_word' id='word_1_779' title='bbox 2999 4744 3368 4818; x_wconf 88' lang='lat' dir='ltr'><strong>episcopales,</strong></span> <span class='ocrx_word' id='word_1_780' title='bbox 3411 4752 3469 4804; x_wconf 91' lang='lat' dir='ltr'><strong>et</strong></span> <span class='ocrx_word' id='word_1_781' title='bbox 3506 4746 3692 4821; x_wconf 90' lang='lat' dir='ltr'><strong>quoad</strong></span> <span class='ocrx_word' id='word_1_782' title='bbox 3733 4748 3844 4805; x_wconf 92' lang='lat' dir='ltr'><strong>hoc</strong></span> <span class='ocrx_word' id='word_1_783' title='bbox 3887 4766 3999 4807; x_wconf 88' lang='lat' dir='ltr'><strong>non</strong></span> 
     </span>
     <span class='ocr_line' id='line_1_105' title="bbox 2405 4835 3998 4912; baseline 0.003 -20"><span class='ocrx_word' id='word_1_784' title='bbox 2405 4835 2714 4894; x_wconf 85' lang='lat' dir='ltr'><strong>habuerunt</strong></span> <span class='ocrx_word' id='word_1_785' title='bbox 2737 4838 3112 4908; x_wconf 89' lang='lat' dir='ltr'><strong>episcopatum</strong></span> <span class='ocrx_word' id='word_1_786' title='bbox 3136 4837 3442 4895; x_wconf 89' lang='lat' dir='ltr'><strong>immediate</strong></span> <span class='ocrx_word' id='word_1_787' title='bbox 3461 4854 3494 4895; x_wconf 86' lang='lat' dir='ltr'><strong>a</strong></span> <span class='ocrx_word' id='word_1_788' title='bbox 3510 4838 3748 4909; x_wconf 86' lang='lat' dir='ltr'><strong>Christe,</strong></span> <span class='ocrx_word' id='word_1_789' title='bbox 3776 4840 3870 4895; x_wconf 86' lang='lat' dir='ltr'><strong>sed</strong></span> <span class='ocrx_word' id='word_1_790' title='bbox 3899 4856 3998 4912; x_wconf 91' lang='lat' dir='ltr'><strong>per</strong></span> 
     </span>
     <span class='ocr_line' id='line_1_106' title="bbox 2402 4925 3992 5001; baseline 0.003 -19"><span class='ocrx_word' id='word_1_791' title='bbox 2402 4925 2909 4984; x_wconf 87' lang='lat' dir='ltr'><strong>determinationem</strong></span> <span class='ocrx_word' id='word_1_792' title='bbox 2967 4926 3282 4984; x_wconf 87' lang='lat' dir='ltr'><strong>humanam.</strong></span> <span class='ocrx_word' id='word_1_793' title='bbox 3339 4929 3428 4985; x_wconf 88' lang='lat' dir='ltr'><strong>Sic</strong></span> <span class='ocrx_word' id='word_1_794' title='bbox 3481 4927 3715 4985; x_wconf 87' lang='lat' dir='ltr'><strong>lacobus</strong></span> <span class='ocrx_word' id='word_1_795' title='bbox 3767 4927 3992 5001; x_wconf 78' lang='lat' dir='ltr'><strong>Alphaei</strong></span> 
     </span>
     <span class='ocr_line' id='line_1_107' title="bbox 2401 5016 3994 5095; baseline 0.003 -22"><span class='ocrx_word' id='word_1_796' title='bbox 2401 5022 2624 5073; x_wconf 88' lang='lat' dir='ltr'><strong>creatus</strong></span> <span class='ocrx_word' id='word_1_797' title='bbox 2651 5025 2737 5074; x_wconf 91' lang='lat' dir='ltr'><strong>est</strong></span> <span class='ocrx_word' id='word_1_798' title='bbox 2756 5016 2966 5087; x_wconf 89' lang='lat' dir='ltr'><strong>primus</strong></span> <span class='ocrx_word' id='word_1_799' title='bbox 2985 5017 3276 5090; x_wconf 84' lang='lat' dir='ltr'><strong>episcopus</strong></span> <span class='ocrx_word' id='word_1_800' title='bbox 3301 5017 3816 5095; x_wconf 79' lang='lat' dir='ltr'><strong>hierosolymitanus</strong></span> <span class='ocrx_word' id='word_1_801' title='bbox 3837 5035 3870 5075; x_wconf 88' lang='lat' dir='ltr'><strong>a</strong></span> <span class='ocrx_word' id='word_1_802' title='bbox 3891 5022 3994 5077; x_wconf 86' lang='lat' dir='ltr'><strong>Pe-</strong></span> 
     </span>
     <span class='ocr_line' id='line_1_108' title="bbox 2403 5106 3994 5182; baseline 0.002 -19"><span class='ocrx_word' id='word_1_803' title='bbox 2403 5113 2514 5178; x_wconf 89' lang='lat' dir='ltr'><strong>tro,</strong></span> <span class='ocrx_word' id='word_1_804' title='bbox 2544 5114 2608 5162; x_wconf 88' lang='lat' dir='ltr'><strong>ut</strong></span> <span class='ocrx_word' id='word_1_805' title='bbox 2636 5112 2870 5163; x_wconf 86' lang='lat' dir='ltr'><strong>testatur</strong></span> <span class='ocrx_word' id='word_1_806' title='bbox 2895 5106 3178 5182; x_wconf 77' lang='lat' dir='ltr'><strong>chrysost.</strong></span> <span class='ocrx_word' id='word_1_807' title='bbox 3221 5107 3368 5165; x_wconf 89' lang='lat' dir='ltr'><strong>hom.</strong></span> <span class='ocrx_word' id='word_1_808' title='bbox 3403 5110 3494 5167; x_wconf 89' lang='grc'><strong>87.</strong></span> <span class='ocrx_word' id='word_1_809' title='bbox 3526 5109 3580 5165; x_wconf 89' lang='lat' dir='ltr'><strong>in</strong></span> <span class='ocrx_word' id='word_1_810' title='bbox 3611 5110 3756 5166; x_wconf 89' lang='lat' dir='ltr'><strong>loan.</strong></span> <span class='ocrx_word' id='word_1_811' title='bbox 3795 5115 3855 5166; x_wconf 88' lang='lat' dir='ltr'><strong>et</strong></span> <span class='ocrx_word' id='word_1_812' title='bbox 3877 5112 3994 5168; x_wconf 89' lang='lat' dir='ltr'><strong>Eu-</strong></span> 
     </span>
     <span class='ocr_line' id='line_1_109' title="bbox 2399 5195 4000 5271; baseline 0.004 -20"><span class='ocrx_word' id='word_1_813' title='bbox 2399 5196 2511 5253; x_wconf 86' lang='lat' dir='ltr'><strong>seh.</strong></span> <span class='ocrx_word' id='word_1_814' title='bbox 2543 5195 2634 5252; x_wconf 90' lang='lat' dir='ltr'><strong>lib.</strong></span> <span class='ocrx_word' id='word_1_815' title='bbox 2663 5203 2722 5257; x_wconf 84' lang='grc'><strong>2.</strong></span> <span class='ocrx_word' id='word_1_816' title='bbox 2753 5200 3067 5265; x_wconf 74' lang='lat' dir='ltr'><strong>Historiae,</strong></span> <span class='ocrx_word' id='word_1_817' title='bbox 3103 5212 3228 5270; x_wconf 92' lang='lat' dir='ltr'><strong>cap.</strong></span> <span class='ocrx_word' id='word_1_818' title='bbox 3267 5200 3316 5255; x_wconf 85' lang='lat'><strong>1.</strong></span> <span class='ocrx_word' id='word_1_819' title='bbox 3341 5198 3433 5255; x_wconf 90' lang='lat' dir='ltr'><strong>Sic</strong></span> <span class='ocrx_word' id='word_1_820' title='bbox 3460 5198 3624 5255; x_wconf 85' lang='lat' dir='ltr'><strong>etiam</strong></span> <span class='ocrx_word' id='word_1_821' title='bbox 3645 5200 3762 5271; x_wconf 89' lang='lat' dir='ltr'><strong>ipse</strong></span> <span class='ocrx_word' id='word_1_822' title='bbox 3793 5201 4000 5257; x_wconf 81' lang='lat' dir='ltr'><strong>Petrus</strong></span> 
     </span>
     <span class='ocr_line' id='line_1_110' title="bbox 2397 5286 3998 5363; baseline 0.003 -19"><span class='ocrx_word' id='word_1_823' title='bbox 2397 5287 2610 5362; x_wconf 88' lang='lat' dir='ltr'><strong>primus</strong></span> <span class='ocrx_word' id='word_1_824' title='bbox 2633 5286 2928 5361; x_wconf 87' lang='lat' dir='ltr'><strong>episcopus</strong></span> <span class='ocrx_word' id='word_1_825' title='bbox 2955 5287 3062 5347; x_wconf 88' lang='lat' dir='ltr'><strong>fuit</strong></span> <span class='ocrx_word' id='word_1_826' title='bbox 3085 5288 3424 5363; x_wconf 66' lang='lat' dir='ltr'><strong>Antiochiae,</strong></span> <span class='ocrx_word' id='word_1_827' title='bbox 3455 5304 3622 5363; x_wconf 88' lang='lat' dir='ltr'><strong>quam</strong></span> <span class='ocrx_word' id='word_1_828' title='bbox 3649 5288 3838 5349; x_wconf 87' lang='lat' dir='ltr'><strong>sedem</strong></span> <span class='ocrx_word' id='word_1_829' title='bbox 3881 5306 3998 5349; x_wconf 90' lang='lat' dir='ltr'><strong>non</strong></span> 
     </span>
    </p>
   </div>
  </div>
 </body>
</html>
