4325 6267
826 348 965 410 *310

830 498 1109 542 sentaneus
1132 491 1389 556 perfectae
1414 489 1761 552 monarchiae,
1788 496 1843 540 et
1868 490 2234 552 congruentior
2258 503 2364 539 ma-

836 562 934 611 iori
958 562 1136 612 unioni
1159 562 1502 611 membrorum
1526 574 1640 611 cum
1664 573 1758 611 suo
1780 560 1967 624 capite.
1989 560 2165 609 -14,
2193 559 2366 622 Digni-

836 636 915 680 tas
950 631 1143 695 papalis
1169 630 1323 681 habet
1358 638 1551 681 certam
1576 637 1629 679 et
1663 630 2029 681 immutabilem
2063 629 2366 693 qualitatem

834 712 897 748 ex
924 702 973 750 vi
1000 713 1121 750 suae
1147 701 1488 751 institutionis
1514 701 1567 752 in
1592 699 1692 761 his,
1713 712 1845 764 quae
1870 700 2131 764 pertinent
2155 698 2221 749 ad
2246 700 2368 749 sub-

833 770 1076 819 stantiam
1124 771 1254 820 eius.
1278 770 1453 820 -15,
1488 770 1727 821 Evasioni
1774 770 2032 819 obviatur.
2054 795 2125 805 ——
2146 768 2230 819 16.
2271 769 2367 819 Re-

836 840 1042 903 sponsio
1054 838 1113 888 ad
1136 839 1462 890 fundamenta
1484 839 1909 889 adversariorum.
1926 867 1989 875 -
2004 838 2240 902 Episcopi
2253 851 2369 888 suc-

835 908 1027 959 cedunt
1062 910 1304 973 apostolis
1331 916 1389 959 ut
1425 910 1636 959 suerunt
1661 910 1917 973 episcopi,
1947 921 2044 958 non
2074 915 2133 958 ut
2167 915 2368 971 aposto-

733 1001 741 1009 *
835 977 889 1028 li.
913 1006 982 1015 —
1006 978 1088 1028 17.
1118 979 1445 1043 Apostolatus
1479 978 1577 1031 tuit
1611 979 1836 1041 dignitas
1872 978 2177 1029 universalis
2210 978 2368 1029 iuris-

832 1046 1074 1099 dictionis
1099 1049 1151 1097 in
1186 1056 1345 1099 totam
1368 1049 1677 1111 Ecclesiam,
1704 1060 1763 1097 ac
1800 1048 2011 1112 proinde
2037 1047 2280 1110 competit
2315 1046 2366 1096 ei

832 1116 969 1167 ferre
994 1118 1164 1181 leges3
1192 1132 1290 1171 non
1316 1119 1391 1168 sic
1419 1123 1541 1168 vero
1562 1119 1881 1183 episcopalis.
1896 1116 2065 1167 -18,
2094 1116 2230 1167 Ordo
2254 1116 2363 1166 hie-

832 1185 1098 1238 rarchicos
1126 1195 1264 1240 totus
1290 1200 1317 1237 a
1346 1188 1501 1239 Petro
1526 1188 1797 1253 dependet.

848 1388 894 1441 l.
929 1386 1153 1443 Duobus
1176 1383 1347 1443 modis
1362 1386 1502 1444 solet
1520 1393 1764 1458 potestas
1785 1386 2198 1457 iurisdictionis,
2221 1401 2356 1458 qua-

765 1475 827 1531 lis
854 1483 941 1532 est
960 1483 1203 1547 potestas
1230 1476 1431 1534 serendi
1463 1476 1630 1549 leges,
1650 1476 1987 1548 participari,
2011 1474 2218 1532 scilicet
2245 1477 2364 1531 iure

764 1563 1039 1621 ordinario
1062 1610 1078 1635 ,
1117 1572 1173 1622 et
1200 1583 1295 1637 per
1320 1566 1737 1641 delegationem.
1770 1565 1922 1623 Prior
1947 1572 2059 1637 est,
2090 1571 2151 1621 ut
2188 1564 2259 1620 ita
2286 1563 2366 1621 di-

764 1668 913 1726 cam,
938 1668 1035 1725 per
1062 1670 1143 1724 se,
1160 1663 1218 1711 et
1245 1656 1463 1712 omnino
1490 1654 1687 1712 cadere
1716 1660 1899 1726 potest
1924 1655 2027 1711 sub
2054 1656 2362 1726 scientiam,

765 1760 830 1799 ac
852 1750 1138 1816 propterea
1153 1743 1219 1801 de
1242 1744 1331 1801 illo
1352 1747 1643 1817 praecipue
1663 1743 1931 1817 dicemus3
1947 1760 2069 1801 nam
2086 1744 2225 1801 alius
2249 1760 2365 1800 mo-

763 1834 870 1892 dus
898 1841 980 1890 est
1012 1837 1182 1909 magis
1213 1850 1309 1906 per
1336 1834 1614 1905 accidens,
1636 1840 1690 1890 et
1718 1833 1959 1906 pendens
1987 1849 2052 1890 ex
2082 1834 2364 1891 voluntate

766 1922 1022 1990 hominis,
1052 1931 1108 1980 et
1134 1924 1254 1981 ideo
1282 1923 1347 1980 de
1374 1924 1467 1980 illo
1494 1926 1545 1980 in
1576 1926 1677 1981 tine
1705 1926 1898 1996 capitis
1920 1925 1985 1979 V.
2014 1938 2190 1995 pauca
2219 1921 2366 1978 subi-

766 2014 1012 2069 iciemus.
1045 2014 1143 2070 Est
1190 2019 1373 2071 autem
1420 2030 1518 2086 pro
1548 2014 1779 2086 generali
1825 2011 2017 2087 regula
2054 2028 2365 2085 supponen-

763 2101 931 2173 dum,
973 2109 1295 2174 potestatem
1325 2103 1463 2160 hanc
1503 2112 1763 2176 respectu
1792 2106 1961 2160 totius
2000 2104 2282 2161 Ecclesiae
2311 2104 2362 2160 in

768 2191 918 2248 nullo
966 2206 1087 2249 esse
1126 2200 1343 2264 praeter
1393 2195 1591 2265 Papam
1616 2234 1632 2267 ,
1675 2196 1806 2266 quia
1852 2209 1959 2251 non
1998 2194 2116 2250 iure
2144 2195 2364 2252 ordina-

764 2282 845 2339 rio
869 2324 884 2354 ‚
916 2288 979 2337 ut
1018 2288 1169 2354 patet
1206 2298 1270 2339 ex
1313 2285 1488 2354 capite
1530 2283 1904 2355 praecedenti,
1946 2284 2073 2356 quia
2102 2300 2208 2340 non
2242 2298 2364 2356 pos·

766 2381 897 2429 sunt
931 2387 1053 2428 esse
1099 2373 1149 2429 in
1191 2372 1443 2429 Ecclesia
1486 2372 1596 2430 duo
1638 2376 1815 2446 capita
1844 2416 1858 2445 ,
1914 2388 2018 2431 nec
2052 2376 2220 2431 etiam
2263 2390 2362 2445 per

761 2460 1184 2534 delegationem,
1218 2463 1348 2535 quia
1398 2469 1509 2519 tam
1558 2463 1873 2520 universalis
1919 2461 2190 2537 delegatio
2223 2480 2362 2519 nun-

765 2568 929 2625 quam
958 2554 1036 2623 tit,
1064 2568 1163 2609 nec
1187 2550 1325 2609 l'orte
1352 2553 1740 2610 convenienter
1774 2554 1887 2611 fieri
1917 2560 2122 2627 potest,
2148 2561 2209 2610 ut
2234 2553 2364 2610 infe-

764 2640 877 2697 rius
905 2641 1103 2698 dicam.
1224 2710 1227 2715 Ι
2186 2648 2192 2651 ’

843 2735 897 2788 2.
930 2731 1230 2788 Dicendum
1261 2732 1429 2805 igitur
1458 2746 1655 2790 censeo
1674 2774 1689 2803 ,
1720 2732 2007 2805 episcopos
2037 2732 2234 2789 habere
2263 2748 2361 2805 po-

767 2826 1022 2878 testatem
1061 2821 1412 2896 legislativam
1439 2824 1492 2878 in
1538 2824 1653 2879 suis
1680 2822 2024 2880 dioecesibus
2066 2823 2186 2879 iure
2221 2822 2364 2878 ordi-

766 2912 921 2967 nario
958 2910 1199 2969 humano
1243 2910 1467 2969 fundato
1509 2912 1691 2984 aliquo
1719 2911 1880 2968 modo
1906 2913 1961 2967 in
1998 2911 2198 2969 divino.
2232 2912 2364 2969 Tres

765 3005 948 3072 partes
971 3000 1135 3058 habet
1160 3001 1294 3059 haec
1326 3004 1576 3059 assertio.
1604 3002 1783 3059 Prima
1808 3007 1895 3059 est
1914 3001 2189 3073 absoluta,
2211 3000 2362 3074 quod

765 3091 1008 3163 episcopi
1030 3090 1169 3148 hanc
1198 3090 1430 3149 habeant
1455 3096 1806 3163 potestatem.
1830 3092 1899 3147 Et
1926 3090 2060 3148 haec
2084 3092 2198 3147 sine
2230 3106 2362 3148 con-

768 3183 1033 3237 troversia
1066 3188 1289 3253 recepta
1314 3188 1421 3252 est,
1448 3196 1678 3254 eamque
1708 3181 1937 3237 tradunt
1964 3180 2278 3238 canonistae
2309 3181 2362 3237 in

767 3270 1019 3342 rubrica,
1051 3277 1108 3328 et
1140 3272 1191 3327 in
1220 3288 1344 3344 cap.
1382 3273 1538 3329 Cum
1566 3287 1792 3336 omnes,
1826 3276 1881 3327 et
1907 3285 2031 3342 cap.
2068 3273 2220 3328 Cum
2261 3286 2363 3327 ac-

765 3361 1101 3427 cessissent,
1136 3359 1203 3417 de
1232 3360 1451 3417 constit.
1488 3360 1579 3416 ubi
1609 3360 1900 3416 Panormit.
1934 3361 2131 3416 Decius
2158 3365 2216 3416 et
2255 3360 2362 3417 Ho-

764 3450 924 3505 stien.
956 3449 1087 3505 item
1116 3453 1437 3508 summistae
1463 3449 1631 3507 verbo
1663 3448 1785 3507 lex.
1816 3452 2115 3522 Potestque
2150 3448 2362 3505 fundari

766 3539 817 3594 in
847 3553 971 3609 cap.
1001 3545 1044 3596 1.
1081 3539 1146 3595 de
1176 3540 1578 3597 consecration.
1604 3539 1660 3596 d.
1689 3544 1746 3611 3,
1772 3539 1861 3597 ubi
1888 3539 2129 3612 episcopi
2158 3555 2361 3611 suppo-

764 3638 976 3688 nuntur
1012 3629 1209 3686 hahere
1260 3636 1582 3701 potestatem
1622 3628 1983 3701 praecipiendi
2012 3628 2277 3685 festorum
2305 3636 2363 3686 et

762 3716 1087 3777 ieiuniorum
1127 3718 1583 3775 observationem.
1617 3720 1750 3775 item
1780 3720 1831 3774 in
1860 3734 1982 3790 cap.
2017 3723 2073 3789 2,
2105 3718 2174 3774 de
2208 3718 2360 3775 loca-

763 3816 849 3882 to,
884 3811 975 3866 ubi
1010 3809 1339 3881 supponitur
1362 3850 1377 3877 ‚
1408 3808 1694 3881 episcopos
1722 3823 1881 3879 posse
1908 3812 2113 3865 statuta
2152 3808 2356 3878 facere,

764 3906 828 3955 ut
848 3899 918 3955 ibi
946 3907 1104 3956 notat
1124 3895 1331 3955 Glossa.
1349 3898 1499 3954 Idem
1525 3912 1781 3969 expresse
1810 3896 2039 3954 hahetur
2059 3900 2115 3955 in
2143 3913 2268 3970 cap.
2298 3904 2353 3956 2.

762 3986 830 4043 de
874 3989 1105 4044 maiorit.
1146 3993 1203 4043 et
1251 3985 1524 4043 obedient.
1566 4002 1693 4067 cap.
1731 3992 1785 4043 2.
1830 3986 1899 4043 de
1938 3986 2156 4044 constit.
2201 3988 2256 4043 in
2300 3992 2356 4047 6.

763 4078 970 4151 Estque
996 4077 1130 4133 haec
1160 4083 1403 4149 potestas
1426 4074 1579 4132 valde
1608 4082 1975 4133 'consentanea
2006 4079 2222 4133 muneri
2249 4078 2360 4149 epi-

760 4176 1085 4239 scoporum,
1124 4165 1325 4237 quibus
1354 4165 1489 4221 dixit
1512 4165 1713 4222 Paulus
1736 4168 1860 4221 Act.
1885 4170 1978 4224 20:
2010 4168 2218 4223 Posuit
2258 4183 2359 4223 vos

761 4259 1023 4328 Spiritus
1048 4260 1294 4312 sauctus
1314 4258 1615 4329 episcopos
1638 4270 1837 4327 reqere
1858 4254 2198 4313 Ecclesiam
2221 4258 2354 4311 Dei.

762 4346 895 4401 ltem
926 4346 992 4402 de
1034 4345 1137 4401 illis
1167 4346 1394 4401 maxime
1422 4344 1677 4418 intelligit
1699 4387 1714 4415 ,
1745 4344 1895 4418 quod
1930 4345 2228 4403 Hebraeor.
2269 4351 2353 4405 13.

761 4432 922 4490 dicit:
951 4434 1188 4493 obedite
1218 4436 1576 4508 praepositis
1612 4436 1817 4491 vestris
1830 4452 1852 4501 ,·
1890 4434 2020 4491 item
2059 4440 2244 4506 potest
2265 4434 2359 4491 ad-

760 4524 890 4582 duci
918 4523 1049 4581 illud
1071 4524 1257 4581 nauh.
1294 4530 1385 4583 18:
1424 4527 1838 4599 Quaecumque
1865 4523 2214 4597 liqaveritis,
2242 4531 2354 4583 etc.

760 4616 898 4672 Nam
936 4613 1040 4669 sub
1072 4615 1235 4671 verbo
1276 4611 1509 4687 liqandi
1544 4615 1707 4671 etiam
1735 4613 1995 4687 legislatio
2030 4613 2354 4687 includitur,

688 4778 697 4789 ,
762 4712 825 4761 ut
851 4720 1020 4777 supra
1046 4703 1458 4777 dish-loquitur
1490 4711 1675 4761 autem
1698 4706 1769 4762 ibi
1792 4704 2043 4762 Christus
2071 4704 2140 4761 ad
2170 4721 2358 4762 omnes

760 4792 1061 4866 apostolos,
1086 4794 1284 4867 quihus
1313 4794 1555 4867 episcopi
1584 4794 1911 4861 succedunt,
1936 4812 2060 4867 cap.
2088 4799 2159 4852 In
2187 4812 2353 4860 novo,

760 4884 1007 4943 distinct.
1038 4890 1145 4956 21,
1175 4883 1415 4941 Trident.
1457 4900 1595 4940 sess.
1637 4890 1741 4955 23,
1783 4901 1904 4957 cap.
1952 4890 2005 4943 4.
2039 4887 2116 4941 Ex
2158 4886 2358 4957 quibus

764 4974 1119 5032 concluditur
1147 4974 1309 5045 ratio,
1340 4976 1469 5047 quia
1498 4976 1745 5046 episcopi
1772 4983 1902 5033 sunt
1931 4982 2182 5047 pastores
2210 4976 2358 5032 ordi·

765 5065 899 5121 narii
915 5071 972 5120 et
992 5064 1263 5137 principes
1288 5063 1560 5119 Ecclesiae
1579 5070 1707 5137 post
1725 5082 1999 5121 summum
2020 5066 2353 5136 Pontificem,

761 5163 815 5209 et
842 5155 963 5212 ideo
990 5171 1058 5211 ex
1082 5157 1130 5210 vi
1160 5155 1245 5211 sui
1274 5155 1514 5211 muneris
1534 5161 1697 5226 egent
1724 5162 1989 5226 potestate
2013 5156 2218 5213 serendi
2245 5162 2354 5212 sta-

766 5252 883 5303 tuta
923 5246 1037 5303 suis
1080 5245 1308 5304 subditis
1350 5244 1758 5315 convenientia3
1802 5245 1891 5301 illa
1932 5262 2061 5303 vero
2112 5256 2356 5319 poteslas

2239 365 2438 413 LIBER
2466 366 2559 412 lv.

2433 490 2698 561 competit
2737 489 2855 545 iure
2896 487 3197 560 ordinario,
3229 504 3373 564 quae
3414 490 3668 547 convenit
3703 496 3782 547 ex·
3813 492 3862 545 vi
3899 506 4032 561 pro·

2435 579 2538 650 prii
2570 579 2844 649 muneris3
2873 592 3032 649 ergo.

2515 673 2568 725 3.
2601 667 2856 724 Secunda
2885 683 3012 724 vero
3041 683 3205 738 pars,
3236 684 3375 742 quae
3405 668 3676 741 affirmat,
3710 668 3849 727 hanc
3880 676 4030 741 pote·

2437 765 2633 813 statem
2652 758 2940 813 convenire
2969 758 3240 829 episcopis
3267 758 3385 815 iure
3415 758 3677 827 humano,
3703 760 3869 832 magis
3898 775 4032 815 con-

2435 853 2685 903 troversa
2723 852 2828 903 est.
2861 846 3039 919 Aliqui
3082 847 3225 903 enim
3266 847 3610 906 contendunt
3643 848 3844 906 habere
3886 849 4029 905 illam

2435 935 2502 992 de
2529 937 2646 993 iure
2675 936 2857 993 divino
2879 943 2936 993 et
2965 936 3270 994 immediate
3296 952 3328 994 a
3353 938 3596 1010 Christo,
3619 940 3869 1013 quamvis
3895 954 4030 995 cum

2435 1024 2883 1083 subordinatione
2928 1033 2984 1082 et
3022 1024 3371 1099 dependentia
3413 1045 3444 1084 a
3485 1044 3702 1086 summo
3744 1028 4026 1085 Pontifice.

2431 1117 2716 1174 Tribuitur
2741 1116 2952 1173 Victor.
2987 1116 3176 1173 relect.
3209 1122 3265 1174 2.
3295 1116 3369 1175 de
3391 1122 3666 1193 potestat.
3701 1116 4022 1183 Ecclesiae,

2432 1224 2487 1281 q.
2521 1214 2576 1265 2.
2609 1208 2660 1262 in
2703 1206 2838 1273 line3
2873 1206 2969 1263 sed
2999 1224 3057 1263 re
3098 1223 3260 1278 vera,
3289 1208 3333 1263 si
3374 1215 3581 1265 attente
3610 1209 3856 1280 legatur,
3887 1222 4030 1262 nun-

2431 1313 2599 1371 quam
2628 1295 2682 1352 id
2709 1312 2968 1368 expresse
2996 1295 3146 1368 dicit,
3179 1296 3306 1353 licet
3331 1297 3513 1353 favere
3540 1296 3790 1354 videatur
3809 1337 3826 1368 ,
3862 1302 3925 1353 ut
3951 1296 4032 1353 in-

2432 1388 2510 1444 l'ra
2536 1386 2737 1444 dicam.
2769 1387 3024 1458 Apertius
3051 1394 3107 1443 et
3136 1389 3298 1443 nimia
3323 1389 3744 1460 exaggeratione
3773 1386 3828 1443 id
3867 1384 4034 1441 tradit

2431 1478 2624 1534 Castro
2665 1474 2736 1533 de
2773 1479 2918 1533 iust.
2949 1476 3176 1534 haeret.
3201 1494 3353 1552 pun.
3385 1493 3509 1550 cap.
3543 1481 3637 1535 24.
3667 1476 3890 1548 dicens,
3935 1491 4033 1546 op-

2434 1569 2674 1640 positum
2727 1582 2848 1623 esse
2889 1574 3080 1623 contra
3120 1568 3360 1625 omnium
3401 1582 3687 1623 sacrorum
3735 1565 4036 1622 doctorum

2432 1656 2786 1729 sententiam,
2817 1655 3028 1713 nullum
3060 1672 3188 1713 vero
3215 1655 3480 1729 designat.
3515 1657 3576 1711 Ei
3618 1671 3747 1711 vero
3785 1654 4042 1711 adhaesit

2431 1747 2642 1806 Gabriel
2665 1747 2908 1819 vasquez
2941 1752 2986 1803 t.
3007 1750 3064 1817 2,
3090 1745 3294 1817 disput.
3330 1750 3456 1813 152,
3481 1748 3645 1817 capit.
3672 1746 4038 1817 &Potestque

2433 1837 2567 1893 haec
2607 1836 2870 1892 sententia
2909 1833 3125 1911 suaderi
3161 1850 3225 1891 ex
3264 1836 3536 1907 principiis
3574 1836 3786 1907 positis.
3822 1834 4034 1903 Primo,

2433 1927 2562 1998 quia
2591 1924 2820 1997 apostoli
2855 1924 3167 1981 habuerunt
3196 1924 3335 1981 hanc
3367 1930 3690 1996 potestatem
3719 1922 4032 1981 immediate

2432 2033 2463 2072 a
2491 2017 2740 2089 Christo,
2775 2014 2870 2071 sed
2898 2014 3140 2085 episcopi
3169 2019 3301 2071 sunt
3326 2013 3700 2086 apostolorum
3732 2028 4030 2070 successo·

2433 2122 2554 2176 res;
2586 2119 2720 2178 ergo
2749 2103 3059 2160 succedunt
3083 2105 3135 2159 in
3175 2102 3279 2161 hac
3306 2110 3575 2175 potestate
3601 2118 3667 2159 ex
3695 2104 3747 2158 vi
3783 2102 4042 2159 donatio-

2434 2198 2518 2252 nis
2540 2194 2763 2262 Christi,
2791 2209 2854 2249 ac
2880 2192 3108 2249 subinde
3132 2193 3198 2249 ab
3219 2193 3313 2249 illo
3334 2192 3640 2250 immediate
3659 2208 3780 2250 eam
3803 2192 4036 2260 habent,

2434 2301 2539 2341 non
2561 2300 2594 2341 a
2617 2283 2896 2341 Pontifice.
2926 2284 3089 2338 Maior
3112 2283 3290 2354 posita
3315 2282 3470 2339 estin
3499 2285 3675 2354 capite
3699 2280 4039 2353 praeceden-

2433 2378 2504 2433 ti:
2537 2374 2714 2431 minor
2741 2381 2929 2429 autem
2957 2374 3197 2443 proxime
3225 2374 3454 2443 probata
3479 2380 3568 2429 est
3600 2387 3667 2430 ex
3694 2373 3848 2445 iure,
3877 2377 3934 2427 et
3963 2387 4036 2426 ex

2434 2463 2670 2522 concilio
2703 2462 2926 2519 trident.
2953 2463 3363 2536 Consequentia,
3384 2462 3512 2519 item
3533 2465 3587 2517 in
3615 2462 3771 2519 simili
3799 2460 4030 2533 probata

2431 2562 2516 2612 est
2541 2569 2666 2625 cap.
2695 2553 2783 2609 lll.
2807 2551 3144 2608 Confirmant
3173 2552 3276 2607 hoc
3303 2567 3371 2608 ex
3401 2551 3579 2609 verbis
3605 2552 3802 2609 Christi
3831 2552 4028 2608 Matth.

2443 2648 2537 2700 18:
2585 2644 3004 2716 Quaecumque
3043 2638 3365 2713 ligaveritis
3405 2657 3582 2714 super
3619 2646 3865 2706 terram,
3900 2648 4021 2697 etc.

2432 2746 2576 2805 quae
2590 2746 2698 2787 non
2721 2736 2936 2787 tantum
2957 2728 3024 2785 ad
3046 2745 3304 2803 personas
3327 2731 3724 2803 apostolorum.
3749 2731 3844 2787 sed
3866 2731 4033 2787 etiam

2431 2820 2500 2877 ad
2539 2820 2822 2892 episcopos
2869 2834 3062 2875 eorum
3104 2835 3460 2876 successores
3497 2820 3642 2877 dicta
3683 2820 3857 2878 suere.
3889 2822 4032 2877 ltem

2431 2909 2705 2966 inducunt
2743 2908 2909 2965 verba
2948 2908 3150 2965 Christi
3192 2911 3330 2966 Luc.
3379 2916 3473 2969 10:
3523 2914 3644 2986 Qui
3679 2927 3781 2968 vos
3819 2910 4022 2972 audit.

2429 3016 2523 3057 me
2551 2998 2723 3058 audit
2735 3019 2758 3067 ,·
2781 3005 2837 3056 et
2864 3003 2964 3074 qui
2989 3016 3088 3057 vos
3113 3004 3360 3074 spernit,
3389 3009 3499 3058 etc.
3525 3004 3658 3059 Nam
3686 3001 3774 3058 illa
3794 3001 3862 3058 ad
3893 3019 4030 3075 apo-

2431 3091 2599 3148 stolos
2626 3098 2683 3147 et
2724 3104 2920 3147 eorum
2958 3105 3316 3147 successores
3358 3092 3664 3162 pertinent,
3695 3097 3757 3148 ut
3796 3091 4030 3149 tradunt

2428 3180 2732 3255 Cyprianus
2752 3178 2843 3235 lib.
2873 3180 3106 3251 4.epist.
3127 3184 3158 3236 9
3179 3220 3193 3249 ,
3219 3186 3277 3235 et
3309 3180 3532 3237 Basilius
3558 3181 3609 3237 in
3639 3185 3868 3237 constit.
3895 3198 4022 3237 πιο-

2430 3274 2590 3327 uast.
2623 3284 2675 3325 c.
2709 3272 2805 3339 23,
2834 3274 2890 3325 ει
2925 3266 3116 3325 eodem
3157 3268 3318 3326 modo
3359 3277 3592 3340 possunt
3627 3269 3812 3327 induci
3857 3271 4022 3328 verba

2430 3358 2578 3416 Pauli
2617 3360 2844 3415 Roman.
2885 3362 2984 3414 13:
3024 3358 3236 3415 Omnis
3263 3362 3476 3417 anima
3508 3360 3896 3429 potestatibus
3925 3378 4029 3419 su-

2427 3448 2790 3505 blimioribus
2811 3444 3052 3503 subdita
3077 3451 3172 3504 sit.
3198 3450 3330 3505 Nam
3359 3450 3520 3505 etiam
3545 3450 3614 3506 ibi
3639 3450 4024 3524 intelliguntur

2429 3546 2728 3611 potestates
2767 3536 3205 3608 ecclesiasticae,
3249 3546 3310 3595 ut
3348 3555 3540 3596 omnes
3583 3540 3846 3609 latentur,
3891 3543 4026 3615 quia

2430 3636 2560 3687 sunt
2589 3645 2747 3686 verae
2791 3636 3110 3699 potestates,
3143 3630 3282 3685 inter
3325 3628 3421 3685 has
3451 3637 3635 3686 autem
3673 3631 3902 3687 maxime
3944 3631 4030 3685 in-

2431 3721 2750 3793 telliguntur
2775 3719 3018 3790 episcopi
3043 3718 3147 3773 sub
3177 3719 3454 3776 Pontilice.
3473 3720 3712 3792 Denique
3741 3720 3914 3776 simile
3939 3728 4031 3777 est

2429 3810 2561 3867 illud
2583 3808 2650 3866 ad
2673 3808 2838 3867 Hebr.
2873 3813 2958 3866 13:
2997 3805 3242 3865 obedite
3260 3812 3619 3883 praepositis
3649 3814 3872 3877 vestris,
3907 3818 4025 3867 etc.

2505 3897 2782 3968 Secundo,
2814 3899 2942 3970 quia
2969 3912 3168 3953 munus
3195 3897 3503 3970 episcopale
3516 3904 3614 3967 ,est
3638 3898 3706 3955 de
3733 3902 3854 3956 iure
3883 3899 4026 3955 divi-

2430 4008 2499 4048 no
2524 4033 2541 4061 ,
2591 3998 2652 4047 ut
2689 4004 2974 4061 suppon03
3021 4002 3151 4059 ergo
3191 3987 3458 4061 quidquid
3495 3998 3581 4044 est
3607 3988 3898 4046 intrinsece
3929 3998 4026 4045 an-

2430 4096 2631 4137 nexum
2679 4079 2769 4135 tali
2817 4078 3068 4148 muneri,
3119 4083 3204 4133 est
3229 4076 3296 4133 de
3323 4079 3442 4134 iure
3471 4078 3679 4149 divin03
3724 4078 3820 4136 sed
3857 4080 4032 4135 iuris-

2430 4169 2598 4227 dictio
2647 4167 2714 4226 ad
2764 4167 3012 4224 serendas
3061 4166 3208 4238 leges
3253 4171 3341 4222 est
3387 4168 3692 4224 necessario
3723 4169 4028 4226 coniuncta

2427 4276 2558 4316 cum
2593 4258 2886 4330 episcopali
2918 4272 3162 4325 munere,
3195 4255 3324 4329 quia
3351 4273 3458 4313 non
3482 4263 3662 4328 potest
3688 4258 4023 4313 convenien-

2429 4358 2514 4407 ter
2554 4346 2825 4421 pastorale
2875 4361 3077 4403 munus
3127 4348 3376 4403 exerceri
3427 4348 3540 4404 sine
3590 4346 3682 4405 tali
3725 4354 4020 4419 potestate3

2425 4454 2584 4511 ergo.
2628 4439 2706 4493 lta
2747 4433 2888 4491 enim
2931 4451 3094 4506 supra
3133 4436 3564 4507 colligebamus,
3607 4438 3888 4495 Christum
3919 4437 4020 4493 de-

2427 4527 2568 4585 disse
2600 4524 2859 4598 apostolis
2887 4524 3312 4581 iurisdictionem
3345 4526 3674 4595 immediate,
3706 4530 3836 4600 quia
3863 4527 4020 4584 dedit

2429 4618 2533 4674 illis
2583 4613 2951 4687 apostolatum
2976 4654 2992 4685 ,
3045 4615 3136 4669 cui
3163 4624 3248 4669 est
3275 4616 3567 4673 intrinsece
3600 4618 3908 4674 necessaria
3933 4622 4021 4676 iu-

2429 4705 2714 4774 risdicti03
2765 4718 2897 4775 ergo
2947 4702 3102 4759 simili
3141 4706 3491 4775 proportione
3531 4708 3783 4778 procedit
3812 4710 3864 4763 in
3905 4713 4022 4781 epi-

2427 4797 2639 4868 scopis,
2673 4795 2862 4851 saltem
2902 4791 3082 4865 quoad
3125 4792 3553 4859 iurisdictionem
3596 4798 3672 4851 eis
3712 4802 4020 4870 proportio·

2427 4895 2630 4945 natam.
2649 4887 2831 4950 Dices,
2857 4884 3233 4953 episcopatum
3254 4900 3372 4939 esse
3400 4884 3466 4941 de
3491 4885 3604 4943 iure
3625 4886 3809 4944 divino
3831 4890 4018 4962 quoad

2425 4976 2896 5035 consecrationem
2951 4979 3006 5028 et
3055 4980 3377 5044 potestatem
3429 4975 3662 5042 ordinis,
3717 4994 3829 5034 non
3879 4996 4016 5037 vero

2426 5068 2602 5141 quoad
2643 5064 3017 5137 episcopatum
3048 5063 3246 5136 ipsum,
3281 5071 3342 5121 ut
3362 5065 3590 5123 includit
3616 5082 3806 5123 curam
3832 5076 3886 5124 et
3911 5088 4018 5141 gu-

2426 5154 2812 5215 bernationem.
2861 5152 2966 5211 Sed
3018 5159 3206 5209 contra
3256 5154 3360 5211 hoc
3409 5156 3593 5212 obstat
3643 5158 3846 5229 prim03
3891 5176 4020 5216 nam

2427 5248 2629 5307 Paulus
2669 5246 2829 5304 dixit:
2863 5248 2937 5302 In
2964 5260 3078 5317 quo
3105 5261 3200 5302 vos
3225 5249 3426 5320 posuit
3467 5248 3728 5322 Spiritus
3770 5255 4020 5309 sanctus
