4325 6267
1750 389 1962 438 CAPUT
1989 385 2162 438 xvn.

312 503 552 580 obligare
589 507 850 584 AEtyopes
890 517 949 566 et
985 505 1176 584 lndos3
1211 511 1536 588 respondet,
1569 514 1924 572 concedendo

313 595 518 653 durum
557 598 779 671 quidem
817 605 870 655 et
909 602 1294 672 gravissimum
1333 621 1455 662 esse
1495 603 1703 676 dicere,
1734 621 1922 663 omnes

313 687 612 744 existentes
633 690 686 744 in
709 688 814 745 illis
835 689 1082 761 partibus
1103 698 1255 750 extra
1277 695 1502 752 Romam
1529 711 1761 768 peccare
1789 712 1920 754 con·

318 783 406 834 tra
437 775 610 851 legem
641 785 766 852 post
791 779 908 836 illos
937 797 1171 839 menses.
1204 782 1324 841 Sed
1357 802 1476 842 non
1500 803 1644 856 esse,
1681 789 1783 860 ait,
1813 785 1922 844 du-

313 881 460 923 rum
502 866 713 936 dicere,
751 867 904 943 quod
941 869 1285 944 obliqantur
1314 881 1454 949 post
1493 880 1737 952 tempus,
1771 875 1924 950 quod

313 960 408 1014 vir
443 957 630 1017 bonus
662 962 784 1017 sive
807 959 995 1018 iudex
1021 963 1418 1022 arbitrabitur
1443 982 1566 1024 esse
1593 965 1910 1041 sufficiens,

309 1052 381 1104 ut
403 1046 518 1115 illi,
545 1045 616 1106 de
637 1049 846 1124 quibus
865 1055 1188 1124 quaeritur,
1211 1058 1421 1123 sciant,
1443 1060 1674 1115 attenta
1691 1055 1921 1115 distan-

306 1140 405 1196 tia
425 1141 783 1212 provinciae,
803 1142 1170 1215 etqualitate
1198 1142 1356 1218 leyis,
1384 1151 1440 1203 et
1443 1144 1790 1220 frequentia
1811 1149 1913 1205 Ιιο·

309 1231 549 1287 minum
579 1228 738 1288 illius
761 1235 1109 1306 provinciae
1133 1231 1540 1294 habitantium
1566 1241 1791 1297 Romae
1815 1284 1829 1306 ,
1863 1243 1921 1294 et

307 1322 666 1378 venientium
692 1321 778 1379 ad
816 1339 984 1392 eam,
1017 1328 1074 1381 et
1108 1324 1486 1384 redeuntium
1524 1329 1602 1387 ab
1629 1343 1729 1398 ea,
1763 1329 1920 1403 quod

311 1415 402 1466 est
415 1414 791 1486 aptissimum
817 1419 1345 1488 temperamentum
1365 1418 1661 1478 dictorum
1679 1423 1746 1477 in
1759 1419 1918 1478 dicto

309 1515 450 1577 cap.
477 1501 542 1558 2.
565 1501 637 1561 de
663 1509 962 1563 constitut.
993 1508 1138 1564 Haec
1160 1511 1456 1568 Navarrus.
1484 1513 1586 1569 Per
1609 1526 1750 1586 quae
1773 1513 1918 1570 vide-

313 1599 408 1654 tur
428 1593 576 1651 clare
603 1595 675 1653 ita
695 1611 966 1668 exponere
991 1614 1342 1657 communem
1363 1603 1708 1676 sententiam,
1729 1609 1913 1660 utnon

307 1682 648 1758 intelligatur
675 1686 742 1743 de
770 1686 1121 1762 obligatione,
1147 1705 1288 1763 quae
1315 1693 1368 1748 in
1401 1699 1676 1750 momento
1697 1695 1789 1750 fiat
1819 1709 1916 1765 pro

309 1775 563 1833 omnibus
593 1777 724 1834 locis
751 1778 1076 1838 distantibus
1095 1824 1109 1852 ,
1139 1783 1235 1840 sed
1261 1783 1400 1840 intra
1431 1791 1650 1858 tempus
1679 1785 1915 1858 pruden-

311 1869 396 1921 ter
414 1866 857 1926 existimandum.
884 1869 1040 1937 Quod
1069 1873 1316 1944 prolecto
1338 1877 1468 1931 satis
1487 1876 1650 1932 etiam
1678 1874 1918 1934 indicant

307 1954 604 2014 Panormit.
638 1974 827 2033 supra,
858 1975 914 2017 n.
954 1963 1005 2019 7.
1039 1968 1095 2018 et
1122 1967 1176 2037 8,
1205 1969 1261 2020 et
1280 1965 1500 2023 Felinus
1521 1981 1576 2023 n.
1608 1969 1660 2034 1,
1685 1972 1742 2024 et
1762 1968 1910 2026 Bart.

311 2043 434 2104 inl.
463 2061 664 2105 omnes
691 2048 929 2125 populi,
964 2051 1020 2108 ff.
1050 2050 1118 2109 de
1143 2054 1314 2111 iustit.
1345 2061 1401 2111 et
1426 2057 1537 2113 iur.
1578 2072 1634 2130 q.
1671 2062 1721 2114 5.
1755 2059 1912 2132 Nam,

311 2134 534 2194 seclusa
574 2137 706 2212 legis
745 2138 1195 2200 determinatione
1221 2151 1372 2202 certa
1396 2151 1453 2202 et
1478 2146 1810 2223 sufficiente,
1840 2147 1919 2205 di-

311 2232 478 2299 cunt,
509 2226 890 2302 obligationem
931 2247 1052 2288 esse
1088 2232 1436 2292 iudicandam
1477 2237 1735 2307 prudenti
1775 2238 1915 2295 arbi-

311 2318 439 2390 trio,
467 2318 626 2375 iuxta
649 2326 866 2393 ternpus
894 2323 1172 2382 moraliter
1200 2327 1604 2400 necessarium,
1637 2333 1701 2384 ut
1731 2328 1918 2386 notitia

311 2403 445 2478 legis
473 2415 660 2479 posset
686 2408 756 2467 ad
783 2410 906 2468 loca
931 2410 1192 2470 distantia
1219 2417 1520 2486 pervenire.
1553 2416 1702 2474 Idem
1729 2419 1915 2476 viden·

313 2501 408 2552 tur
437 2497 671 2556 sensisse
693 2499 752 2557 d.
777 2501 968 2559 Thom.
990 2509 1048 2561 et
1065 2504 1232 2562 Caiet.
1257 2504 1380 2563 loeo
1405 2506 1666 2582 allegat03
1696 2509 1765 2566 ad
1786 2509 1918 2568 obli-

311 2587 586 2658 gationem
613 2591 757 2647 enim
793 2591 926 2666 legis
953 2595 1274 2671 requirunt,
1315 2603 1380 2654 ut
1414 2599 1606 2655 notitia
1640 2599 1773 2672 legis
1801 2615 1916 2658 mo·

313 2677 500 2735 raliter
529 2683 814 2752 pervenire
842 2687 1047 2757 possit,
1081 2687 1176 2744 ubi
1206 2688 1391 2746 sutura
1427 2698 1513 2748 est
1547 2689 1818 2766 obligatio.
1847 2695 1918 2751 Et

315 2771 627 2840 expressius
649 2772 720 2829 ibi
742 2772 938 2831 Medin.
964 2776 1146 2834 concl.
1167 2783 1220 2836 5.
1235 2777 1390 2852 dixit,
1413 2779 1558 2855 leges
1580 2786 1712 2840 tunc
1733 2790 1790 2840 et
1809 2801 1914 2842 non

315 2869 438 2916 ante
467 2875 594 2919 esse
629 2863 961 2923 sufficienter
996 2869 1400 2946 promulgatas,
1436 2871 1654 2945 quando
1686 2874 1764 2932 sic
1791 2891 1916 2949 pro-

315 2951 520 3021 positae
550 2960 699 3025 sunt,
733 2960 798 3012 ut
818 2956 1095 3015 moraliter
1121 2958 1393 3032 loquendo
1425 2962 1480 3017 in
1512 2963 1756 3021 omnium
1780 2966 1917 3023 noti·

315 3043 444 3098 tiam
465 3045 748 3114 pervenire
776 3045 1008 3106 valeant.

399 3136 452 3190 6.
484 3133 674 3191 Potest
699 3142 980 3208 praeterea
1006 3137 1142 3196 baec
1172 3142 1400 3199 assertio
1427 3143 1568 3199 sumi
1596 3159 1660 3200 ex
1688 3160 1810 3219 cap.
1862 3150 1912 3204 1.

315 3221 386 3278 de
412 3238 674 3280 concess.
711 3227 970 3298 praeben.
1001 3230 1056 3285 in
1089 3233 1142 3288 6.
1174 3231 1276 3288 ibi:
1308 3236 1460 3301 Lem,
1506 3251 1608 3292 seu
1643 3241 1918 3295 constitu.-

315 3317 428 3381 τεο.
467 3319 523 3372 et
561 3316 924 3376 mandatum
968 3319 1166 3378 nullos
1206 3325 1569 3396 astrinqunt,
1606 3329 1724 3384 m'si
1757 3335 1919 3401 post-

315 3419 500 3478 quam
519 3405 606 3464 ad
623 3411 903 3467 notitiam
914 3415 1284 3486 pervenerint
1308 3414 1660 3486 eorumdem,
1680 3422 1790 3476 aut
1806 3421 1922 3493 ipsi

311 3501 450 3570 post
473 3501 720 3572 tempus,
751 3503 920 3558 intra
943 3499 1098 3575 quod
1120 3505 1393 3576 iynorari
1421 3509 1662 3564 minime
1688 3507 1918 3566 debuis-

313 3591 463 3643 sent.
487 3587 636 3656 Quae
665 3591 860 3647 ultima
885 3591 1052 3650 verba
1077 3593 1313 3652 notanda
1339 3604 1490 3672 sunt3
1517 3599 1716 3656 namin
1737 3598 1815 3655 eis
1837 3616 1923 3658 sa-

313 3677 388 3734 tis
415 3678 682 3752 significat
709 3682 955 3740 Pontifex
976 3681 1192 3760 „legem
1225 3702 1333 3743 non
1365 3686 1633 3761 obligare,
1665 3688 1763 3745 nisi
1793 3697 1920 3769 post

317 3767 595 3827 sufficiens
619 3775 836 3844 tempus
858 3772 1134 3846 elapsum,
1161 3774 1302 3834 intra
1323 3775 1468 3851 quod
1491 3778 1773 3836 moraliter
1796 3781 1925 3838 sciri

315 3867 540 3936 posset3
570 3877 696 3920 nam
731 3862 866 3920 illud
897 3870 1016 3937 est,
1042 3867 1098 3921 in
1137 3881 1248 3940 quo
1286 3868 1537 3941 ignorare
1575 3871 1794 3928 minime
1832 3870 1924 3929 de-

261 4019 266 4023 ,
317 3947 549 4008 buisset.
581 3952 770 4027 Neque
801 3961 996 4013 contra
1023 3955 1165 4014 hanc
1197 3959 1551 4017 assertionem
1583 3960 1763 4019 obstat
1788 3963 1922 4020 ratio

314 4036 468 4098 tacta
501 4043 552 4098 in
580 4045 758 4116 prima
786 4047 1072 4122 sententia,
1113 4047 1242 4122 quia
1270 4048 1400 4106 licet
1427 4049 1593 4108 semel
1616 4053 1927 4127 promulga-

318 4137 380 4186 ta
407 4132 476 4189 sit
505 4127 634 4191 verb
660 4129 779 4208 lex,
816 4142 873 4194 et
916 4136 1115 4195 habeat
1147 4139 1254 4196 vim
1296 4139 1564 4214 obligandi
1604 4144 1922 4216 perfectam,

324 4235 437 4277 non
465 4230 644 4280 tamen
677 4226 856 4283 statim
887 4228 971 4288 vel
996 4227 1158 4285 simul
1179 4229 1486 4302 applicatur
1509 4232 1840 4292 sufficienter
1859 4233 1927 4291 ad

322 4311 620 4388 agendum,
651 4324 713 4373 ut
743 4317 822 4374 sic
850 4317 1053 4391 dicam,
1087 4319 1140 4375 in
1169 4309 1292 4378 loca
1317 4319 1595 4397 distantia,
1613 4331 1668 4382 et
1687 4323 1806 4383 ideo
1833 4324 1926 4382 de-

321 4402 415 4459 bet
441 4408 760 4464 successive
788 4406 1015 4480 deferri,
1046 4417 1102 4466 et
1128 4410 1401 4484 applicari.
1419 4413 1608 4486 Neque
1636 4419 1927 4488 propterea

323 4493 431 4552 erit
462 4511 724 4572 necesse,
756 4499 898 4557 utin
942 4501 1172 4574 singulis
1209 4502 1501 4575 provinciis
1538 4504 1628 4560 fiat
1660 4520 1804 4562 nova
1839 4523 1930 4563 so-

327 4584 520 4644 lemnis
559 4590 926 4664 promulgatio
971 4591 1077 4666 (ut
1119 4593 1234 4650 sine
1273 4607 1442 4652 causa
1481 4593 1688 4669 colligit
1723 4596 1930 4654 Medina

325 4678 486 4736 etiam
515 4695 616 4753 pro
649 4680 860 4755 legibus
902 4683 1208 4755 pontificiis,
1253 4682 1320 4740 de
1363 4683 1564 4758 quibus
1603 4685 1740 4744 infra
1779 4685 1926 4745 dice-

325 4771 508 4844 mus);
541 4787 664 4829 nam
691 4787 758 4830 ex
786 4778 984 4830 natura
1011 4775 1108 4842 rei,
1139 4780 1203 4831 ut
1223 4791 1371 4832 nunc
1401 4774 1700 4849 loquimur,
1731 4779 1931 4836 sufficit

330 4857 416 4915 illa
439 4861 612 4936 prior,
641 4869 699 4920 et
723 4877 820 4936 per
860 4865 1101 4936 eos,·qui
1139 4880 1260 4922 eam
1301 4866 1550 4938 audiunt,
1582 4865 1650 4923 ad
1688 4866 1823 4924 alios
1851 4867 1929 4926 di-

332 4956 539 5007 stantes
565 4950 844 5010 deseratur
871 4995 884 5024 ,
921 4961 982 5012 ut
1011 4953 1066 5011 d.
1097 4954 1328 5012 Thomas
1357 4957 1680 5029 significavit
1715 4956 1924 5034 dicens,

330 5041 458 5097 satis
485 5057 628 5117 esse,
661 5045 811 5117 quod
841 5045 1030 5102 notitia
1059 5045 1192 5119 legis
1221 5062 1317 5119 per
1343 5046 1476 5102 alios
1507 5049 1683 5120 possit
1707 5063 1928 5121 compa-

329 5133 460 5189 rari.
495 5133 549 5190 Si
579 5142 764 5194 autem
795 5150 904 5192 non
933 5135 1112 5194 solum
1143 5153 1251 5194 non
1280 5137 1374 5196 liat
1393 5153 1532 5195 nova
1553 5137 1848 5211 publicatio
1870 5141 1926 5196 in

328 5221 660 5282 distantibus
687 5225 851 5300 locis;
884 5241 1076 5284 verum
1107 5227 1268 5284 etiam
1307 5243 1408 5285 nec
1436 5225 1777 5286 concedatur
1813 5228 1928 5286 sus·

327 5313 515 5372 ticieus
544 5321 792 5392 tempus,
825 5323 886 5376 ut
911 5317 1211 5392 publicatio
1239 5318 1440 5376 alicubi
1478 5320 1625 5378 sacta
1659 5321 1828 5393 possit
1859 5319 1925 5378 ad

3390 373 3515 438 223

1996 515 2113 573 loca
2143 525 2347 573 remota
2372 519 2653 588 pervenire
2674 559 2688 586 ,
2719 532 2826 574 non
2856 516 3047 589 video,
3077 516 3355 590 quomodo
3383 517 3594 592 possint

1992 607 2237 663 homines
2263 607 2555 664 existentes
2578 609 2632 663 in
2652 606 2756 664 illis
2783 610 3007 669 remotis
3030 608 3165 665 locis
3186 608 3435 682 obligari,
3458 623 3587 667 cum

1990 697 2319 768 impossibile
2366 697 2469 753 illis
2510 697 2579 753 sit
2619 695 2818 754 babere
2858 698 3003 758 illius
3040 697 3171 771 legis
3216 698 3493 769 notitiam,
3534 704 3591 756 et

1989 795 2393 861 consequenter
2427 787 2808 845 invincibiliter
2846 788 2993 846 illam
3020 790 3313 863 ignorent,
3340 805 3445 846 non
3466 797 3587 848 tan-

1986 884 2105 934 tum
2143 895 2209 936 ex
2250 877 2550 951 accidenti,
2584 878 2689 936 ‘sed
2726 880 2889 936 etiam
2928 895 3026 954 per
3066 895 3155 952 se,
3190 879 3463 938 moraliter
3506 880 3586 938 lo-

1991 967 2228 1042 quendo.

2073 1062 2126 1118 7.
2156 1061 2239 1117 Ex
2266 1060 2465 1134 quibus
2494 1058 2694 1134 colligo
2732 1060 2935 1133 primo,
2969 1060 3117 1135 quod
3156 1059 3285 1118 licet
3323 1060 3405 1118 lex
3446 1059 3597 1119 dicat

1987 1166 2063 1208 ex
2082 1167 2261 1218 nunc,
2300 1150 2383 1207 vel
2412 1151 2688 1225 quidpiam
2716 1151 2912 1220 simile,
2946 1167 3055 1208 non
3077 1151 3200 1209 ideo
3224 1152 3410 1224 incipit
3432 1152 3590 1208 simul

1988 1240 2224 1314 obligare
2254 1242 2309 1297 in
2340 1246 2454 1298 toto
2487 1242 2791 1313 territorio,
2822 1257 2923 1313 pro
2953 1257 3064 1316 quo
3094 1241 3270 1298 fertur
3289 1284 3303 1312 ,
3332 1241 3463 1315 quia
3502 1241 3591 1298 lex

1989 1329 2227 1388 humana
2255 1333 2406 1388 sicut
2435 1347 2539 1388 non
2570 1338 2751 1404 potest
2779 1331 3022 1405 obligare
3044 1331 3112 1389 ad
3136 1331 3486 1405 impossibile,
3518 1334 3595 1390 ita

1987 1436 2087 1478 nec
2118 1428 2299 1492 potest
2324 1420 2564 1495 obligare
2593 1421 2753 1479 modo
2779 1421 3097 1495 impossibili
3127 1437 3226 1479 nec
3256 1422 3406 1480 circa
3426 1422 3588 1479 talem

1987 1510 2213 1568 modum
2246 1511 2448 1585 aliquid
2478 1519 2753 1583 statuere,
2783 1511 2933 1586 quod
2962 1519 3235 1584 repugnet
3262 1528 3393 1570 cum
3420 1513 3586 1568 ratio·

1985 1617 2052 1658 ne
2079 1601 2345 1659 naturali:
2378 1609 2658 1660 ostensum
2688 1608 2873 1659 autem
2892 1611 2999 1674 est,
3023 1601 3179 1658 illum
3202 1601 3427 1659 modum
3452 1601 3591 1658 obli·

1987 1691 2146 1764 gandi
2176 1708 2295 1749 esse
2324 1693 2733 1767 impossibilem,
2760 1701 2817 1751 et
2841 1701 3037 1752 contra
3066 1694 3337 1752 rationem
3367 1701 3594 1752 natura-

1985 1768 2132 1857 lem3
2163 1799 2297 1856 ergo
2327 1799 2436 1841 non
2464 1790 2650 1857 potest
2672 1783 2760 1840 ille
2795 1800 2917 1842 esse
2947 1800 3142 1842 sensus
3181 1783 3371 1842 talium
3400 1784 3595 1842 verbo-

1985 1889 2134 1932 rum.
2169 1877 2373 1933 Sensus
2401 1891 2534 1950 ergo
2562 1881 2678 1951 est,
2708 1882 2774 1933 ut
2799 1891 2874 1934 ex
2901 1887 3090 1942 nunc,
3126 1875 3180 1933 id
3206 1883 3292 1933 est
3318 1881 3384 1932 ut
3409 1876 3593 1933 statim

1985 1979 2050 2021 ae
2079 1964 2163 2022 lex
2206 1965 2589 2040 promulgatur
2628 1965 2677 2022 in
2720 1966 2844 2024 loco
2884 1965 3099 2039 debito,
3134 1966 3247 2023 sine
3289 1965 3399 2024 ulla
3440 1979 3597 2023 mora

1985 2054 2226 2129 obligare
2256 2057 2475 2129 incipiat
2499 2071 2718 2129 omnes,
2750 2055 2817 2112 ad
2857 2071 3098 2130 quorum
3130 2057 3377 2114 notitiam
3407 2071 3591 2114 mora-

1993 2143 2114 2202 liter
2143 2145 2396 2204 devenire
2435 2152 2635 2219 potest,
2678 2152 2736 2204 et
2772 2162 2850 2204 eoe
2888 2151 3031 2204 tunc
3068 2149 3231 2204 etiam
3272 2146 3594 2205 extendatur

1985 2233 2235 2308 obligatio
2264 2236 2333 2294 ad
2364 2251 2575 2310 omnes,
2603 2243 2770 2309 prout
2797 2237 3036 2294 creverit
3062 2238 3226 2294 etiam
3248 2237 3465 2311 moralis
3494 2253 3591 2310 po-

1985 2330 2158 2402 testas
2197 2325 2529 2383 diffundendi
2568 2327 2811 2385 notitiam
2847 2329 2915 2386 ad
2956 2344 3164 2386 omnes.
3196 2329 3267 2386 Et
3303 2327 3421 2385 ideo
3450 2328 3588 2385 dixit

1983 2413 2193 2473 Medina
2220 2432 2409 2489 supra,
2442 2418 2933 2491 promulgationem
2962 2419 3097 2492 legis
3126 2434 3236 2476 non
3272 2420 3381 2476 fieri
3412 2420 3467 2476 in
3500 2418 3580 2475 in-

1983 2507 2171 2578 stanti,
2200 2513 2295 2564 aut
2320 2509 2376 2563 in
2404 2522 2573 2580 parvo
2602 2515 2868 2581 tempore,
2888 2508 2983 2566 sed
3012 2509 3065 2564 in
3092 2510 3352 2583 temporis
3375 2511 3573 2582 spatio,

1983 2611 2094 2668 quo
2122 2597 2297 2669 possit
2323 2594 2391 2653 ad
2418 2599 2668 2656 notitiam
2696 2600 2941 2656 omnium
2969 2598 3414 2669 devenire.Quod
3443 2615 3575 2658 sano

1981 2685 2145 2743 modo
2174 2687 2508 2746 intellectum
2538 2689 2667 2746 mibi
2694 2691 2851 2748 valde
2893 2689 3110 2764 placet3
3142 2706 3267 2748 nam
3310 2689 3439 2748 licet
3477 2706 3585 2763 pu-

1981 2775 2201 2836 blicatio
2230 2779 2405 2851 prima
2432 2780 2683 2837 solemnis
2712 2780 2858 2838 brevi
2888 2788 3127 2854 tempore
3152 2782 3263 2853 liat,
3290 2788 3346 2840 et
3364 2782 3589 2840 finiatur

1983 2867 2237 2945 physice,
2272 2877 2335 2928 ut
2360 2871 2439 2928 sic
2482 2871 2661 2928 dicam
2681 2892 2696 2945 ς
2714 2876 2905 2928 tamen
2933 2887 3043 2929 non
3070 2877 3332 2929 censetur
3363 2871 3586 2930 morali-

1986 2963 2068 3015 ter
2094 2974 2216 3017 esse
2242 2960 2543 3038 completa,
2584 2959 2759 3019 donec
2798 2978 2966 3019 sonus
3003 2963 3121 3020 eius
3157 2963 3331 3034 possit
3358 2961 3427 3020 ad
3454 2962 3584 3021 loca

1983 3047 2235 3107 distantia
2260 3053 2563 3125 pervenire,
2594 3051 2741 3125 quod
2763 3068 2870 3109 non
2899 3053 2957 3108 fit
2974 3067 3145 3124 parvo
3180 3058 3447 3126 tempore,
3471 3054 3584 3110 imo

1985 3156 2087 3198 nec
2107 3147 2259 3198 certo
2287 3157 2351 3198 ac
2373 3140 2761 3216 determinato,
2789 3141 2885 3200 s'ed
2914 3143 3165 3216 prudenti
3194 3144 3415 3201 arbitrio
3442 3159 3585 3216 opus

1983 3235 2089 3302 est,
2117 3237 2185 3288 ut
2207 3230 2463 3289 doctores
2491 3248 2659 3304 supra
2686 3231 2898 3305 allegati
2924 3232 3197 3291 dixerunt.
3216 3233 3361 3290 Haec
3390 3239 3578 3291 autem

1985 3320 2329 3396 intelligenda
2358 3329 2488 3380 sunt
2506 3321 2573 3380 de
2600 3322 2926 3396 obligatione
2954 3323 3111 3399 legis,
3144 3329 3207 3381 ut
3232 3323 3284 3380 in
3312 3323 3582 3397 principio

1986 3411 2121 3484 dixi,
2151 3428 2280 3470 nam
2310 3413 2353 3468 si
2382 3429 2561 3470 sermo
2590 3413 2658 3470 sit
2686 3411 2754 3471 de
2781 3411 2896 3471 aliis
2922 3413 3206 3471 effectibus
3226 3453 3243 3486 ,
3278 3421 3341 3472 ut
3366 3413 3433 3471 de
3461 3416 3583 3470 irri-

1988 3504 2191 3560 tatione
2222 3508 2403 3576 actus,
2433 3502 2519 3560 vel
2558 3501 2625 3560 de
2665 3518 2839 3575 poena
2880 3504 2997 3577 ipso
3035 3503 3183 3561 tacto
3224 3502 3584 3574 incurrentia,

1989 3598 2315 3666 potestesse
2342 3593 2577 3666 speciale
2604 3591 2834 3651 dubium
2860 3593 2927 3651 de
2956 3611 3123 3652 sensu
3150 3592 3293 3651 illius
3332 3594 3579 3667 particu-

1989 3681 2072 3739 lae
2097 3698 2175 3740 ex
2202 3688 2358 3752 tunc,
2395 3682 2463 3740 de
2490 3698 2603 3758 quo
2623 3684 2761 3742 infra
2784 3684 2897 3742 suis
2918 3684 3077 3758 locis,
3103 3689 3159 3742 et
3176 3684 3341 3757 paulo
3364 3683 3586 3742 inferius

1988 3772 2194 3846 aliquid
2223 3771 2491 3832 adiiciam.

2071 3870 2123 3924 8.
2148 3863 2403 3922 Secundo
2426 3864 2620 3938 iniero,
2634 3863 2783 3939 quod
2802 3865 2934 3923 licet
2952 3864 3229 3940 legislator
3250 3866 3303 3924 in
3326 3865 3445 3939 ipsa
3469 3866 3587 3947 lege

1989 3952 2235 4028 designet
2268 3969 2526 4029 expresse
2566 3962 2782 4012 certum
2825 3961 3063 4028 tempus,
3104 3960 3174 4038 at
3212 3971 3287 4014 ex
3322 3959 3468 4014 tune
3499 3957 3587 4014 lex

1993 4045 2215 4118 obliget,
2247 4060 2462 4117 semper
2487 4035 2647 4103 estid
2679 4045 3055 4118 accipiendum
3096 4046 3180 4103 vel
3210 4037 3395 4120 quoad
3436 4048 3587 4105 inse.-

1990 4137 2229 4211 ptionem
2250 4135 2609 4210 obligationis,
2637 4137 2722 4194 vel
2750 4136 2935 4211 quoad
2963 4135 3049 4193 illa
3076 4136 3221 4210 loca,
3247 4153 3346 4210 pro
3374 4135 3587 4210 quibus

1991 4233 2207 4285 tantum
2256 4235 2469 4300 tempus
2505 4227 2785 4286 moraliter
2827 4228 3073 4300 sufficit3
3123 4227 3586 4304 frequentiusque

1993 4317 2083 4376 illa
2121 4317 2307 4376 dilatio
2348 4319 2570 4391 ponitur
2610 4319 2677 4377 ad
2716 4317 3156 4392 suspendendum
3197 4319 3585 4392 obligationem

1992 4411 2135 4467 intra
2157 4407 2289 4466 illud
2315 4415 2551 4482 tempus,
2574 4409 2735 4466 etiam
2758 4425 2860 4482 pro
2880 4409 2985 4466 illis
3012 4410 3165 4485 locis,
3188 4411 3241 4467 in
3264 4410 3469 4484 quibus
3497 4407 3584 4467 lex

1989 4505 2182 4574 posset
2204 4513 2269 4557 ex
2298 4506 2495 4557 natura
2520 4501 2603 4557 rei
2630 4499 2867 4575 obligare
2897 4517 2929 4559 a
2954 4507 3163 4574 puncto
3190 4500 3581 4576 promulgatio-

1995 4593 2099 4663 nis,
2130 4591 2229 4647 nisi
2260 4590 2537 4664 legislator
2558 4590 2705 4648 illam
2727 4595 3111 4667 restringeret,
3144 4599 3207 4650 ut
3224 4599 3374 4666 patet
3391 4608 3457 4652 ex
3477 4596 3587 4651 Au-

1991 4682 2232 4740 thentica
2260 4679 2557 4754 Utsactae
2579 4697 2763 4740 novae
2783 4671 3247 4751 constitutiohes,
3278 4699 3446 4758 quam
3474 4693 3586 4740 sta-

1994 4774 2090 4830 tim
2119 4773 2497 4831 tractabimus.
2527 4773 2596 4830 Et
2624 4778 2755 4830 tunc
2784 4772 2867 4830 lex
2894 4775 3114 4847 incipiet
3148 4773 3387 4847 obligare
3430 4774 3579 4830 linito

1995 4864 2083 4921 illo
2126 4871 2403 4936 tempore,
2434 4863 2703 4937 simulque
2735 4863 2991 4937 obligabit
3028 4865 3082 4920 in
3124 4869 3238 4922 toto
3277 4865 3581 4935 territorio,

1996 4955 2039 5010 si
2068 4960 2281 5026 tempus
2310 4953 2442 5010 illud
2470 4955 2539 5012 sit
2568 4952 2840 5010 sufficiens
2879 4953 2946 5010 ad
2984 4953 3409 5028 divulgationem
3446 4953 3581 5027 legis

1991 5058 2090 5116 per
2122 5049 2299 5102 totum
2320 5042 2622 5112 illud.Quia
2645 5042 2778 5101 haec
2800 5050 2888 5102 est
2910 5044 3131 5101 intentio
3158 5043 3348 5101 talium
3372 5043 3580 5120 legum,

1995 5141 2052 5192 et
2079 5133 2206 5192 nibil
2234 5133 2457 5192 involvit
2481 5149 2791 5208 repugnans
2827 5135 2931 5209 legi
2970 5134 3227 5192 naturali.
3260 5135 3329 5192 Et
3354 5134 3431 5192 ita
3458 5149 3582 5191 sen·
3686 5161 3699 5174 ·

1993 5227 2062 5283 tit
2089 5230 2275 5299 aperte
2300 5225 2525 5282 Navarr.
2559 5221 2705 5282 dicta
2732 5239 2787 5299 q.
2820 5227 2878 5297 4,
2908 5241 2962 5282 n.
3004 5227 3089 5284 17.
3121 5226 3177 5285 Si
3208 5239 3341 5282 vero
3364 5231 3581 5297 tempus

1995 5317 2124 5376 illud
2153 5333 2261 5374 non
2289 5315 2492 5373 sufficit
2520 5331 2618 5388 pro
2647 5315 2781 5374 locis
2820 5315 3254 5390 distantior-ibus,
3284 5314 3467 5390 quoad
3492 5315 3582 5376 illa
