4325 6267
1827 326 2040 380 CAPUT
2055 327 2163 378 »XI-

338 462 498 536 quod
538 465 727 523 statim
765 463 1106 538 explicatur,
1135 461 1266 536 quia
1305 458 1638 520 inducebant
1673 455 1942 532 populum

347 553 422 611 ad
451 553 598 612 idola
625 554 886 628 colenda,
913 560 970 612 et
995 553 1212 610 similia.

859 739 882 762 ‘
922 744 1200 816 CAPUT
1243 744 1361 813 xl.

346 957 572 1015 Utrum
583 954 734 1029 finis
757 957 1065 1030 potestatis
1094 959 1150 1012 et
1175 951 1316 1027 leq-ts
1345 949 1563 1020 civilis,
1585 953 1764 1026 prout
1783 964 1945 1006 ’tunc

423 1051 514 1103 est
553 1048 622 1102 in
655 1044 958 1112 Ecclesia,
993 1049 1071 1102 sit
1099 1043 1258 1102 alius
1286 1060 1329 1102 a
1349 1041 1480 1117 fine
1506 1039 1766 1100 eiusdem
1783 1045 1946 1116 pote-

423 1138 597 1194 statis
625 1141 682 1194 et
709 1133 878 1210 lagjis,
912 1140 982 1193 ut
1005 1139 1072 1193 in
1092 1150 1258 1212 pura
1281 1138 1539 1201 natura,
1568 1130 1659 1190 vel
1679 1135 1744 1191 tn
1760 1135 1944 1207 9878ιὶ-

424 1224 533 1282 bus
559 1228 816 1302 spectari
832 1231 1048 1301 potest.

887 1403 1420 1482 summarium

345 1603 402 1657 1.
427 1603 605 1655 Finem
627 1605 758 1656 iuris
783 1605 954 1657 civilis
977 1605 1211 1657 eumdem
1234 1607 1348 1656 esse
1371 1617 1430 1655 ac
1455 1602 1605 1653 ilnem
1637 1601 1768 1653 iuris
1799 1612 1950 1652 cano-

420 1677 522 1726 nici
540 1675 818 1727 Fortunius
836 1677 1097 1740 opinatur.
1108 1674 1236 1725 —2.
1251 1675 1597 1727 Fundamenta
1621 1672 1948 1724 Fortunii.—

420 1741 474 1794 3.
494 1746 677 1811 Opinio
707 1759 837 1798 nova
867 1746 1206 1796 Fortunii.--
1230 1747 1424 1809 Duplex
1455 1744 1677 1795 felicitas
1707 1743 1946 1805 hominis,

418 1817 556 1866 vitae
579 1817 864 1880 praesentis
886 1823 940 1866 et
967 1816 1192 1879 futurae,
1229 1824 1283 1868 et
1318 1821 1538 1878 utraque
1574 1815 1626 1864 in
1659 1813 1948 1864 naturalem

414 1885 660 1938 distincta
695 1894 750 1938 et
780 1887 1242 1951 supernaturalem.
1265 1913 1337 1924 —
1353 1886 1590 1936 Dubium.
1612 1911 1684 1922 --
1710 1883 1948 1935 Occurri-

421 1959 673 2009 tur.—4.
696 1957 976 2008 Discrimen
1001 1956 1270 2008 habituum
1295 1956 1606 2007 naturalium
1629 1960 1684 2004 et
1707 1965 1951 2018 superna-

419 2027 833 2079 turalium—5.
859 2027 1089 2078 Secunda
1123 2025 1571 2079 concinam—Ex
1603 2024 1655 2074 d.
1683 2023 1870 2079 Thoma
1894 2025 1950 2074 in

419 2096 546 2161 quid
569 2097 840 2148 ordinatur
860 2097 1034 2148 divina
1059 2098 1140 2147 lex
1165 2097 1536 2162 principaliter,
1564 2100 1619 2146 et
1637 2096 1691 2146 in
1710 2093 1836 2158 quid
1854 2093 1950 2143 hu-

421 2168 730 2219 mana.—6.
758 2168 931 2218 Tertia
957 2167 1474 2219 conclusum—Ratio
1508 2165 1951 2217 conclusionis-

422 2237 473 2287 7.
502 2231 744 2300 Regimen
771 2237 1044 2289 humanum
1065 2232 1148 2288 est'
1183 2238 1386 2303 triplex:
1426 2236 1715 2301 politicum,
1749 2248 1952 2286 oecono-

417 2307 607 2357 micum
631 2314 686 2358 et
709 2309 1389 2360 monasticum.—Potestas
1414 2307 1590 2376 civilis.
1609 2320 1709 2358 non
1732 2307 1952 2356 multum

419 2383 571 2428 curat
595 2377 660 2428 de
685 2379 886 2430 actibus
915 2379 1296 2430 internis—8.
1323 2377 1554 2431 Secunda
1589 2390 1708 2443 pars
1743 2376 1950 2430 conclu·

420 2448 580 2501 sionis
603 2450 852 2514 probatur
875 2461 938 2500 ex
961 2449 1209 2502 Navarra.

439 2628 488 2682 1.
521 2621 768 2680 Diximus
795 2619 911 2679 dari
931 2623 986 2678 in
1009 2620 1319 2680 hominibus
1339 2625 1668 2696 potestatem
1689 2619 1761 2679 ad
1780 2619 1953 2678 l'er'en-

356 2711 456 2771 das
495 2714 676 2786 leges,
709 2719 872 2785 atque
915 2711 1052 2769 adeo
1091 2711 1188 2768 has
1215 2711 1364 2786 leges
1389 2727 1513 2770 esse
1541 2710 1856 2785 possibiles:
1893 2715 1955 2768 ut

361 2809 550 2861 autem
573 2810 777 2860 natura
801 2808 859 2859 et
883 2803 1184 2860 necessitas
1202 2817 1394 2860 earum
1417 2801 1586 2876 magis
1610 2800 1950 2872 declaretur,

357 2899 578 2966 oportet
603 2893 765 2950 finem
789 2890 1007 2949 illarum
1033 2893 1314 2967 ipsiusque
1341 2891 1623 2965 potestatis
1653 2884 1955 2966 generatim

357 2982 742 3050 considerare,
785 2981 932 3056 quod
971 2983 1027 3039 in
1065 2983 1172 3040 hoc
1213 2984 1391 3055 capite
1430 2982 1818 3056 praestandum
1844 2989 1949 3040 est.

236 3065 253 3076 ’
359 3074 662 3146 Statimque
700 3073 952 3131 occurrit
986 3073 1160 3146 opinio
1187 3073 1433 3130 Fortunii
1461 3071 1686 3130 Garciae
1714 3077 1956 3130 tractatu

362 3162 434 3221 de
477 3163 686 3220 ultimo
699 3162 832 3236 fine
857 3166 1156 3236 utriusque
1179 3165 1358 3231 tur-ie,
1395 3163 1488 3220 ubi
1515 3163 1802 3221 contendit
1826 3179 1954 3220 sua-

362 3252 524 3320 dere,
557 3254 717 3312 linem
743 3254 878 3312 iuris
906 3253 1080 3311 civilis
1106 3269 1230 3312 esse
1258 3254 1515 3314 eumdem
1536 3271 1666 3313 cum
1693 3256 1796 3312 fine
1823 3255 1956 3312 iuris

361 3343 640 3416 canonici,
682 3343 992 3418 habereque
1029 3343 1278 3402 eamdem
1318 3345 1611 3420 originem,
1655 3343 1956 3418 eademque

363 3434 653 3506 principia.
675 3434 830 3492 Unde
859 3432 1032 3491 multa
1059 3435 1252 3507 insert,
1277 3451 1418 3508 quae
1440 3442 1629 3508 postea
1649 3436 1956 3493 examinan-

364 3522 434 3580 da
468 3529 622 3580 sunt.
654 3523 791 3581 Nam
818 3523 886 3581 de
915 3523 1018 3581 hac
1045 3525 1330 3598 opinione,
1361 3533 1638 3600 quatenus
1666 3540 1953 3598 compara-

364 3613 566 3672 tionem
606 3613 738 3671 l'acit
775 3613 917 3670 inter
958 3619 1258 3689 utrumque
1296 3615 1414 3687 ius,
1446 3616 1500 3673 in
1541 3615 1680 3672 libro
1710 3615 1956 3689 sequenti

366 3702 658 3762 dicendum
697 3719 762 3762 ex
788 3703 1038 3777 professo
1068 3710 1154 3762 est
1172 3747 1188 3780 ,
1218 3706 1344 3779 quia
1373 3721 1484 3763 non
1508 3703 1778 3778 explicato
1805 3707 1958 3778 prius

365 3802 604 3870 utroque
629 3802 876 3854 extremo
895 3837 911 3869 ,
940 3811 1050 3853 nou
1079 3803 1259 3868 potest
1282 3812 1476 3854 eorum
1505 3795 1843 3869 comparatio
1865 3796 1959 3852 lie·

363 3888 444 3959 ri,
475 3892 571 3945 aut
595 3886 842 3960 intelligi.
873 3886 972 3948 Hie
999 3902 1130 3960 ergo
1159 3888 1342 3945 solum
1361 3886 1429 3946 de
1455 3893 1720 3961 potestate
1742 3903 1808 3945 ac
1837 3887 1955 3944 iure

367 3976 508 4034 civili
537 3975 785 4035 absolute
809 3983 1060 4050 spectato
1079 3977 1133 4034 in
1153 3976 1340 4036 ordine
1367 3976 1435 4035 ad
1465 3995 1630 4036 suum
1657 3978 1820 4036 linem
1840 3978 1958 4051 opi·

365 4067 454 4124 nio
482 4066 616 4124 haec
644 4065 932 4126 tractanda
961 4073 1064 4124 est.
1097 4069 1272 4126 Sentit
1295 4083 1429 4142 ergo
1453 4069 1768 4140 Fortunius,
1799 4069 1958 4126 finem

361 4157 498 4215 iuris
539 4157 714 4214 civilis
753 4172 876 4214 esse
916 4173 1026 4215 non
1057 4156 1238 4215 solum
1265 4163 1544 4216 externam
1572 4173 1766 4231 pacem
1791 4166 1850 4217 et
1875 4159 1959 4215 iu-

365 4249 571 4306 stitiam
594 4246 964 4321 reipublicae,
989 4245 1084 4304 sed
1105 4249 1270 4306 etiam
1290 4263 1474 4307 veram
1494 4255 1552 4306 et
1571 4249 1838 4306 internam
1859 4247 1957 4305 ho-

365 4341 528 4398 minis
555 4339 873 4398 felicitatem
901 4355 969 4396 ac
999 4339 1249 4398 salutem.
1280 4339 1364 4397 Ita
1388 4340 1660 4412 significat
1683 4339 1784 4412 ibi,
1806 4356 1864 4398 n.
1897 4343 1952 4398 6.

365 4430 600 4504 iunctis,
641 4445 784 4505 quae
811 4430 1022 4512 dixerat
1048 4446 1104 4488 ιι.
1139 4435 1194 4490 2.
1225 4431 1324 4489 Ubi
1351 4430 1604 4489 eumdem
1633 4432 1792 4489 finem
1819 4431 1958 4490 iuris

347 4523 618 4604 'canonici
659 4527 950 4594 posuerat,
979 4528 1036 4580 et
1059 4521 1182 4579 inde
1211 4521 1526 4596 concludit,
1555 4539 1678 4580 esse
1704 4520 1957 4581 eumdem

366 4613 528 4670 tinem
556 4615 852 4687 utriusque
881 4612 1033 4670 iuris.
1063 4611 1216 4672 Unde
1241 4628 1471 4671 necesse
1497 4620 1614 4683 est,
1638 4619 1702 4672 ut
1722 4613 1807 4670 vel
1837 4629 1961 4671 sen-

366 4705 466 4759 tiat
484 4742 500 4771 ,
529 4703 690 4760 finem
717 4701 964 4760 canonici
1001 4701 1134 4760 iuris
1163 4717 1286 4760 esse
1314 4709 1526 4761 tantum
1552 4711 1834 4762 externam
1861 4719 1962 4776 po·

368 4790 539 4851 litiam
558 4780 1043 4865 humanam,'quod
1063 4791 1218 4850 valde
1241 4791 1544 4851 absurdum
1563 4799 1671 4866 est,
1692 4791 1775 4851 vel
1796 4808 1962 4867 opor-

369 4888 480 4957 tet,
511 4889 572 4942 ut
608 4884 834 4952 sentiat,
865 4883 1024 4941 linem
1050 4884 1186 4942 iuris
1213 4883 1387 4941 civilis
1416 4900 1525 4941 non
1555 4884 1750 4942 sistere
1776 4884 1832 4941 in
1857 4884 1960 4942 hu-

369 4989 532 5032 mana
557 4974 748 5047 politia
766 4979 824 5031 et
842 4977 1065 5032 externa
1087 4988 1224 5046 pace
1243 5013 1260 5047 ,
1282 4989 1348 5034 ac
1371 4974 1584 5032 iustitia
1605 4967 1958 5046 reipublicae,

371 5063 468 5122 sed
493 5065 656 5122 etiam
687 5063 909 5122 tendere
936 5063 1005 5122 ad
1034 5079 1223 5122 veram
1251 5063 1566 5123 felicitatem
1592 5063 1906 5122 humanam.

448 5156 581 5226 Quia
616 5172 749 5214 vero
783 5155 919 5214 baec
957 5154 1138 5226 opinio
1166 5158 1348 5214 statim
1377 5162 1608 5230 apparet
1633 5154 1962 5212 incredibilis

373 5245 652 5305 intellecta
677 5245 746 5304 de
775 5246 894 5304 iure
915 5244 1062 5303 civili
1077 5285 1093 5318 ,
1115 5246 1258 5304 etde
1279 5251 1548 5321 potestate
1572 5245 1780 5308 ferendi
1801 5244 1961 5322 illud,

534 5337 708 5410 susara
723 5395 736 5418 .
757 5361 818 5410 De
833 5361 1015 5420 Lenibus
1029 5381 1088 5398 -
1099 5360 1206 5408 Pars
1223 5361 1258 5407 l.

3394 307 3521 373 193

2013 462 2181 526 prout
2218 469 2339 513 esse
2367 459 2549 528 potest
2572 455 2627 513 in
2654 467 2795 527 pura
2821 457 3046 522 natura,
3078 455 3133 509 et
3159 451 3212 508 ia
3239 451 3505 524 principio
3534 451 3596 508 li-

2011 542 2095 602 bri
2136 559 2169 601 a
2208 545 2361 602 nobis
2401 544 2670 618 explicata
2708 548 2820 613 est,
2854 541 2976 600 ideo
3003 543 3203 599 Navar.
3237 541 3289 598 in
3317 544 3599 601 commen.

2011 633 2084 692 de
2105 634 2332 708 finibus
2367 637 2771 694 humanorum
2797 637 3074 702 actuum,
3116 649 3171 689 n.
3205 637 3276 692 29
3304 673 3320 704 ,
3349 633 3431 690 ita
3457 631 3604 689 illam
3708 671 3713 680 .

2011 725 2432 797 interpretatur,
2465 731 2527 782 ut
2552 722 2898 797 intelligenda
2924 724 2992 779 sit
3020 723 3087 780 de
3116 723 3234 780 iure
3261 722 3434 793 civili,
3464 737 3605 795 qua-

2011 819 2172 871 tenus
2192 820 2278 872 est
2296 831 2326 871 a
2348 815 2658 872 christianis
2681 813 3103 886 imperatoribus
3124 819 3182 871 et
3203 813 3427 888 regibus
3447 827 3599 870 com-

2011 909 2252 978 positum
2280 911 2377 964 aut
2411 907 2731 978 probatum,
2764 906 2844 963 sic
2870 906 3012 962 enim
3042 908 3209 964 etiam
3234 907 3351 978 ipse
3378 905 3481 977 ait,
3513 919 3607 961 ve-

2012 1013 2134 1055 ram
2161 996 2478 1056 felicitatem
2517 1005 2822 1069 aeternam,
2852 1012 3021 1071 quam
3049 995 3323 1053 credimus
3350 1037 3365 1068 ,
3398 1000 3456 1052 et
3480 1009 3605 1062 spe-

2013 1102 2235 1161 ramus,
2266 1103 2387 1146 esse
2413 1089 2571 1146 linem
2600 1088 2731 1147 iuris
2758 1087 2948 1145 civilis.
2980 1089 3117 1156 Quia
3144 1086 3275 1144 licet
3306 1087 3423 1158 ipsa
3450 1091 3606 1156 pete-

2016 1184 2130 1236 stas
2156 1177 2225 1236 de
2252 1194 2310 1235 se
2339 1195 2449 1236 non
2478 1178 2664 1236 tendat
2690 1180 2745 1235 in
2766 1178 2925 1237 illum
2952 1179 3143 1248 finem3
3172 1176 3527 1234 nihilominus
3550 1181 3616 1234 ut

2016 1273 2103 1326 est
2129 1267 2427 1328 coniuncta
2456 1268 2578 1326 lidei
2594 1311 2611 1343 ‚
2635 1270 2687 1326 in
2717 1269 2870 1328 illum
2897 1267 3086 1326 referri
3108 1273 3291 1340 potest
3310 1309 3325 1339 ,
3348 1273 3405 1326 et
3429 1266 3609 1324 debet:

2013 1363 2072 1416 et
2099 1359 2171 1417 ita
2194 1361 2361 1416 etiam
2389 1363 2511 1418 eius
2541 1366 2731 1434 actus,
2762 1359 2856 1434 qui
2887 1365 2970 1418 est
2995 1359 3079 1416 lex
3108 1357 3277 1416 civilis
3298 1400 3315 1432 ,
3346 1374 3377 1415 a
3403 1356 3617 1432 legisla-

2015 1447 2230 1506 toribus
2258 1450 2568 1508 christianis
2595 1452 2649 1507 in
2675 1451 2931 1508 eumdem
2961 1451 3121 1506 linem
3148 1447 3409 1506 refertur.
3452 1446 3611 1515 Quod

2017 1537 2211 1596 suadet
2236 1540 2351 1611 ipse
2376 1541 2603 1598 Navarr.
2636 1556 2702 1596 ex
2732 1540 3085 1612 inscriptione
3114 1537 3320 1595 codicis
3350 1543 3409 1595 et
3436 1551 3614 1609 prooe-

2016 1627 2108 1685 mii
2133 1627 2475 1701 digestorum
2497 1646 2529 1687 a
2550 1629 2847 1687 iustiniano
2866 1627 3033 1700 editi,
3057 1643 3201 1702 quae
3224 1627 3303 1684 sic
3328 1626 3511 1684 habet:
3537 1628 3613 1684 In

2015 1721 2259 1778 nonime
2284 1723 2530 1779 Domini
2556 1723 2743 1778 nostri
2768 1723 2907 1778 Iesu
2936 1721 3191 1786 Christi,
3224 1723 3338 1777 etc.
3368 1718 3438 1775 Et
3462 1731 3613 1774 eam·-

2017 1807 2140 1866 dem
2184 1808 2347 1868 habet
2386 1812 2439 1868 in
2480 1811 3008 1870 declarationeiuris
3039 1811 3213 1868 civilis
3233 1852 3249 1883 ,
3278 1825 3423 1884 quae
3448 1807 3616 1866 habe·

2018 1903 2112 1955 tur
2139 1899 2192 1956 in
2220 1901 2323 1958 fine
2354 1900 2486 1975 legis
2512 1907 2567 1960 2.
2594 1901 2662 1959 de
2682 1902 2853 1960 veteri
2872 1903 2991 1960 iure
3009 1901 3195 1959 enucl.
3224 1903 3297 1959 Et
3317 1902 3372 1958 in
3394 1899 3621 1974 epistola

2019 1986 2090 2044 ad
2129 1989 2550 2067 Tribonianum,
2593 2007 2734 2066 quae
2774 1993 2993 2066 incipit:
3025 1996 3149 2050 Deo
3177 1997 3449 2059 auctore,
3482 1991 3620 2049 etin

2021 2077 2211 2138 codice
2249 2087 2335 2139 est
2372 2081 2457 2140 lex
2507 2089 2556 2142 1.
2586 2081 2654 2141 (18
2682 2083 2855 2141 veteri
2879 2083 2997 2141 iure
3021 2080 3364 2140 enucleando
3383 2123 3399 2155 ,
3430 2081 3525 2137 ubi
3548 2079 3618 2138 (18

2019 2173 2346 2228 auctoritate
2388 2172 2571 2246 legum
2611 2172 2789 2246 dicit,
2826 2189 2979 2246 quae
3018 2171 3256 2231 divinas
3298 2177 3355 2230 et
3402 2173 3621 2230 huma-

2018 2274 2135 2317 nas
2157 2277 2253 2317 res
2278 2261 2415 2320 bene
2442 2261 2758 2338 disposuit,
2787 2268 2843 2320 et
2861 2279 3093 2320 omnem
3113 2266 3488 2337 iniquitatem
3516 2277 3623 2320 ea:-

2011 2347 2201 2422 pulit.
2220 2349 2383 2408 Addit
2402 2354 2679 2410 Navarrus
2700 2352 3072 2426 probationem
3094 2371 3161 2410 ex
3183 2353 3220 2410 l.
3253 2357 3299 2411 1.
3324 2359 3379 2410 et
3397 2359 3454 2412 2.
3479 2355 3539 2410 C.
3556 2351 3623 2408 de

2021 2441 2179 2498 Sum.
2212 2442 2401 2499 Trinit.
2440 2443 2541 2500 Ubi
2567 2445 2862 2516 imperator
2889 2445 3194 2518 praecipit,
3224 2459 3414 2500 omnes
3443 2457 3620 2516 popu·

2020 2530 2106 2588 los
2133 2529 2235 2587 sibi
2262 2531 2513 2589 subditos
2540 2532 2898 2591 christianam
2925 2533 3083 2590 iidem
3109 2539 3169 2590 et
3196 2533 3513 2607 religionem
3536 2547 3622 2589 se-

2020 2622 2137 2694 qui,
2169 2627 2227 2679 et
2260 2621 2561 2681 haereticos
2589 2625 2790 2696 puniri,
2820 2631 2969 2682 etex
2997 2624 3185 2682 multis
3213 2623 3448 2698 legibus,
3478 2639 3621 2697 quaa

2019 2711 2108 2770 ille
2147 2712 2443 2786 imperator
2482 2712 2551 2772 de
2587 2715 2755 2772 rebus
2782 2715 3181 2773 ecclesiasticis
3208 2713 3496 2773 constituit
3522 2728 3622 2788 per

2021 2801 2213 2874 plures
2242 2802 2431 2860 titulos
2461 2818 2642 2878 usque
2671 2804 2738 2862 ad
2776 2807 2862 2864 16.
2895 2804 2990 2862 lib.
3031 2803 3349 2865 1.'Codicis.

2099 2895 2156 2950 2.
2187 2892 2577 2952 Verumtamen
2616 2893 2685 2951 de
2724 2895 2827 2953 hac
2870 2895 3125 2967 opinione
3164 2895 3393 2953 Navarri
3434 2910 3532 2968 per
3560 2907 3620 2952 se

2024 2988 2272 3054 spectata
2310 2982 2561 3040 dicemus
2601 2991 2821 3058 postea3
2853 3000 3002 3043 nunc
3041 2985 3184 3044 enim
3224 2985 3622 3043 considerando

2024 3073 2380 3131 fundamenta
2418 3075 2695 3146 Fortunii,
2745 3075 2965 3133 videtur
3006 3074 3321 3148 simpliciter
3362 3074 3512 3150 loqui
3550 3072 3620 3134 de

2023 3168 2297 3236 potestate
2323 3164 2467 3221 civili
2497 3165 2807 3223 secundum
2836 3181 2925 3239 se,
2948 3170 3005 3224 et
3030 3165 3084 3222 in
3113 3167 3259 3223 omni
3285 3173 3459 3239 statu3
3489 3182 3622 3240 pro·

2023 3254 2117 3311 bat
2154 3255 2298 3312 enim
2330 3254 2665 3325 ‚sententiam
2704 3272 2863 3314 suam
2901 3271 2969 3314 ex
3009 3255 3296 3314 Aristotele
3334 3259 3385 3316 1.
3415 3255 3614 3314 Ethtc.

1979 3394 1994 3412 .
2026 3359 2151 3416 cap.
2183 3349 2215 3403 2
2234 3383 2251 3416 ,
2280 3351 2339 3402 ct
2364 3349 2421 3403 4.
2452 3345 2702 3417 dicente,
2741 3344 3038 3404 humanam
3074 3345 3381 3404 felicitatem
3408 3361 3531 3404 esse
3558 3346 3623 3402 fi-

2025 3449 2150 3492 nem
2192 3433 2417 3491 moralis
2458 3435 2740 3494 doctrinae
2764 3477 2779 3508 ,
2808 3442 2867 3494 et
2905 3437 2996 3493 lib.
3033 3441 3087 3508 5,
3116 3451 3241 3509 cap.
3279 3443 3325 3496 1.
3357 3436 3524 3509 dicit,
3554 3436 3649 3494 ea'

2028 3523 2132 3582 dici
2162 3525 2307 3582 iusta
2323 3565 2338 3596 ,
2376 3541 2536 3598 quae
2553 3523 2917 3598 felicitatem
2943 3529 3244 3584 societatis
3272 3526 3461 3584 civilis
3488 3524 3621 3600 effi-

2026 3618 2216 3682 ciunt,
2250 3619 2305 3673 et
2332 3621 2699 3683 conservant,
2734 3622 2791 3674 et
2815 3614 2933 3673 ideo
2960 3615 3111 3691 leges
3136 3614 3205 3673 de
3232 3615 3485 3673 omnibus
3506 3619 3620 3676 vir-

2027 3706 2242 3764 tutibus
2282 3712 2578 3779 praecepta
2618 3705 2747 3764 dare
2768 3746 2783 3777 ,
2827 3721 2971 3780 quae
3010 3705 3079 3763 ad
3120 3705 3260 3764 hanc
3304 3705 3616 3767 felicitatem

2026 3795 2336 3854 conserunt.
2368 3794 2785 3854 Adducitetiam
2807 3797 3127 3854 Ciceronem
3153 3795 3248 3853 lih.
3284 3801 3338 3854 3.
3368 3795 3442 3854 de
3474 3796 3623 3871 Offi-

2025 3888 2160 3953 ciis,
2206 3885 2513 3944 dicentem:
2558 3888 2676 3943 Per
2720 3885 2871 3961 teqes
2910 3885 3049 3944 bene
3078 3885 3351 3960 beateque
3376 3890 3613 3946 vivitur.

2025 3974 2265 4034 Adducit
2286 3978 2421 4034 item
2440 3976 2589 4050 quod
2610 3992 2675 4034 ex
2698 3977 3059 4034 Demosthene
3086 3975 3327 4035 refertur
3350 3977 3402 4034 in
3424 3977 3532 4052 leg.
3556 3983 3619 4054 2,

2028 4068 2084 4125 ff.
2127 4067 2197 4124 de
2238 4066 2399 4141 legib.
2450 4068 2667 4126 omnes
2702 4065 2908 4124 debere
2924 4083 3147 4143 parere
3175 4065 3320 4141 lem,
3356 4071 3506 4141 quia
3529 4071 3623 4125 tn·
3724 4083 3731 4088 ·

2025 4159 2221 4216 ventio
2245 4154 2543 4230 quaedam
2571 4161 2628 4214 et
2655 4155 2879 4214 donum
2906 4161 3018 4214 Dei
3042 4163 3145 4214 est.
3178 4159 3248 4215 Et
3276 4173 3339 4216 ex
3368 4159 3623 4234 Chrysip-

2031 4263 2124 4322 po,
2146 4247 2325 4321 legem
2346 4262 2469 4304 esse
2491 4250 2759 4305 omnium
2776 4245 3123 4306 divinarum
3137 4251 3194 4304 et
3210 4247 3626 4306 humanarum

2025 4355 2227 4396 rerum
2264 4340 2537 4412 recinam
2550 4383 2563 4405 ‚
2612 4342 2667 4394 et
2704 4341 2999 4396 iustorum
3038 4341 3215 4412 atque
3254 4341 3620 4395 iniustorum

2025 4427 2320 4502 requiam.
2367 4429 2513 4487 Haec
2554 4435 2737 4486 autem
2779 4429 2959 4486 omnia
2990 4429 3138 4487 dicta
3168 4434 3302 4487 sunt
3328 4444 3361 4486 a
3386 4426 3629 4501 philoso-

2027 4517 2149 4592 phis
2188 4517 2419 4576 ethnicis
2459 4518 2527 4575 de
2566 4517 2684 4592 lege
2712 4519 2891 4592 civili,
2920 4527 2977 4578 et
3005 4527 3127 4578 ante
3156 4519 3303 4594 leges
3332 4520 3627 4593 imperato-

2028 4624 2189 4683 rum3
2222 4624 2353 4682 ergo
2382 4608 2531 4666 dicta
2559 4614 2692 4664 sunt
2716 4608 2784 4665 de
2811 4608 2929 4684 lege
2954 4609 3097 4666 civili
3125 4610 3435 4668 secundum
3466 4625 3545 4674 se.
3570 4614 3628 4666 et

2030 4706 2199 4773 prout
2222 4707 2477 4758 naturam
2504 4699 2801 4756 humanam
2829 4703 3195 4776 consequitur
3212 4743 3227 4774 ,
3253 4700 3472 4758 seclusa
3496 4699 3621 4774 fide,

2030 4807 2162 4866 ergo
2184 4793 2239 4848 in
2260 4789 2455 4848 eodem
2477 4803 2639 4846 sensu
2664 4788 2879 4846 videtur
2892 4789 2987 4848 ille
3007 4796 3205 4848 auctor
3222 4790 3468 4848 locutuS.
3489 4789 3631 4847 Con-

2031 4885 2211 4942 firmat
2236 4896 2366 4940 vero
2393 4895 2553 4938 suam
2576 4881 2897 4938 sententiam
2917 4897 2948 4939 a
2971 4880 3179 4939 fortiori
3202 4897 3269 4938 ex
3290 4879 3505 4953 legibus
3529 4880 3630 4936 im-

2031 4979 2381 5048 peratorum,
2410 4957 2551 5045 quas'
2578 4969 2901 5028 adduximus
2930 4987 3031 5044 pro
3060 4969 3326 5028 sententia
3344 4971 3541 5026 Navar.
3568 4973 3628 5026 et

2033 5062 2188 5122 addit
2211 5062 2523 5120 Anthentic.
2564 5064 2639 5122 Ut
2664 5077 2783 5118 non
2808 5060 3189 5118 lumitrtentur
3208 5063 3423 5118 contra
3446 5063 3624 5116 natu·

2032 5169 2193 5212 ram.
2224 5153 2360 5221 Quia
2386 5153 2442 5208 in
2469 5167 2533 5208 ea
2558 5151 2794 5210 ostendit
2811 5153 3145 5211 Iustinianus
3166 5152 3251 5208 sui
3274 5152 3516 5209 muneris
3537 5166 3627 5206 es-

2035 5259 2126 5316 se,
2154 5257 2386 5316 curare,
2413 5246 2477 5301 ut
2502 5240 2701 5300 subditi
2728 5242 2815 5300 sui
2841 5242 2978 5302 bene
3006 5243 3218 5313 vivant,
3244 5248 3300 5300 et
3320 5243 3413 5299 Dei
3440 5241 3624 5316 placa·

3091 5348 3147 5393 2⁸
