4325 6267
770 338 854 402 40

693 481 869 538 solum
912 482 1138 538 materia
1179 480 1312 554 legis
1353 481 1422 537 sit
1460 479 1720 552 honesta,
1765 479 1859 536 sed
1893 482 2054 538 etiam
2085 481 2281 553 forma,

693 577 826 628 tunc
867 586 998 643 ergo
1037 568 1238 627 dicitur
1269 569 1353 627 lex
1381 571 1525 628 iuste
1554 571 1716 642 l'erri,
1749 568 1970 642 quando
1997 572 2049 625 in
2078 586 2142 627 ea
2172 586 2285 626 ser·

692 667 852 718 vatur
881 661 1056 718 forma
1085 658 1344 731 iustitiae,
1377 665 1437 715 ut
1465 658 1522 715 d.
1554 660 1788 719 Thomas
1817 674 1983 730 supra
2011 657 2142 714 dict.
2172 665 2278 716 art.

693 753 749 819 4,
778 757 835 806 et
861 755 1080 820 quaest.
1113 753 1206 818 95,
1239 756 1345 804 art.
1381 753 1433 805 3.
1465 748 1741 820 eleganter
1770 746 2034 803 declarat.

769 843 821 896 8.
853 841 1146 909 Potestque
1185 837 1238 892 in
1281 836 1428 892 hunc
1471 834 1694 892 modum
1726 837 1960 908 amplius
1987 835 2277 906 explicari3

691 942 816 982 nam
857 930 922 980 ut
959 925 1046 981 lex
1091 925 1234 980 iuste
1275 924 1517 996 seratur,
1564 931 1678 980 tres
1708 924 1937 980 virtutes
1966 923 2205 980 iustitiae
2232 924 2283 977 in

690 1014 840 1071 illius
870 1014 1044 1070 forma
1073 1015 1228 1070 cerni
1257 1013 1478 1069 debent.
1510 1013 1690 1069 Prima
1716 1019 1805 1069 est
1841 1012 2046 1068 iustitia
2073 1011 2279 1084 legalis,

689 1107 856 1162 cuius
877 1108 961 1159 est
982 1117 1278 1160 commune
1298 1102 1503 1158 bonum
1526 1101 1838 1172 intendere,
1864 1107 1918 1156 et
1943 1115 2285 1172 consequen-

691 1200 774 1250 ter
802 1196 922 1250 iura
951 1191 1331 1248 communitati
1358 1188 1538 1246 debita
1569 1207 1819 1261 servare3
1851 1197 1906 1246 at
1933 1191 2015 1246 lex
2044 1190 2193 1246 hunc
2226 1191 2286 1245 ti-

690 1297 815 1337 nem
861 1282 1152 1354 praecipue
1196 1278 1472 1336 intendere
1509 1278 1702 1356 debet,
1747 1286 1811 1335 ut
1837 1266 2132 1335 'ostensum
2174 1285 2278 1346 esu

690 1370 855 1428 debet
889 1385 1020 1441 ergo
1060 1368 1188 1424 ferri
1219 1369 1367 1425 iuste
1398 1367 1706 1425 secundum
1737 1367 1963 1439 legalem
1994 1366 2278 1440 iustitiam,

691 1465 748 1515 et
776 1458 880 1513 hoc
907 1456 1068 1514 modo
1092 1457 1168 1512 ait
1189 1455 1246 1512 d.
1269 1456 1504 1513 Thomas
1527 1472 1717 1528 supra,
1742 1454 1942 1513 debere
1967 1456 2137 1528 legem
2158 1471 2281 1513 esse

693 1547 890 1602 iustam
927 1561 992 1601 ex
1025 1545 1126 1600 tine
1159 1545 1285 1600 boni
1314 1545 1645 1602 communis.
1681 1543 1939 1601 Secunda
1967 1552 2055 1601 est
2080 1545 2283 1601 iustitia

691 1633 1115 1704 commutativa,
1159 1633 1225 1688 ad
1267 1647 1434 1704 quam
1477 1639 1721 1706 spectat,
1768 1640 1833 1691 ut
1868 1633 2144 1706 legislator
2174 1650 2280 1690 non

692 1727 818 1800 plus
845 1723 1176 1796 praecipiat,
1207 1737 1375 1795 quam
1416 1725 1621 1794 possit,
1654 1738 1794 1795 quae
1825 1724 2028 1780 iustitia
2055 1729 2140 1779 est
2169 1739 2283 1780 ma·

689 1815 831 1870 xime
869 1812 1177 1868 necessaria
1213 1809 1281 1866 ad
1313 1811 1554 1866 valorem
1585 1811 1741 1884 legis.
1770 1810 1924 1868 Unde
1953 1811 1996 1866 si
2024 1811 2283 1882 princeps

689 1902 864 1974 legem
908 1901 1046 1957 ierat
1081 1916 1183 1971 pro
1224 1915 1331 1956 non
1371 1900 1470 1955 sibi
1497 1900 1758 1972 subditis,
1793 1909 1988 1958 contra
2015 1902 2282 1958 iustitiam

689 1991 1142 2048 commutativam
1193 1989 1393 2061 peccat
1445 1996 1706 2061 respectu
1761 1989 2011 2060 illorum,
2071 1990 2284 2046 etiamsi

693 2085 878 2137 actum
921 2078 988 2133 de
1029 2094 1086 2135 se
1127 2078 1414 2134 honestum
1452 2083 1510 2134 et
1539 2076 1724 2134 utilem
1755 2078 2074 2150 praecipiat.
2105 2080 2177 2136 Et
2202 2081 2283 2135 sic

689 2167 824 2225 dixit
855 2165 912 2222 d.
951 2166 1218 2238 Thomas,
1258 2167 1464 2240 requiri
1501 2168 1553 2223 in
1595 2166 1712 2238 lege
1749 2167 2005 2223 iustitiam
2035 2183 2100 2225 ex
2129 2175 2283 2239 parte

690 2256 935 2314 serentis.
970 2257 1152 2311 Tertia
1192 2255 1394 2311 iustitia
1427 2261 1513 2311 est
1538 2254 1914 2327 distributiva,
1947 2269 2088 2328 quae
2116 2258 2279 2313 etiam

689 2347 742 2402 in
788 2345 906 2418 lege
948 2343 1281 2416 requiritur,
1327 2345 1460 2415 quia
1500 2343 1882 2414 praecipiendo
1923 2343 2279 2417 multitudini,

689 2433 846 2508 quasi
885 2431 1164 2488 distribuit
1203 2446 1346 2486 onus
1375 2432 1516 2487 inter
1545 2437 1728 2500 partes
1755 2431 2084 2503 reipublicae
2112 2433 2168 2488 in
2194 2449 2284 2489 or·

690 2523 818 2580 dine
857 2520 925 2578 ad
966 2521 1168 2577 bonum
1210 2521 1366 2590 eius,
1397 2526 1454 2575 et
1491 2518 1611 2576 idco
1644 2535 1868 2576 necesse
1895 2526 2012 2588 est,
2042 2522 2190 2576 utin
2218 2537 2282 2578 ea

689 2609 1068 2670 distributione
1097 2614 1280 2674 servet
1305 2607 1688 2680 aequalitatem
1717 2608 2106 2680 proportionis,
2137 2624 2280 2680 quae

691 2701 757 2758 ad
799 2700 1062 2756 iustitiam
1103 2696 1504 2754 distributivam
1546 2696 1818 2769 pertinet3
1848 2696 2049 2753 etideo
2080 2699 2281 2753 iniusta

690 2789 794 2848 erit
821 2788 905 2844 lex
923 2827 938 2858 ,
969 2789 1012 2842 si
1039 2785 1399 2858 inaequaliter
1426 2799 1590 2840 onera
1619 2783 1928 2857 dispenset,
1951 2785 2161 2841 etiamsi
2192 2800 2280 2842 res

689 2883 985 2950 praecepta
1015 2873 1196 2947 iniqua
1227 2889 1331 2928 non
1361 2872 1451 2928 sit.
1484 2874 1552 2929 Et
1579 2873 1684 2929 hoc
1715 2871 1876 2929 modo
1899 2871 2108 2929 dixitd.
2133 2873 2276 2930 Tho-

690 2983 805 3022 mas
847 2981 1051 3038 supra,
1094 2965 1146 3019 in
1187 2962 1364 3020 forma
1390 2961 1524 3034 legis
1552 2962 1725 3018 iustae
1753 2961 1954 3034 requiri
1981 2962 2280 3034 aequalita-

689 3063 798 3112 tem
829 3053 1214 3126 proportionis.
1241 3050 1396 3108 Unde
1421 3050 1580 3106 etiam
1612 3055 1762 3106 recte
1789 3048 2096 3119 concludit,
2125 3066 2281 3120 prae-

686 3150 769 3201 ter
798 3143 1133 3216 iniquitatem
1162 3157 1227 3196 ex
1256 3147 1410 3211 parte
1440 3141 1699 3195 materiae
1729 3155 1889 3209 posse
1911 3138 2086 3210 legem
2110 3139 2279 3211 tripli-

686 3235 826 3289 citer
853 3246 973 3288 esse
1001 3231 1252 3286 iniustam
1274 3269 1290 3294 ,
1315 3228 1552 3298 scilicet,
1582 3227 1662 3284 vel
1691 3243 1758 3283 ex
1780 3226 1881 3283 tine
1904 3229 2102 3298 privati
2124 3243 2280 3284 com-

685 3319 858 3391 modi,
889 3325 947 3376 et
984 3335 1092 3374 non
1132 3318 1444 3374 communis
1471 3316 1629 3386 boui,
1663 3314 1746 3372 vel
1785 3332 1852 3372 ex
1880 3324 2037 3387 parte
2065 3319 2276 3388 agentis

681 3425 747 3466 ac
776 3408 995 3466 defectu
1029 3408 1344 3479 potestatis,
1372 3405 1456 3462 vel
1485 3421 1552 3462 ex
1581 3404 1800 3461 deiectu
1829 3405 2037 3463 formae
2069 3421 2169 3462 seu
2190 3408 2274 3463 iu-

684 3504 802 3553 stae
840 3494 1260 3552 distributionis.
1300 3494 1528 3550 Constat
1566 3509 1735 3566 ergo,
1785 3493 1852 3550 de
1899 3495 2115 3551 ratione·
2143 3494 2277 3569 legis

685 3602 808 3644 esse
834 3626 850 3660 ,
881 3591 943 3641 ut
971 3585 1113 3641 iuste
1143 3584 1358 3638 seratur
1387 3581 1638 3637 om'nibus
1667 3579 1958 3653 praedictis
1986 3581 2182 3638 modis.

761 3678 816 3733 9.
839 3673 1026 3730 Altera
1047 3672 1175 3728 item
1199 3685 1324 3742 pars
1347 3669 1682 3737 assertionis,
1708 3669 1944 3740 scilicet,
1967 3672 2116 3743 quod
2138 3671 2274 3728 haec

681 3763 888 3821 iustitia
915 3761 986 3817 sit
1011 3761 1148 3817 adeo
1177 3759 1489 3817 necessaria
1517 3757 1584 3814 ad
1612 3758 1784 3831 legem
1802 3799 1816 3818 .
1843 3766 1907 3816 ut
1931 3760 2044 3817 sine
2072 3760 2162 3816 illa
2190 3761 2276 3819 lex

683 3854 754 3908 sit
801 3850 1070 3920 invalida,
1108 3856 1165 3906 et
1211 3864 1319 3905 non
1365 3848 1604 3921 obliget,
1644 3863 1905 3920 expresse
1950 3848 2171 3919 ponitur
2208 3851 2275 3907 ab

681 3940 870 3997 eodem
901 3939 1026 3997 divo
1052 3938 1285 4009 Thoma,
1318 3938 1450 3994 Soto
1479 3977 1494 4004 ,
1537 3935 1740 3993 Medius
1761 3979 1776 4008 ‚
1817 3943 1873 3993 et
1899 3936 2022 3993 aliis
2051 3937 2268 4011 ibidem,

678 4033 876 4088 Castro
898 4028 934 4085 l.
970 4031 1014 4086 1.
1042 4025 1113 4084 de
1135 4025 1306 4100 leyib.
1325 4023 1566 4100 poenal.
1597 4040 1722 4096 cap.
1755 4031 1820 4095 5,
1851 4025 2057 4082 Victor.
2091 4027 2144 4082 in
2171 4029 2277 4084 Re-

678 4119 808 4175 lect.
839 4117 914 4174 de
935 4121 1223 4192 potestate
1245 4117 1484 4189 Papae,
1522 4119 1577 4170 et
1608 4113 1836 4172 Cone-il.
1863 4131 1916 4170 n.
1954 4121 2040 4184 18,
2072 4117 2273 4173 Panor-

681 4209 886 4266 mitano
929 4222 1098 4278 supra
1135 4221 1191 4261 n.
1234 4209 1298 4276 9,
1329 4211 1386 4261 et
1411 4202 1610 4260 ibidem
1638 4203 1826 4260 Felino
1855 4221 1909 4260 n.
1957 4209 2061 4278 40,
2092 4211 2148 4261 et
2176 4209 2270 4277 41,

680 4302 738 4353 et
765 4295 911 4367 aliis,
938 4301 995 4351 et
1018 4294 1162 4350 favet
1192 4293 1276 4350 lex
1301 4293 1495 4365 prima,
1524 4292 1578 4347 ff.
1611 4290 1680 4348 de
1709 4293 1917 4349 iustitia
1938 4299 1994 4350 et
2011 4294 2154 4362 iure,
2181 4291 2273 4350 ubi

679 4385 848 4441 videri
878 4389 1116 4456 possunt
1144 4383 1489 4453 interpretes.
1516 4383 1585 4437 Et
1609 4381 1677 4438 de
1709 4381 1812 4438 hac
1841 4384 2007 4440 etiam
2037 4383 2272 4440 iustitiae

681 4480 832 4548 parte
863 4472 1109 4544 intelligit
1135 4471 1190 4528 d.
1220 4471 1454 4526 Thomas
1481 4468 1694 4527 dictum
1718 4488 1885 4544 supra
1907 4473 2136 4530 citatum
2159 4475 2271 4531 Au·

680 4565 962 4638 gustinum
987 4562 1078 4619 lib.
1119 4564 1166 4618 l.
1197 4560 1270 4617 de
1299 4559 1481 4616 libero
1509 4560 1724 4617 arbitr.
1758 4576 1882 4632 cap.
1917 4568 1969 4619 5:
1997 4565 2124 4620 Lea·
2150 4578 2274 4619 esse

677 4669 796 4709 non
821 4649 1076 4726 videtur,
1109 4665 1266 4722 quae
1284 4651 1448 4706 iusta
1475 4645 1820 4720 nonsuerit,·
1851 4657 1906 4706 et
1931 4649 2134 4707 clarius
2159 4651 2269 4707 huc

677 4745 926 4811 spectat,
955 4737 1103 4811 qued
1131 4738 1205 4793 ait
1231 4737 1324 4795 lib.
1367 4740 1453 4795 19.
1485 4735 1558 4794 de
1593 4739 1836 4796 civitat.
1866 4753 1921 4794 c.
1953 4741 2054 4796 21:
2096 4738 2272 4814 Quod

676 4831 808 4885 iure
833 4827 947 4899 fit,
993 4830 1144 4883 iuste
1170 4825 1269 4898 fit.
1324 4824 1499 4902 Quod
1537 4829 1740 4882 autem
1765 4825 1848 4899 fit
1885 4828 2127 4894 iniuste,
2165 4843 2272 4883 nec

678 4922 810 4976 iure
839 4915 986 4990 fieri
1021 4919 1228 4989 potest.
1271 4920 1406 4972 Non
1441 4917 1604 4972 enim
1638 4919 1779 4973 iura
1797 4912 2085 4990 putanda
2111 4922 2264 4980 sunt,

677 5005 768 5063 vel
795 5004 1051 5062 dicenda
1077 5007 1284 5076 iniqua
1322 5005 1626 5063 hominum
1651 5008 2000 5066 constituta,
2035 5021 2172 5060 cum
2198 5004 2271 5061 il-

678 5093 783 5152 lud
819 5097 1002 5162 etiam
1041 5095 1225 5167 ipsius
1261 5109 1384 5151 esse
1422 5093 1658 5160 dicant,
1707 5091 1863 5166 quod
1901 5091 1973 5149 de
2009 5095 2272 5150 iustitiae

661 5171 833 5255 fonte
858 5184 1217 5240 manaverit.

2192 358 2392 408 mmm
2432 359 2481 407 1.

2435 483 2679 556 Denique
2720 483 2770 538 in
2812 482 2917 539 hoc
2958 498 3124 540 sensu
3166 489 3318 541 recte
3358 483 3675 556 intelligitur
3710 484 3956 542 secunda

2356 569 2590 627 conditio
2620 571 2753 645 legis
2778 573 2951 641 posita
2980 573 3048 629 ab
3078 571 3288 629 Isidoro
3317 575 3371 629 in
3393 572 3681 644 posteriori
3705 573 3831 630 loco
3860 590 3958 629 su-

2357 676 2455 731 pra
2497 661 2695 717 citato:
2744 663 2819 718 ait
2845 663 2993 717 enim
3010 704 3024 732 ,
3054 660 3239 736 leqem
3266 660 3470 719 debere
3496 677 3619 718 esse
3643 663 3957 720 honestam

2356 753 2413 805 et
2437 752 2690 805 iustam.-
2718 756 2773 806 et
2802 750 2953 820 prior
2981 765 3111 820 pars
3140 751 3367 822 respicit
3391 752 3671 807 materiam
3704 751 3863 824 legis,
3892 757 3959 806 ut

2357 839 2406 894 in
2438 839 2603 908 priori
2644 839 2947 894 assertione
2984 838 3285 908 declaravi,
3322 840 3593 912 posterior
3618 854 3753 911 ergo
3784 841 3952 911 perti·

2354 933 2448 983 net
2476 925 2543 982 ad
2576 926 2807 982 sormam
2838 927 3000 1000 legis.
3034 934 3098 983 ut
3125 929 3203 984 sic
3231 927 3442 997 dicam,
3474 928 3577 984 hoc
3606 936 3693 984 est
3719 933 3783 984 ut
3808 929 3955 984 iuste

2355 1015 2583 1072 feratur.
2616 1015 2841 1073 Ratione
2876 1022 3163 1087 praeterea
3202 1021 3383 1088 potest
3408 1016 3621 1073 ostendi
3653 1016 3787 1072 haec
3820 1031 3953 1088 pars

2352 1101 2712 1160 discurrendo
2738 1118 2835 1175 per
2863 1104 2952 1161 illa
2982 1105 3114 1172 tria,
3146 1119 3288 1177 quae
3316 1104 3373 1160 d.
3402 1104 3637 1160 Thomas
3664 1105 3855 1176 posuit
3884 1102 3953 1160 de

2353 1193 2558 1247 iustitia
2586 1207 2653 1247 ex
2682 1193 2815 1259 tine,
2846 1208 2912 1247 ex
2943 1199 3158 1264 agente,
3188 1208 3255 1248 ex
3286 1193 3480 1249 l'orma.
3511 1193 3649 1256 Nam
3681 1192 3747 1248 de
3780 1193 3956 1264 prima

2356 1278 2668 1351 procedunt
2696 1282 2875 1336 omnia
2901 1281 3049 1338 dicta
3078 1281 3127 1336 in
3160 1296 3285 1352 cap.
3317 1282 3440 1350 vll,
3464 1281 3557 1337 ubi
3582 1280 3950 1352 ostendimus,

2354 1383 2461 1423 non
2490 1384 2613 1424 esse
2642 1368 2851 1442 legem,
2878 1385 3018 1440 quae
3042 1375 3269 1441 propter
3292 1385 3586 1426 commune
3610 1369 3817 1425 bonum
3840 1385 3953 1424 non

2354 1455 2549 1513 fertur.
2584 1459 2652 1513 Et
2680 1458 2749 1512 ita
2780 1457 2883 1512 sub
2913 1457 3014 1512 hac
3044 1463 3197 1529 parte
3227 1457 3490 1528 iustitiae,
3521 1472 3688 1529 quam
3718 1456 3953 1528 legalem

2354 1543 3339 1617 appellavimus,comprehenduntur
3362 1545 3483 1601 illae
3512 1544 3852 1601 conditiones
3876 1545 3957 1601 le-

2352 1635 2437 1705 gis
2475 1633 2542 1690 ab
2570 1633 2781 1689 isidoro
2812 1633 2861 1689 in
2890 1633 3083 1690 eodem
3114 1633 3236 1689 loco
3265 1635 3501 1704 positae,
3536 1632 3753 1689 scilicet
3783 1639 3848 1688 ut
3878 1633 3955 1688 sit

2353 1723 2662 1779 necessaria
2686 1763 2700 1791 ,
2746 1721 2890 1778 utilis
2935 1728 2992 1778 et
3031 1738 3129 1794 pro
3180 1723 3461 1778 communi
3504 1721 3766 1792 utilitate,
3810 1737 3953 1794 quas

2354 1817 2640 1883 propterea
2676 1809 2767 1866 hic
2797 1811 3317 1881 praetermittimus,
3348 1811 3478 1882 quia
3506 1825 3677 1881 supra
3704 1809 3953 1881 explica-

2357 1907 2438 1956 tas
2466 1899 2815 1972 reliquimus.
2847 1897 2929 1955 Ad
2958 1900 3215 1954 iustitiam
3246 1907 3429 1955 autem
3460 1913 3529 1955 ex
3551 1905 3705 1969 parte
3738 1899 3951 1970 agentis

2355 2004 2455 2044 seu
2482 1988 2927 2044 commutativam
2952 1989 3227 2060 pertinent
3244 1977 3425 2043 omnia
3443 2029 3458 2058 ,
3484 2002 3627 2059 quae
3648 2003 3775 2058 cap.
3802 1987 3942 2043 vul.

2357 2077 2594 2134 diximus
2613 2119 2627 2146 ,
2658 2084 2713 2133 et
2739 2076 2863 2133 inde
2889 2077 3054 2133 etiam
3084 2079 3214 2132 satis
3242 2081 3493 2146 constat,
3518 2076 3694 2150 legem
3721 2075 3836 2132 sine
3864 2077 3951 2133 iu-

2355 2163 2670 2222 risdictione
2699 2165 2865 2221 latam
2892 2181 3014 2221 esse
3044 2164 3271 2221 nullam.

2438 2258 2524 2313 10.
2559 2255 2823 2327 Superest
2846 2269 2979 2328 ergo
3009 2253 3288 2326 probanda
3308 2255 3537 2311 assertio
3560 2251 3740 2310 solum
3764 2253 3947 2325 quoad

2353 2343 2513 2399 aliam
2546 2345 2763 2400 tertiam
2791 2348 3002 2415 partem
3031 2343 3296 2411 iustitiae,
3326 2358 3469 2414 quae
3496 2349 3713 2414 spectat
3740 2341 3808 2398 ad
3835 2342 3951 2398 sor-

2354 2448 2497 2490 mam
2515 2472 2531 2503 ,
2564 2448 2659 2490 seu
2691 2432 3090 2489 distributivam
3116 2431 3465 2503 aequitatem.
3492 2433 3567 2487 De
3588 2447 3699 2504 qua
3724 2431 3949 2487 manile-

2352 2527 2504 2578 stum
2530 2527 2649 2592 est,
2679 2536 2799 2596 esse
2828 2521 3205 2576 necessarium
3234 2517 3303 2575 ad
3331 2519 3588 2576 iustitiam
3618 2517 3783 2590 legis,
3814 2522 3949 2591 quia

2354 2610 2397 2665 si
2439 2609 2525 2667 lex
2565 2608 2897 2682 quibusdam
2924 2610 3269 2680 imponatur,
3298 2613 3357 2663 et
3379 2623 3489 2663 non
3518 2607 3666 2676 aliis,
3699 2605 3766 2664 ad
3801 2623 3947 2680 quos

2354 2714 2529 2772 aeque
2558 2701 2795 2771 pertinet
2820 2698 3049 2754 materia
3077 2697 3245 2770 legis,
3272 2699 3472 2753 iniusta
3496 2704 3612 2767 est,
3637 2699 3743 2753 nisi
3770 2713 3838 2754 ex
3860 2713 3947 2754 ra·

2350 2787 2592 2844 tionabili
2619 2803 2789 2845 causa
2814 2787 3062 2858 exceptio
3092 2787 3181 2843 fiat
3197 2827 3212 2853 ,
3236 2792 3301 2843 ut
3326 2802 3495 2858 supra
3524 2792 3809 2843 ostensum
3833 2795 3941 2844 est.

2355 2879 2487 2934 ltem
2517 2876 2761 2948 aequalia
2789 2890 2955 2932 onera
2976 2874 3229 2932 omnibus
3252 2877 3529 2946 imponere
3551 2919 3565 2948 ,
3590 2875 3741 2932 nulla
3763 2877 3946 2934 habita

2349 2966 2555 3023 ratione
2584 2965 2777 3022 virium
2805 2970 2860 3020 et
2886 2963 3210 3020 facultatum
3227 3005 3242 3036 ,
3266 2965 3432 3021 etiam
3457 2971 3544 3020 est
3564 2970 3755 3021 contra
3781 2965 3945 3022 ratio-

2348 3071 2473 3112 nem
2500 3061 2558 3111 et
2582 3054 2843 3137 iustitiam
2863 3095 2877 3123 ,
2908 3059 2972 3109 ut
3000 3068 3097 3123 per
3124 3068 3181 3108 se
3205 3059 3443 3109 constat.
3467 3051 3621 3120 Quod
3649 3068 3780 3110 vero
3806 3025 3943 3110 haec

2347 3143 2609 3200 iniustitia
2652 3140 2893 3198 sufficiat
2930 3140 2999 3196 ad
3038 3141 3349 3198 nullitatem
3390 3141 3554 3214 legis,
3586 3141 3825 3197 affirmat
3850 3158 3943 3198 ex·

2346 3248 2535 3303 presse
2560 3230 2615 3287 d.
2640 3230 2874 3286 Thomas
2896 3271 2910 3298 ,
2934 3229 3124 3286 dicens
3144 3269 3159 3297 ,
3184 3228 3334 3286 tales
3350 3233 3548 3304 potius
3577 3245 3703 3286 esse
3724 3228 3947 3287 violen-

2346 3322 2491 3387 tias,
2540 3335 2725 3391 quam
2765 3317 2949 3390 leues,
2997 3322 3054 3374 et
3089 3315 3222 3374 ideo
3262 3333 3381 3374 non
3420 3317 3683 3391 obliqua-e
3707 3321 3776 3375 in
3804 3335 3941 3376 con-

2344 3409 2615 3463 scientia.
2636 3405 2793 3473 Quod
2812 3421 2915 3478 ego
2946 3405 3351 3478 intelligendum
3376 3413 3511 3478 puto
3528 3450 3542 3478 ,
3568 3406 3793 3481 quando
3818 3414 3938 3465 tan·

2347 3504 2402 3552 ta
2428 3503 2515 3551 est
2544 3493 2895 3567 improportio
2921 3500 2980 3550 et
3004 3493 3357 3566 inaequalitas
3387 3495 3517 3568 legis
3534 3537 3549 3566 ,
3576 3503 3640 3552 ut
3672 3495 3945 3552 redundet

2346 3586 2401 3640 in
2428 3582 2817 3640 detrimentum
2859 3597 3151 3641 commune
3172 3624 3187 3655 ,
3218 3590 3275 3640 et
3302 3585 3354 3638 in
3383 3599 3551 3656 grave
3577 3600 3641 3640 ac
3674 3584 3943 3642 iniustum

2346 3689 2489 3728 onus
2526 3671 2771 3743 plurium
2814 3670 3191 3728 membrorum
3219 3674 3361 3729 eius.
3392 3674 3465 3730 At
3489 3689 3621 3730 vero
3654 3673 3698 3729 si
3728 3676 3943 3732 contin-

2344 3767 2471 3834 gat,
2516 3760 2693 3832 legem
2733 3757 2801 3815 de
2844 3773 2903 3814 se
2942 3759 3131 3816 utilem
3160 3777 3316 3833 esse,
3346 3764 3724 3832 exceptionem
3755 3769 3940 3820 tamen

2345 3849 2581 3922 aliquam
2608 3864 2732 3908 esse
2752 3848 3024 3921 iniquam,
3050 3865 3154 3905 non
3180 3855 3470 3920 propterea
3492 3849 3574 3907 lex
3599 3857 3749 3908 esset
3767 3837 3941 3908 omni-

2344 3957 2414 3997 no
2444 3939 2624 4011 nulla,
2656 3945 2755 3995 aut
2791 3944 3035 3995 cessaret
3062 3938 3301 4011 obligare
3329 3939 3491 4010 alios3
3524 3939 3653 4012 quia
3678 3940 3784 3996 illis
3811 3957 3940 4013 pro·

2320 4028 2459 4102 'prie
2500 4046 2607 4086 non
2638 4029 2697 4086 fit
2724 4027 2982 4084 iniustitia
3011 4029 3281 4099 positiva,
3316 4035 3379 4084 ut
3405 4029 3483 4085 sic
3515 4029 3729 4101 dicam,
3760 4031 3937 4101 impo-

2341 4117 2521 4174 nendo
2560 4116 2663 4174 illis
2706 4116 2810 4173 tale
2852 4131 3023 4185 onus,
3067 4118 3197 4188 quia
3237 4116 3342 4174 hoc
3380 4132 3478 4189 per
3505 4133 3563 4173 se
3592 4119 3798 4175 malum
3828 4135 3937 4176 non

2340 4213 2494 4277 erat,
2527 4204 2620 4262 sed
2660 4206 2719 4261 fit
2758 4202 2936 4260 solum
2978 4204 3335 4276 improportio
3372 4205 3645 4278 quaedam
3674 4213 3933 4278 respectu

2342 4296 2605 4368 aliorum,
2634 4302 2691 4350 et
2730 4294 2896 4351 totius
2936 4294 3367 4358 communitatum
3409 4309 3551 4367 quae
3580 4311 3686 4351 non
3716 4295 3937 4353 videtur

2341 4384 2475 4441 satis
2504 4383 2571 4439 ad
2592 4368 2902 4440 nullitatem
2931 4380 3082 4454 legis.
3108 4380 3265 4449 Quod
3288 4382 3332 4438 si
3354 4397 3423 4440 ex
3443 4383 3815 4455 quorumdam
3832 4400 3932 4442 ex-

2340 4475 2590 4545 ceptione
2632 4476 2935 4545 graventur
2975 4471 3060 4527 alii
3089 4471 3232 4527 ultra
3260 4475 3625 4543 aequitatem,
3656 4472 3839 4544 quoad
3866 4475 3933 4532 il-

2340 4564 2455 4621 lum
2484 4576 2776 4619 excessum
2806 4575 2913 4616 non
2943 4559 3198 4633 obligabit
3226 4559 3342 4632 lex3
3367 4561 3567 4630 poterit
3596 4567 3775 4617 tamen
3803 4563 3938 4620 ohli-

2340 4665 2472 4724 gare
2513 4651 2695 4724 quoad
2738 4648 2915 4718 aliud,
2960 4649 3013 4703 in
3041 4663 3153 4720 quo
3180 4663 3288 4705 non
3316 4655 3465 4706 esset
3502 4651 3740 4722 iniusta,
3786 4657 3851 4708 ut
3888 4652 3939 4708 in

2340 4739 2553 4812 legibus
2602 4739 2932 4794 tributorum
2981 4734 3163 4792 videre
3201 4734 3364 4807 licet,
3408 4737 3476 4793 de
3514 4737 3715 4809 quibus
3756 4740 3941 4813 aliqua

2343 4834 2532 4900 postea
2559 4827 2828 4884 dicemus.
2857 4826 3003 4881 Haec
3034 4839 3161 4880 vero
3192 4840 3317 4896 pars
3344 4824 3715 4884 declarabitur
3766 4831 3941 4903 magis

2343 4914 2663 4989 explicando
2695 4916 2907 4972 tertiam
2938 4913 3291 4985 principalem
3320 4914 3690 4971 conditionem
3716 4917 3851 4990 legis
3874 4918 3943 4974 ab

2340 5007 2552 5064 Isidoro
2584 5007 2837 5077 positam,
2870 5001 3077 5059 scilicet
3098 5007 3169 5058 ut
3194 5001 3277 5058 lex
3310 5004 3377 5058 sit
3400 5003 3713 5077 possibilis,
3738 5013 3793 5062 et
3811 5007 3941 5080 alia,

2339 5111 2481 5169 quae
2527 5093 2593 5150 ibi
2638 5092 2954 5166 subiungit,
3000 5090 3212 5147 scilicet
3250 5090 3581 5148 secundum
3620 5099 3934 5159 naturam,

2339 5181 2665 5242 secundum
2706 5177 3183 5238 consuetudinem
3200 5182 3475 5253 patriae,
3509 5180 3637 5238 loco
3664 5187 3939 5257 tempori-
