4325 6267
1886 294 2097 343 CAPUT
2127 296 2279 344 xtlt.

3447 280 3568 341 347

395 422 509 476 tam
536 418 587 475 in
617 419 925 492 praeceptis
956 417 1315 486 affirmativis,
1344 433 1507 490 quam
1538 418 1589 473 in
1620 420 1984 491 negativiS,-et
2054 420 2207 475 aliter
2248 435 2356 477 non
2398 421 2685 493 recitaret,
2729 434 2837 475 non
2875 420 3126 491 impleret
3165 418 3448 475 Ecclesiae
3477 436 3634 490 prae-

394 508 519 565 ideo
555 508 868 582 singillatim
898 507 964 563 de
994 507 1095 563 illis
1122 507 1391 564 dicemus,

473 606 529 657 5.
559 600 693 655 Dico
720 612 851 671 ergo
880 598 1085 668 primo:
1114 596 1417 669 Aliquando
1440 603 1599 654 actus
1622 596 1864 653 internus
1886 612 1980 667 po·

394 694 504 744 test
548 687 746 744 cadere
789 687 893 743 sub
934 686 1318 759 obligationem
1360 687 1515 759 legis,
1560 702 1660 743 seu
1699 688 1979 759 praecepti

388 776 635 847 humani,
662 778 879 833 etiamsi
901 792 972 833 ex
1002 778 1055 831 vi
1084 782 1243 833 actus
1264 777 1475 833 externi
1505 777 1845 833 innotescere
1874 791 1980 832 non

388 868 563 939 possit
607 866 960 925 infallibiliter
982 908 999 937 ,
1040 866 1095 923 id
1134 873 1219 924 est
1246 865 1375 923 licet
1400 882 1506 922 non
1536 868 1607 924 sit
1633 866 1977 923 necessarius

388 957 511 1014 talis
527 965 689 1014 actus
716 959 967 1014 internus
983 955 1052 1012 ad
1065 955 1411 1013 efficiendum
1428 956 1777 1012 materialiter
1793 960 1977 1011 actum

384 1052 695 1117 externum,
736 1044 1037 1102 dummodo
1065 1045 1136 1101 sit
1161 1046 1507 1101 necessarius
1529 1044 1594 1100 ad
1616 1044 1832 1118 aliquod
1854 1059 1977 1099 esse

386 1134 591 1191 morale
620 1136 828 1190 externi
860 1140 1051 1204 actus,
1083 1132 1229 1206 quod
1260 1148 1418 1205 saepe
1447 1139 1629 1204 potest
1654 1148 1775 1189 esse
1805 1141 1975 1189 mate-

387 1226 471 1281 ria
500 1225 633 1297 legis
662 1223 953 1280 humanae.
980 1225 1037 1279 ln
1067 1224 1169 1279 hoc
1200 1225 1371 1280 sentio
1400 1239 1529 1279 cum
1558 1224 1726 1295 priori
1756 1232 1971 1279 senten-

384 1314 590 1382 tia,=et
626 1315 859 1371 sortasse
890 1315 1039 1391 Sylv.
1071 1314 1304 1371 Almain.
1334 1323 1393 1372 et
1416 1316 1619 1371 Navar.
1654 1330 1761 1370 non
1799 1315 1975 1372 inten-

378 1404 522 1461 dunt
558 1403 663 1461 hoc
694 1420 925 1477 negare3
979 1404 1085 1460 imo
1116 1404 1329 1461 videtur
1365 1420 1487 1461 esse
1516 1405 1823 1461 communis
1852 1420 1976 1461 sen-

381 1495 548 1551 tentia
588 1494 991 1566 theologorum,
1036 1500 1099 1551 ut
1138 1495 1363 1566 patebit.
1396 1496 1465 1551 Et
1500 1495 1766 1566 probatur
1794 1495 1969 1565 primo

378 1583 729 1653 inductione3
775 1599 915 1639 nam·
940 1584 1009 1639 ad
1052 1598 1175 1640 vere
1216 1582 1651 1640 contrahendum
1700 1599 1797 1655 per
1824 1590 1973 1640 exte-

378 1662 525 1729 riora
554 1673 717 1728 verba
746 1674 1092 1729 necessarius
1114 1678 1202 1729 est
1230 1672 1477 1729 internus
1498 1687 1826 1743 consensus,
1844 1672 1970 1729 iicet

378 1778 477 1833 per
502 1764 775 1820 exteriora
816 1761 980 1818 verba
1008 1767 1329 1819 contractus
1357 1778 1463 1819 non
1494 1762 1773 1820 evidenter
1802 1779 1964 1834 appa-

378 1860 501 1909 reat
540 1852 659 1909 talis
705 1868 1033 1924 consensus,
1078 1853 1209 1926 quia
1249 1868 1355 1909 non
1397 1859 1485 1909 est
1522 1854 1870 1909 necessarius
1899 1851 1965 1907 ad

377 1943 735 2000 substantiam
781 1942 1105 2011 verborum,
1148 1948 1204 1999 et
1242 1948 1423 1999 tamen
1468 1940 1747 2011 Ecclesia,
1779 1942 1883 1997 imo
1911 1950 1967 1998 et

376 2031 692 2104 respublica
733 2039 914 2102 potest
952 2030 1185 2088 subditis
1212 2032 1327 2087 suis
1358 2032 1673 2104 praecipere
1702 2032 1751 2085 in
1783 2032 1967 2089 multis

376 2123 619 2193 casibus,
644 2128 708 2177 ut.
736 2136 861 2177 vere
890 2120 1237 2190 contrahant,
1261 2128 1316 2177 et
1344 2136 1443 2192 pro
1472 2120 1577 2177 illis
1604 2128 1793 2193 posset
1820 2122 1965 2195 leges

376 2212 553 2282 ferre,
590 2227 725 2284 ergo
766 2227 831 2267 ex
862 2211 911 2265 vi
939 2212 1063 2267 talis
1092 2211 1367 2281 praecepti
1402 2209 1676 2282 obligatur
1706 2210 1867 2266 homo
1898 2211 1965 2268 ad

371 2300 810 2357 contrahendum
841 2316 971 2356 cum
1000 2315 1131 2357 vero
1160 2315 1469 2373 consensu,
1502 2300 1633 2357 alias
1660 2299 1859 2357 inutilis
1881 2316 1966 2357 es-

375 2398 459 2446 set
501 2390 621 2447 talis
662 2390 767 2447 lex.
806 2390 894 2446 Sic
937 2390 1100 2445 etiam
1126 2390 1375 2445 Ecclesia
1414 2391 1691 2462 praecepit
1716 2390 1965 2447 omnibus

374 2479 762 2551 recipientibus
815 2494 1034 2536 sacrum
1082 2478 1324 2535 ordinem
1347 2522 1363 2549 ,
1415 2488 1475 2535 ut
1524 2482 1829 2535 castitatem
1874 2496 1965 2535 vo·

372 2574 561 2639 veant,
603 2568 752 2642 quod
805 2568 985 2625 facere
1018 2584 1125 2623 non
1153 2573 1388 2639 possunt
1414 2570 1529 2623 sine
1558 2571 1767 2624 interna
1796 2570 1965 2626 inten-

374 2661 522 2715 tione
565 2660 823 2731 vovendi,
856 2666 953 2715 aut
980 2675 1040 2716 se
1068 2658 1339 2731 obligandi
1366 2657 1433 2715 ad
1463 2661 1790 2730 castitatem,
1822 2676 1963 2732 quae

374 2764 470 2819 per
510 2750 833 2806 exteriorem
884 2748 1287 2805 ordinationem
1326 2762 1432 2803 non
1472 2749 1784 2805 innotescit.
1819 2749 1961 2805 idem

374 2846 764 2911 argumentum
796 2839 938 2894 sumi
967 2843 1149 2910 potest
1192 2854 1262 2895 ex
1288 2852 1386 2905 eo,
1416 2836 1566 2910 quod
1593 2838 1840 2894 Ecclesia
1870 2854 1965 2910 po-

370 2934 479 2985 test
520 2930 835 3000 praecipere
884 2916 1187 2999 sacerdoti,
1238 2933 1302 2983 ut
1348 2923 1638 2999 aliquando
1668 2928 1958 2996 sacrificet,

368 3017 519 3091 quod
547 3019 725 3075 facere
751 3032 859 3074 non
890 3025 1069 3089 potest
1097 3018 1211 3074 sine
1238 3015 1480 3073 interiori
1506 3017 1801 3081 intentione
1828 3034 1961 3075 con-

370 3108 603 3180 ficiendi3
628 3124 761 3182 ergo
782 3108 850 3165 ad
872 3108 1019 3164 illam
1042 3106 1316 3181 obligatur
1336 3123 1401 3163 ex
1424 3107 1474 3163 vi
1496 3106 1635 3163 illius
1656 3109 1956 3179 praecepti3

369 3198 499 3253 alias
528 3197 779 3255 inefficax
810 3196 987 3270 valde,
1008 3203 1065 3254 et
1090 3196 1271 3253 inutile
1298 3203 1443 3253 esset
1469 3204 1820 3269 praeceptum
1842 3239 1856 3267 ,
1888 3200 1957 3254 si-

369 3286 604 3360 mileque
653 3294 736 3343 est
788 3286 855 3343 de
902 3287 1046 3343 omni
1092 3292 1385 3359 praecepto
1412 3287 1790 3344 ecclesiastico
1820 3291 1959 3344 reci·

366 3376 551 3448 piendi
580 3376 799 3451 aliquod
824 3384 1252 3447 sacramentum,
1274 3376 1417 3433 etde
1439 3392 1491 3433 c.
1522 3377 1621 3433 ult.
1649 3376 1715 3433 de
1744 3376 1951 3434 haeret.

369 3469 423 3522 in
458 3470 511 3536 6,
544 3466 635 3523 ubi
676 3468 1010 3538 praecipitur
1035 3465 1467 3538 inquisitoribus,
1502 3471 1573 3522 ut
1611 3481 1837 3539 puram
1880 3483 1955 3523 ac

361 3554 677 3629 providam
710 3558 1094 3612 intentionem
1112 3554 1371 3613 habeant
1396 3563 1507 3612 etc.
1539 3556 1611 3613 Et
1636 3553 1705 3613 de
1732 3572 1952 3627 praece-

362 3650 457 3715 pto
486 3645 747 3702 recitandi
772 3646 933 3702 horas
963 3644 1277 3717 canonicas3
1312 3661 1435 3701 nam
1461 3645 1757 3719 (quidquid
1790 3648 1858 3704 sit
1884 3649 1951 3706 de

365 3734 689 3808 attentione)
713 3735 904 3791 saltem
929 3733 994 3789 de
1023 3735 1317 3791 intentione
1344 3734 1533 3791 orandi
1549 3752 1739 3792 omnes
1760 3737 1951 3796 docto·

362 3840 453 3880 res
476 3824 835 3897 conveniunt,
864 3839 984 3879 esse
1015 3823 1375 3880 necessariam
1402 3840 1467 3881 ex
1496 3824 1547 3879 vi
1574 3826 1697 3881 talis
1726 3842 1949 3897 praece-

361 3914 459 3985 pti,
473 3914 729 3986 quoniam
752 3914 865 3968 sine
890 3913 1177 3970 intentione
1198 3913 1389 3970 orandi
1411 3930 1518 3971 non
1540 3922 1660 3971 erat
1678 3932 1807 3973 vera
1828 3933 1949 3975 ora-

361 4002 459 4073 tio,
490 4001 584 4057 sed
616 4002 760 4058 ficta.
1769 4030 1773 4033 -

438 4094 493 4148 6.
526 4092 677 4146 Dicet
704 4091 845 4147 sorte
874 4091 1093 4163 aliquis,
1116 4093 1169 4147 in
1199 4092 1281 4150 his
1312 4093 1563 4151 omnibus
1591 4095 1812 4152 casibus
1836 4114 1942 4154 non

358 4180 597 4252 praecipi
624 4186 809 4235 actum
839 4182 1113 4237 internum
1142 4197 1207 4237 ex
1230 4183 1451 4238 vi'iuris
1479 4182 1728 4255 humani,
1753 4186 1847 4243 sed
1876 4204 1942 4244 ex

358 4272 411 4325 vi
448 4270 581 4326 iuris
626 4267 821 4339 divini,
866 4270 948 4325 vel
990 4270 1271 4326 naturalis.
1304 4274 1437 4329 Nam
1473 4273 1721 4329 Ecclesia
1762 4276 1939 4332 solum

358 4359 619 4432 praecipit
640 4358 964 4415 exercitium
993 4358 1137 4415 illius
1167 4367 1327 4417 actus
1352 4362 1640 4418 exterioris
1671 4363 1722 4419 in
1752 4364 1941 4422 ordine

358 4450 425 4506 ad
466 4449 631 4506 talem
666 4450 856 4517 finem,
899 4455 956 4504 et
1002 4457 1135 4505 tunc
1178 4458 1530 4521 praeceptum
1558 4450 1824 4525 divinum,
1857 4455 1939 4511 vel

358 4538 601 4595 naturale
642 4537 844 4609 obligat
882 4536 950 4593 ad
988 4537 1328 4609 operandum
1358 4555 1487 4596 cum
1519 4540 1609 4596 tali
1640 4541 1938 4600 intentione

360 4627 444 4685 vel
481 4642 791 4697 consensu,
832 4632 939 4682 etc.
972 4629 1041 4682 At
1077 4626 1181 4682 hoc
1220 4642 1395 4699 neque
1432 4629 1808 4688 universaliter
1848 4648 1937 4688 ve-

356 4734 479 4774 rum
523 4722 639 4786 est,
682 4731 783 4773 nec
824 4715 876 4771 in
906 4715 1089 4789 aliquo
1116 4732 1183 4773 ex
1210 4716 1371 4773 dictis
1396 4720 1657 4792 exemplis
1683 4722 1937 4777 sustineri

357 4812 553 4878 potest.
580 4807 822 4862 Primum
864 4810 1016 4877 patet
1052 4807 1105 4860 in
1147 4812 1277 4863 actu
1308 4823 1360 4860 v.
1390 4822 1445 4878 g.
1479 4808 1742 4865 recitandi
1774 4809 1935 4870 horas

352 4895 674 4963 canonicas,
718 4910 846 4951 nam
887 4894 1063 4966 legere
1104 4896 1281 4951 omnia
1319 4896 1434 4966 illa,
1466 4912 1605 4969 quae
1631 4899 1935 4956 recitantur

353 4986 528 5041 animo
561 4981 896 5049 addiscendi,
929 4984 1011 5039 vel
1040 4982 1329 5040 refricandi
1358 4986 1826 5053 memoriam,non
1848 4995 1935 5045 est

351 5090 449 5146 per
478 5090 535 5129 se
560 5070 787 5143 malum,
814 5087 915 5128 nec
937 5078 1129 5128 contra
1150 5073 1233 5130 ius
1257 5074 1521 5146 naturale,
1544 5081 1644 5131 aut
1662 5076 1927 5153 divinum,

348 5172 410 5219 ut
440 5178 534 5235 per
562 5179 619 5219 se
648 5168 883 5235 constat,
916 5167 972 5218 et
1002 5169 1177 5219 tamen
1206 5163 1300 5234 qui
1331 5164 1409 5220 sic
1442 5162 1641 5237 legeret
1671 5165 1854 5240 horas,
1876 5177 1931 5224 et

2056 516 2280 581 ceptum
2322 508 2630 567 secundum
2669 524 2887 579 omnes,
2933 525 3066 584 ergo
3094 508 3345 582 obligatio
3376 510 3640 566 recitandi

2054 614 2186 654 cum
2215 598 2303 655 illa
2333 599 2626 656 intentione
2653 606 2742 655 est
2766 614 2830 655 ex
2856 604 3152 671 praecepto
3173 597 3476 655 Ecclesiae.
3493 596 3642 654 Idem

2052 695 2138 744 est
2155 685 2224 743 de
2245 688 2535 744 intentione
2555 686 2846 759 recipiendi
2869 687 3114 744 ordinem
3140 703 3361 744 sacrum
3385 688 3501 744 sine
3524 689 3639 744 ani-

2053 792 2143 832 mo
2186 775 2437 833 servandi
2477 777 2814 848 castitatem,
2860 778 2944 833 vei
2985 776 3054 833 ad
3082 776 3225 833 illam
3255 792 3315 834 se
3344 776 3636 850 obligandi3

2049 864 2152 922 hoc
2195 865 2338 921 enim
2380 882 2487 921 non
2525 873 2610 922 est
2645 868 2939 925 intrinsece
2969 866 3170 923 malum
3202 874 3298 924 aut
3325 874 3518 923 contra
3546 869 3634 921 ius

2047 954 2316 1026 divinum,
2343 962 2400 1011 et
2428 962 2603 1011 tamen
2633 970 2780 1011 nunc
2807 962 2894 1011 est
2918 963 3207 1028 peccatum
3232 956 3462 1013 mortale
3488 971 3555 1011 ex
3575 958 3632 1011 vi

2047 1046 2323 1116 praecepti
2351 1044 2646 1101 Ecclesiae.
2681 1044 2826 1102 ldem
2867 1044 2997 1101 licet
3023 1046 3370 1102 considerare
3399 1046 3450 1100 in
3479 1061 3638 1117 prae·

2044 1142 2202 1207 cepto
2231 1134 2393 1192 dandi
2420 1138 2592 1207 gratis
2620 1136 2810 1192 titulos
2837 1134 3063 1204 ordinis,
3095 1146 3192 1192 aut
3221 1120 3466 1193 officium
3495 1143 3630 1192 tem·

2044 1224 2232 1293 porale
2271 1224 2588 1293 Ecclesiae,
2635 1225 2714 1280 vel
2755 1223 2957 1297 aliquid
3001 1225 3207 1295 simile,
3249 1224 3399 1298 quod
3430 1242 3536 1281 non
3566 1227 3635 1282 sit

2042 1311 2381 1384 prohibitum
2413 1313 2568 1369 vendi
2593 1315 2711 1369 iure
2737 1314 2996 1383 naturali,
3030 1322 3128 1371 aut
3153 1313 3356 1387 divino,
3387 1314 3483 1371 sed
3515 1323 3630 1370 tan-

2041 1408 2158 1457 tum
2194 1401 2600 1473 ecclesiastico;
2643 1419 2767 1459 nam
2806 1404 3029 1461 intentio
3068 1404 3230 1459 dandi
3260 1406 3434 1477 gratis
3463 1405 3626 1461 talem

2043 1506 2180 1563 rem,
2213 1507 2359 1547 nunc
2389 1494 2698 1548 necessaria
2723 1499 2810 1549 est
2839 1492 2904 1549 ad
2933 1493 3214 1550 vitandum
3244 1502 3636 1565 peccatum,et

2040 1594 2145 1635 non
2187 1595 2254 1636 ex
2295 1581 2410 1638 iure
2437 1580 2647 1654 divino;
2685 1596 2818 1654 ergo
2845 1598 2911 1639 ex
2939 1582 3345 1656 ecclesiasti003
3377 1599 3509 1657 ergo
3537 1601 3628 1641 ec-

2022 1668 2345 1725 rclesiastica
2368 1670 2450 1727 lex
2465 1676 2644 1743 potest
2659 1670 2894 1743 obligare
2917 1671 2981 1727 ad
3007 1672 3232 1729 similem
3256 1674 3629 1749 intentionem.

2038 1757 2151 1814 lmo
2177 1758 2228 1814 in
2252 1759 2356 1816 hoc
2389 1768 2444 1816 et
2464 1758 2810 1832 praecedenti
2835 1759 3084 1833 exemplo
3108 1762 3190 1818 lex
3213 1762 3495 1819 Ecclesiae
3519 1780 3644 1839 non=

2038 1846 2244 1921 obligat
2270 1850 2587 1922 simplicIter
2616 1850 2684 1907 ad
2704 1850 2835 1920 hoc,
2859 1851 2944 1907 vel
2965 1850 3104 1907 illud
3125 1852 3366 1909 exterius
3385 1851 3628 1909 efficien-

2036 1938 2194 2008 dum,
2227 1938 2322 1995 sed
2351 1939 2577 2013 obligat,
2609 1948 2672 1997 ut
2698 1941 2742 1995 si
2767 1940 2882 2012 fiat,
2909 1940 3081 2013 gratis
3111 1942 3222 2013 fiat,
3248 1941 3395 2015 quod
3427 1942 3625 2013 pendet

2037 2028 2255 2085 omnino
2293 2045 2359 2086 ex
2401 2030 2700 2088 intentione
2729 2031 2960 2105 interna,
2993 2048 3134 2105 quae
3166 2049 3274 2089 non
3301 2039 3387 2090 est
3415 2034 3624 2105 simpli-

2036 2116 2176 2173 citer
2202 2120 2512 2175 necessaria
2548 2119 2612 2176 ad
2652 2126 2838 2177 actum
2866 2128 3174 2193 externum,
3207 2138 3308 2179 nec
3340 2135 3436 2194 per
3464 2122 3622 2179 illum

2036 2207 2373 2266 sufficienter
2407 2209 2812 2279 manifestatur,
2847 2226 2968 2267 nam
2999 2218 3186 2283 posset
3211 2228 3333 2268 esse
3357 2211 3528 2282 datio,
3561 2218 3618 2268 et

2035 2299 2368 2369 receptio,et
2396 2307 2628 2371 utraque
2656 2302 2830 2373 gratis
2861 2300 3068 2357 fieri.1n
3097 2301 3214 2357 aliis
3240 2305 3402 2358 etiam
3431 2317 3614 2359 exem-

2034 2388 2137 2459 plis
2165 2388 2337 2445 allatis
2358 2404 2464 2445 non
2490 2395 2669 2460 potest
2687 2388 2894 2447 admitti
2918 2389 3005 2447 illa
3024 2391 3330 2463 responsio,
3348 2398 3464 2447 tum
3487 2391 3617 2462 quia

2035 2493 2194 2547 saepe
2223 2486 2308 2535 est
2335 2480 2492 2551 longe
2515 2481 2690 2535 maior
2718 2478 2971 2553 obligatio
2998 2479 3227 2535 habendi
3253 2480 3413 2549 talem
3437 2490 3624 2537 actum

2035 2568 2309 2625 internum
2343 2571 2554 2625 ratione
2583 2573 2858 2641 praecepti
2891 2571 3452 2643 ecelesiastici,quam
3480 2580 3626 2626 esset

2034 2658 2147 2713 sine
2179 2658 2290 2727 illo,
2323 2666 2386 2714 ut
2414 2656 2684 2715 interdum
2715 2660 2842 2715 ficte
2885 2660 3233 2729 contrahere,
3263 2658 3346 2715 vel
3377 2660 3622 2731 proferre
3727 2709 3734 2720 ,

2034 2747 2217 2819 aliqua
2243 2748 2407 2805 verba
2425 2790 2439 2819 ,
2470 2757 2619 2804 esset
2647 2756 2856 2805 tantum
2883 2749 3086 2805 veniale
3109 2757 3402 2821 peccatum
3431 2765 3500 2805 ex
3525 2766 3618 2805 na-

2034 2843 2156 2893 tura
2198 2837 2304 2904 rei,
2348 2843 2402 2892 et
2429 2839 2602 2908 posita
2644 2837 2760 2910 lege
2801 2838 3035 2895 humana
3063 2840 3424 2911 praecipiente
3453 2840 3618 2896 talem

2030 2931 2400 2997 contractum,
2431 2926 2534 2981 erit
2558 2942 2722 2999 grave
2753 2930 3248 2998 peccatum.Tcum
3276 2931 3462 2999 etiam,
3493 2929 3622 3001 quia

2030 3022 2350 3086 peccatum,
2383 3014 2531 3086 quod
2561 3015 2630 3071 ihi
2659 3015 2797 3073 solet
2824 3018 3091 3073 committi
3120 3024 3308 3074 contra
3341 3021 3430 3075 ius
3456 3026 3615 3079 natu-

2028 3105 2137 3161 rale
2156 3148 2170 3172 ,
2202 3105 2340 3161 solet
2362 3121 2484 3161 esse
2513 3112 2802 3177 peccatum
2831 3105 3249 3175 commissionis,
3278 3107 3363 3163 vel
3393 3106 3616 3165 menda-

2026 3196 2126 3255 cii.
2169 3202 2267 3251 aut
2311 3196 2576 3266 fictioniS,
2620 3195 2703 3251 vel
2739 3196 2966 3253 iniuriae
3004 3195 3054 3251 in
3085 3199 3417 3267 proximum,
3447 3197 3530 3251 vel
3562 3196 3612 3252 in

2026 3286 2196 3340 Deum
2219 3324 2234 3353 ,
2288 3284 2418 3359 quia
2457 3292 2622 3341 actus
2645 3287 2884 3342 exterior
2914 3286 2990 3343 sic
3021 3285 3200 3343 iactus
3229 3287 3447 3343 involvit
3475 3288 3615 3345 iniu-

2024 3374 2257 3444 stitiam,
2301 3373 2381 3430 vel
2421 3375 2578 3430 aliam
2609 3373 2835 3431 similem
2867 3375 3154 3448 malitiam3
3186 3382 3246 3433 at
3272 3392 3400 3433 vero
3432 3376 3610 3433 stante

2024 3464 2141 3537 lege
2173 3464 2400 3535 positiva
2426 3464 2790 3536 praecipiente
2819 3464 2980 3522 talem
3011 3473 3436 3535 actum,contra
3466 3466 3606 3524 illam

2022 3562 2284 3625 peccatur
2311 3570 2408 3626 per
2437 3554 2806 3625 omissionem,
2838 3562 2899 3611 ut
2925 3555 3109 3611 statim
3137 3554 3474 3614 declaratur.

2100 3648 2151 3703 7.
2184 3645 2338 3701 Ratio
2381 3651 2564 3701 autem
2602 3660 2635 3700 a
2675 3645 2838 3716 priori
2878 3644 3190 3701 assertionis
3218 3662 3336 3701 esse
3365 3640 3600 3719 videtur,

2018 3736 2146 3806 quia
2183 3734 2266 3790 isti
2297 3741 2460 3790 actus
2490 3735 2688 3791 interni
2717 3741 2848 3790 sunt
2876 3736 3170 3789 necessarii
3201 3734 3267 3790 ad
3297 3734 3600 3793 humanum

2016 3824 2361 3894 convictum,
2389 3823 2470 3879 vel
2501 3823 2569 3880 ad
2595 3821 2812 3880 cultum
2843 3824 3114 3896 religionis
3142 3825 3195 3879 in
3224 3826 3474 3881 Ecclesia
3503 3842 3596 3881 ne-

2016 3913 2339 3985 cessarium,
2355 3928 2464 3969 non
2494 3912 2674 3968 solum
2699 3913 3044 3969 materialiter
3069 3916 3270 3985 sumpti
3291 3915 3600 3972 secundum

2010 4004 2133 4057 'esse
2162 4002 2471 4078 physicum,
2496 4001 2591 4059 sed
2612 4004 2777 4060 etiam
2803 4002 3099 4059 formaliter
3121 4006 3358 4076 accepti,
3387 4013 3448 4061 ut
3468 4014 3601 4063 sunt

2011 4091 2145 4148 tales
2190 4098 2350 4148 actus
2390 4091 2655 4157 moraleS,
2700 4091 2782 4147 vel
2823 4095 2980 4164 quasi
3018 4094 3354 4163 artificiales,
3400 4094 3452 4151 id
3489 4103 3594 4165 est,

2011 4188 2282 4254 quatenus
2329 4188 2458 4237 sunt
2504 4190 2857 4251 contractus,
2909 4190 3340 4252 sacramentum,
3386 4186 3593 4241 sacriti-

2010 4271 2181 4335 cium,
2210 4270 2423 4342 cultus,
2449 4272 2650 4343 oratio,
2666 4278 2722 4327 et
2748 4265 3126 4344 simile33'ergo
3157 4271 3222 4328 ad
3253 4279 3458 4330 rectam
3485 4276 3594 4332 Ec-

2008 4360 2202 4417 clesiae
2230 4361 2674 4433 gubernationem
2697 4363 3006 4417 necessaria
3037 4361 3109 4417 illi
3136 4361 3236 4417 suit
3257 4367 3499 4433 potestas
3522 4362 3592 4421 ad

2008 4448 2450 4522 praecipiendum
2481 4466 2676 4519 usum,
2714 4456 2770 4505 et
2795 4452 3118 4509 exercitium
3147 4452 3333 4508 talium
3363 4460 3604 4511 actuum.

2008 4540 2311 4597 secundum
2349 4538 2766 4595 talessormales
2797 4542 3053 4596 rationes.
3087 4543 3202 4597 Non
3231 4552 3464 4613 possunt
3491 4562 3592 4601 au·

2007 4636 2114 4686 tem
2152 4631 2226 4685 ita
2265 4623 2532 4701 praecipi,
2572 4629 2700 4701 quin
2734 4630 3137 4702 praecipiantur
3180 4641 3338 4687 actus
3364 4635 3590 4703 interni,
3684 4655 3693 4663 ·

2006 4720 2121 4774 stne
2162 4718 2362 4790 quibus
2406 4718 2644 4774 rationes
2685 4717 2803 4773 illae
2842 4720 3144 4775 consistere
3183 4736 3291 4777 non
3329 4734 3583 4797 possunt,

2003 4824 2132 4881 ergo
2171 4807 2260 4864 illo
2305 4808 2463 4863 modo
2495 4806 2732 4879 praecipi
2761 4815 3016 4879 possunt,
3046 4810 3158 4865 sive
3186 4826 3281 4881 per
3305 4819 3465 4870 actus
3492 4831 3584 4871 ex-

2004 4906 2189 4955 ternos
2217 4895 2552 4953 sufficienter
2581 4896 3014 4971 manifestentur,
3037 4900 3147 4955 sive
3176 4916 3308 4973 non,
3339 4904 3489 4975 quia,
3522 4910 3585 4960 ut

2003 4987 2430 5060 praecipiantur,
2445 4987 2572 5042 satis
2601 4992 2688 5041 est
2713 4986 2804 5043 illa
2825 4990 3129 5045 necessaria
3156 4993 3581 5066 connexio,quia
3641 5040 3648 5055 .

2003 5094 2107 5133 non
2151 5076 2562 5149 praecipiuntur
2602 5091 2696 5147 per
2737 5092 2830 5145 se,
2875 5076 2970 5134 sed
3011 5083 3574 5159 compraecipiuntur,

2002 5184 2100 5223 nec
2148 5165 2301 5223 aliter
2349 5172 2580 5238 possunt
2626 5166 2860 5239 praecipi
2899 5166 3203 5226 efficaciter
3244 5171 3378 5229 tales
3421 5184 3581 5233 actus
