4325 6267
830 318 956 385 126

747 463 1105 537 dispensatio,
1150 461 1259 519 sive
1300 466 1691 534 praeceptum,
1736 466 1841 519 aut,
1872 458 2007 517 iuris
2044 457 2333 528 institutio,

748 556 859 613 sive
898 570 994 627 per
1021 553 1240 626 legem,
1274 553 1385 609 sive
1415 566 1512 624 per
1536 549 1988 609 consuetudinem
2007 590 2023 621 ,
2055 548 2139 605 vel
2169 548 2336 622 parti-

748 646 989 704 cularem
1027 642 1156 717 ,vel
1196 642 1363 699 totius
1404 641 1581 713 orbis,
1625 658 1765 717 quae
1792 642 1932 699 solet
1958 640 2063 697 dici
2092 641 2178 698 ius
2203 656 2334 715 gen-

748 738 916 808 tium,
948 740 1011 793 ut
1036 734 1174 791 infra
1201 731 1398 789 (licam.
1427 735 1502 790 De
1530 734 1651 789 iure
1680 738 1859 789 autem
1888 731 2069 788 divino
2100 732 2330 803 positivo

744 829 883 885 infra
909 828 959 883 in
989 825 1179 883 ultimo
1225 824 1361 881 libro
1392 824 1557 881 huius
1586 831 1855 881 tractatus
1885 823 2152 880 dicemus.

820 921 964 975 llaec
994 918 1161 991 igitur
1201 916 1462 972 sententia
1486 917 1659 987 primo
1683 913 1947 971 suadetur
1970 914 2132 969 variis
2152 926 2332 967 exem-

744 1010 868 1083 plis.
903 1010 1142 1067 Primum
1186 1014 1243 1064 et
1282 1006 1504 1079 vulgare
1544 1011 1628 1062 est
1666 1005 1734 1063 de
1775 1004 2032 1062 divisione
2070 1003 2335 1061 dominio-

743 1116 866 1158 rum
886 1140 901 1170 ,
942 1101 1072 1173 quia
1110 1100 1231 1154 iure
1260 1103 1486 1154 naturae
1514 1098 1695 1154 omnia
1723 1104 1879 1154 erant
1905 1095 2249 1166 communia,
2278 1099 2335 1150 et

743 1191 1093 1249 nibilominus
1124 1204 1313 1245 rerum
1345 1187 1530 1243 divisio
1556 1187 1622 1243 ab
1643 1186 1895 1243 omnibus
1916 1184 2231 1242 introducta
2252 1188 2337 1239 est

740 1286 793 1340 in
823 1295 944 1353 cap.
989 1284 1089 1338 Ius
1117 1275 1413 1338 naturale,
1448 1276 1573 1332 dist.
1616 1282 1665 1347 1,
1696 1293 1815 1349 cap.
1858 1280 1986 1351 Quo
2014 1278 2163 1341 iure,
2200 1274 2326 1331 dist.

744 1380 801 1433 8.
830 1375 943 1429 lmo
986 1372 1035 1426 in
1068 1386 1191 1442 cap.
1231 1367 1659 1433 Dilectissimis,
1703 1372 1798 1438 12,
1831 1382 1887 1439 q.
1928 1372 1987 1439 1,
2018 1366 2222 1423 dicitur
2250 1382 2334 1421 re-

740 1479 867 1521 rum
907 1459 1097 1517 divisio
1152 1476 1247 1531 per
1286 1458 1617 1531 iniquitatem
1658 1458 2004 1528 introducta,
2037 1473 2145 1513 non
2187 1456 2335 1530 quod

737 1560 854 1628 ipsa
891 1551 1227 1610 introductio
1280 1550 1466 1623 iniqua
1504 1549 1697 1621 fuerit,
1741 1546 1835 1604 sed
1864 1547 2013 1621 quod
2044 1547 2334 1604 occasione

735 1644 951 1718 peccati
980 1642 1122 1698 facta
1160 1640 1345 1711 fuerit,
1371 1645 1433 1695 ut
1462 1654 1647 1695 omnes
1678 1638 1813 1694 infra
1841 1636 2038 1693 citandi
2065 1637 2333 1708 interpre-

739 1741 949 1793 tantur.
977 1729 1293 1788 Secundum
1326 1728 1637 1802 exemplum
1660 1728 1834 1784 simile
1856 1733 1942 1783 est
1962 1728 2027 1784 de
2057 1722 2327 1799 libertate,

736 1841 877 1900 quae
904 1824 1026 1881 iure
1049 1827 1277 1878 naturae
1310 1819 1623 1877 hominibus
1646 1819 1930 1887 convenit,
1957 1824 2012 1873 et
2035 1825 2214 1875 tamen
2237 1832 2333 1889 per

735 1916 881 1987 leges
919 1914 1191 1970 humanas
1241 1910 1521 1982 aufertur,
1553 1910 1591 1967 Ι.
1623 1912 2143 1975 manumissiones,
2181 1910 2235 1965 ff.
2267 1908 2332 1966 de

737 2004 908 2064 iustit.
940 2011 994 2061 et
1020 2003 1166 2074 iure,
1201 2001 1239 2058 1.
1274 1999 1550 2069 libertas,
1587 2002 1639 2057 ff.
1684 2001 1753 2057 de
1782 2000 2145 2072 statuliberis,
2177 2007 2210 2066 ς
2235 2003 2330 2057 ins

730 2102 959 2161 autem,
996 2094 1172 2149 Instit.
1221 2091 1288 2148 de
1319 2092 1436 2148 iure
1467 2091 1730 2162 naturali,
1760 2090 2035 2163 gentium,
2068 2096 2124 2147 et
2151 2088 2321 2147 civili.

732 2186 971 2243 Tertium
1009 2180 1324 2255 exemplum
1375 2186 1459 2237 est
1496 2179 1563 2237 de
1606 2180 1722 2237 iure
1764 2180 1996 2237 naturali
2036 2196 2143 2236 non
2183 2180 2353 2258 aufe-

732 2274 884 2333 rendi
914 2272 1176 2342 alienum,
1202 2270 1353 2347 quod
1394 2271 1609 2329 videtur
1636 2272 1913 2329 immutari
1940 2270 2224 2329 hominum
2252 2270 2330 2326 in-

735 2366 1097 2447 troductione·
1127 2379 1225 2435 per
1290 2362 1680 2434 usucapionem
1716 2372 1773 2419 et
1816 2363 2327 2435 praescriptionem.

734 2459 852 2525 Quo
880 2455 1125 2527 exemplo
1170 2454 1343 2512 utitur
1370 2452 1561 2511 Glossa
1588 2456 1645 2510 in
1670 2453 1818 2511 dicta
1846 2453 1882 2510 l.
1908 2455 2332 2510 manumissio-

734 2564 858 2603 nes.
888 2548 1155 2614 Quartum
1214 2550 1298 2601 est
1335 2542 1401 2601 de
1442 2545 1564 2600 iure
1600 2544 1861 2614 naturali,
1893 2543 2043 2617 quod
2071 2560 2168 2615 per
2198 2558 2332 2599 con-

735 2654 959 2694 sensum
989 2643 1247 2693 mutuum
1270 2636 1431 2691 maris
1458 2641 1516 2691 et
1540 2634 1766 2691 feminae
1788 2634 1879 2691 fiat
1900 2634 2326 2705 matrimonium,

734 2728 881 2801 quod
915 2727 982 2783 ab
1020 2726 1328 2783 hominibus
1355 2727 1703 2798 immutatur,
1728 2741 1796 2782 ne
1818 2726 1930 2793 fiat,
1960 2725 2059 2781 nisi
2088 2730 2329 2797 praeter-

736 2834 799 2875 ea
840 2822 1003 2874 testes
1053 2814 1251 2873 adsint.
1288 2815 1470 2872 Simile
1498 2822 1581 2873 est
1619 2815 1686 2871 de
1715 2815 1833 2872 iure
1868 2814 2133 2872 condendi
2165 2821 2330 2872 testa-

733 2915 1010 2981 mentum,
1048 2905 1129 2963 vel
1172 2904 1404 2964 donandi
1446 2922 1535 2963 res
1573 2922 1732 2979 suas3
1764 2922 1889 2962 nam
1917 2905 2053 2963 haec
2084 2905 2200 2962 iure
2231 2922 2327 2962 na-

734 3006 887 3057 turae
908 3000 1020 3055 fieri
1043 3004 1265 3069 possent
1296 3012 1395 3068 pro
1427 2997 1650 3053 arbitrio
1671 2996 1876 3053 domini
1892 2992 1991 3069 ·,'et
2016 3003 2193 3054 tamen
2216 2996 2324 3053 hoc

732 3090 817 3147 ius
848 3095 1095 3146 mutatur
1113 3128 1127 3157 ,
1158 3087 1245 3143 vel
1276 3087 1545 3144 limitatur
1568 3086 1633 3143 ab
1657 3086 1995 3160 hominibus,
2023 3093 2088 3143 ut
2114 3086 2326 3143 scilicet

735 3180 787 3237 id
815 3196 924 3237 non
952 3180 1074 3251 fiat,
1109 3177 1210 3233 nisi
1242 3194 1338 3249 per
1368 3184 1755 3247 testamentum
1787 3177 2057 3249 solemne,
2090 3186 2199 3235 etc.

810 3268 1063 3327 Secundo
1108 3267 1477 3341 principaliter
1532 3268 1835 3325 afferuntur
1877 3270 2029 3324 varia
2076 3268 2325 3340 exempla

731 3361 1193 3433 dispensationum
1243 3357 1613 3413 humanarum
1655 3357 1709 3413 in
1750 3357 1867 3414 iure
1908 3359 2160 3414 naturali.
2207 3359 2324 3417 Pri-

732 3468 883 3509 mum
918 3457 1004 3506 est
1025 3450 1091 3507 de
1106 3448 1507 3521 dispensatione
1530 3449 1585 3503 in
1608 3449 1745 3504 votis
1762 3455 1819 3504 et
1833 3448 2170 3521 iuramentis,
2189 3464 2327 3521 quo-

730 3558 857 3599 rum
886 3538 1139 3611 obligatio
1178 3538 1245 3595 de
1276 3538 1393 3594 iure
1414 3537 1649 3594 naturali
1676 3543 1780 3593 est.
1807 3536 2121 3595 Secundum
2147 3545 2234 3595 est
2254 3538 2320 3595 de

734 3628 1132 3704 dispensatione
1170 3628 1223 3683 in
1252 3628 1592 3685 matrimonio
1623 3635 1767 3699 rato,
1790 3627 1941 3701 quod
1964 3628 2322 3700 supponimus

732 3738 853 3781 esse
878 3718 1197 3778 dissolubile
1228 3718 1631 3790 dispensatione
1660 3718 1950 3790 pontificis,
1982 3734 2112 3783 cum
2142 3725 2320 3777 tamen

732 3816 853 3871 iure
892 3818 1119 3867 naturae
1142 3809 1517 3869 indissolubile
1540 3811 1632 3867 sit.
1656 3811 1895 3867 Tertium
1922 3817 2006 3867 est
2025 3809 2092 3866 de
2111 3810 2328 3883 dispen-

734 3905 943 3963 satione
975 3904 1025 3959 in
1069 3899 1359 3959 residentia
1386 3902 1802 3973 episcoporum,
1833 3916 1972 3974 quae
2008 3908 2091 3959 est
2117 3902 2184 3959 de
2210 3902 2328 3959 iure

733 3996 911 4053 divino
949 3992 1285 4065 naturali,ut
1314 3992 1478 4049 sentit
1504 3991 1798 4049 concilium
1826 3991 2330 4065 tridentinum,ses-

732 4088 885 4143 sione
911 4088 1007 4157 23,
1023 4098 1147 4155 cap.
1172 4088 1220 4140 1.
1238 4080 1308 4138 de
1318 4080 1626 4154 reformat.
1641 4088 1697 4138 et
1716 4084 1961 4139 tamenin
1982 4082 2070 4141 illa
2089 4086 2325 4159 quotidie

732 4175 1111 4249 dispensatur,
1150 4179 1213 4230 ut
1238 4178 1475 4229 constat.
1510 4174 1697 4247 Neque
1724 4171 1775 4227 in
1817 4174 1919 4231 hoc
1961 4176 2208 4248 exemplo
2232 4177 2324 4234 ha-

730 4268 824 4326 bet
853 4267 1040 4324 locum
1074 4263 1313 4337 vulgaris
1340 4264 1550 4336 evasio,
1586 4266 1733 4338 quod
1761 4266 1848 4323 illa
1873 4283 1983 4323 non
2012 4268 2082 4323 sit
2107 4266 2322 4340 dispen-

731 4357 903 4427 satio,
946 4356 1036 4413 sed
1094 4354 1471 4426 interpretatio.
1515 4354 1648 4411 iuris
1696 4356 1993 4428 naturalis3
2037 4362 2155 4413 tum
2193 4360 2322 4431 quia

728 4448 959 4505 evidenti
992 4446 1366 4518 experimento
1395 4452 1643 4517 constat,
1670 4447 1725 4502 in
1750 4446 1937 4504 multis
1959 4447 2178 4503 casibus
2203 4448 2323 4505 dari

730 4540 871 4597 hanc
908 4537 1256 4610 facultatem,
1280 4536 1333 4592 in
1362 4536 1563 4609 quibus
1592 4553 1698 4593 non
1722 4544 2037 4595 cessaverat
2064 4537 2320 4612 obligatio

732 4627 1021 4699 residendi,
1062 4643 1237 4700 neque
1268 4626 1376 4683 ulla
1404 4627 1660 4698 probabili
1688 4630 1897 4685 ratione
1925 4635 2112 4701 posset
2135 4629 2190 4686 id
2219 4646 2316 4702 per

732 4718 905 4777 solam
934 4716 1435 4790 interpretationem
1464 4717 1663 4791 colligi,
1688 4717 1781 4774 sed
1806 4733 1903 4790 per
1925 4721 2318 4778 auctoritatem

734 4809 1004 4866 Pontificis
1034 4806 1245 4865 tollitur
1276 4806 1554 4881 obligatio,
1588 4808 1874 4866 relaxando
1902 4810 2069 4883 illam,
2102 4819 2159 4870 et
2186 4812 2321 4870 haec

730 4906 816 4957 est
848 4898 1215 4971 dispensatio,
1259 4904 1380 4954 tum
1416 4898 1575 4954 etiam
1595 4940 1611 4970 ,
1641 4900 1771 4973 quia
1798 4900 1870 4956 ita
1900 4916 2058 4973 saepe
2086 4910 2320 4960 vocatur

731 4990 783 5046 in
821 4990 951 5063 ipsis
994 4988 1249 5059 indultiS,
1282 4989 1387 5044 imo
1428 4990 1588 5047 etiam
1626 4990 1681 5045 in
1722 4992 1961 5048 concilio
1995 4992 2313 5064 tridentino,

732 5096 869 5137 sess.
909 5083 939 5138 6
960 5119 974 5147 ,
1009 5095 1131 5149 cap.
1170 5082 1227 5136 2.
1268 5076 1339 5134 de
1373 5076 1811 5151 reformatione.
1840 5083 2111 5149 Quartum
2139 5100 2321 5142 exem-

735 5172 888 5245 plum
926 5175 1013 5226 est
1049 5167 1115 5226 de
1144 5168 1540 5242 dispensatione
1569 5168 1619 5225 in
1650 5169 2043 5243 impedimentis
2070 5172 2322 5233 irritanti-

740 5262 845 5321 bus
874 5260 1277 5319 matrimonium
1307 5260 1423 5318 iure
1452 5260 1714 5335 naturali,
1747 5277 1871 5319 nam
1899 5264 1954 5319 in
1982 5264 2320 5324 matrimonio

2225 330 2428 381 LIBER
2455 331 2533 379 11.
2627 286 2640 305 ι

2405 458 2542 515 inter
2569 455 2762 513 fratres
2792 455 2958 513 refert
2980 455 3172 529 Angel.
3199 470 3389 529 supra,
3421 455 3586 512 fuisse
3615 453 3990 527 dispensatum

2404 549 2522 606 iure
2549 545 2811 615 naturali,
2836 553 2890 604 et
2915 554 3092 604 tamen
3123 546 3255 606 illud
3282 553 3368 606 est
3393 546 3836 620 impedimentum
3863 549 3992 605 irri-

2403 644 2523 695 tans
2546 639 2662 693 iure
2684 643 2931 694 naturae.
2957 638 3194 711 Denique
3223 637 3502 695 adduntur
3525 653 3556 694 a
3579 637 3784 694 iuristis
3807 652 3989 694 exem-

2405 730 2494 803 pla
2514 728 2582 787 de
2605 729 3000 801 dispensatione
3023 731 3076 785 in
3091 729 3274 786 debito
3293 727 3536 787 solvendi
3552 728 3814 801 decimaS,
3834 728 3982 803 quod

2404 822 2594 879 dicunt
2611 836 2732 877 esse
2755 821 2820 877 de
2845 821 2964 876 iure
2985 818 3164 877 divino
3187 820 3436 877 naturali.
3461 822 3593 876 ltem
3613 822 3664 875 in
3687 819 3986 891 exemptio·

2403 928 2470 969 ne
2500 910 2686 967 clerici
2717 926 2746 967 a
2767 909 3144 967 iurisdictione
3172 910 3468 974 saeculari,
3498 925 3662 983 quam
3683 911 3985 980 exemptio-

2403 1016 2530 1059 nem
2569 999 2728 1055 etiam
2771 1006 2999 1057 censent
3032 1016 3153 1057 esse
3190 1000 3258 1057 de
3286 1000 3402 1056 iure
3433 999 3610 1055 divino
3637 998 3906 1067 naturali,
3935 1006 3992 1057 et

2406 1097 2583 1150 tamen
2629 1094 2679 1149 in
2717 1108 2782 1148 ea
2810 1090 3084 1163 dispensat
3110 1090 3344 1147 Pontifex
3367 1132 3382 1163 ,
3413 1088 3769 1161 permittendo
3788 1130 3804 1161 ,
3832 1090 3990 1145 cleri-

2403 1198 2530 1240 cum
2575 1199 2606 1240 a
2641 1181 2925 1254 temporali
2963 1181 3141 1237 iudice
3170 1181 3378 1253 puniri,
3407 1182 3568 1237 etiam
3596 1180 3650 1235 in
3676 1196 3848 1235 causa
3875 1180 3984 1235 cri-

2405 1272 2616 1345 minali,
2646 1279 2703 1329 et
2743 1272 2848 1329 alia
2889 1271 3080 1327 similia
3110 1270 3277 1327 videri
3305 1276 3537 1343 possunt
3563 1270 3616 1325 in
3645 1270 3826 1326 Felino
3855 1286 3980 1342 cap.

2408 1364 2506 1420 ult.
2540 1362 2611 1419 de
2640 1366 2855 1420 maior.
2889 1366 2942 1418 et
2969 1359 3314 1428 obedientia,
3349 1378 3403 1417 n.
3443 1363 3493 1419 7.
3526 1368 3582 1417 et
3611 1362 3984 1435 sequentibus.

2484 1454 2662 1511 Tertio
2693 1457 3146 1526 argumentantur
3183 1452 3388 1509 ratione
3408 1494 3423 1521 ,
3456 1454 3583 1526 quia
3611 1452 3746 1509 haec
3773 1451 3990 1525 dispen-

2403 1546 2542 1603 satio
2585 1546 2636 1601 in
2676 1543 2946 1618 aliquibus
2989 1542 3197 1599 iuribus
3225 1542 3564 1601 naturalibus
3591 1550 3677 1601 est
3703 1559 3862 1617 saepe
3891 1559 3986 1600 ne-

2406 1636 2644 1693 cessaria
2683 1634 2750 1692 ad
2778 1635 2982 1692 bonum
3012 1635 3348 1705 animarum,
3381 1640 3446 1691 ut
3470 1634 3713 1708 exempla
3739 1632 3985 1692 adducta

2407 1726 2737 1798 ostendunt,
2769 1742 2898 1798 ergo
2927 1741 3036 1782 non
3057 1734 3143 1782 est
3163 1725 3449 1783 verisimile
3471 1768 3486 1797 ,
3511 1725 3793 1799 reliquisse
3815 1728 3988 1783 Deum

2405 1817 2649 1874 homines
2671 1817 2782 1873 sine
2805 1816 2911 1874 hoc
2935 1816 3174 1874 remedio
3190 1858 3205 1889 ,
3229 1818 3362 1891 quia
3383 1816 3449 1873 ad
3477 1816 3869 1888 providentiam
3891 1816 3987 1875 Dei

2402 1914 2616 1979 spectat
2654 1906 2960 1964 concedere
3001 1906 3308 1963 hominibus
3349 1913 3674 1980 potestatem
3703 1906 3985 1965 moraliter

2401 2000 2762 2054 necessariam
2791 1996 2859 2054 ad
2885 1997 3293 2055 convenientem
3319 1998 3772 2071 gubernationem
3801 1992 4008 2070 reipu·’

2401 2090 2591 2147 blicae.
2615 2088 2766 2148 Unde
2793 2106 2859 2147 ex
2885 2090 2987 2145 hoc
3019 2090 3282 2163 principio
3311 2090 3644 2163 colligimus,
3669 2105 3790 2147 esse
3813 2090 3866 2145 in
3889 2089 3988 2146 ho-

2401 2180 2630 2237 minibus
2653 2185 2975 2252 potestatem
3000 2179 3259 2252 puniendi
3283 2179 3662 2237 malefactores
3682 2180 3840 2237 etiam
3861 2194 3988 2251 poe-

2399 2288 2470 2329 na
2499 2272 2686 2329 mortis
2707 2314 2721 2343 ,
2752 2280 2806 2327 et
2848 2271 3092 2344 privandi
3123 2271 3364 2329 homines
3393 2273 3562 2329 rebus
3589 2273 3734 2344 suis,
3764 2270 3986 2345 quando

2399 2378 2568 2419 causa
2609 2361 2941 2435 reipublicae
2983 2361 3032 2418 id
3062 2362 3336 2433 postulat,
3366 2368 3422 2419 et
3449 2362 3658 2418 similia.
3689 2361 3826 2419 Hinc
3856 2362 3990 2419 dixit

2401 2452 2594 2526 Angel.
2629 2469 2817 2526 supra,
2849 2469 2956 2509 non
2982 2452 3150 2509 fuisse
3178 2455 3350 2510 Deum
3381 2453 3628 2510 futurum
3656 2452 3862 2509 bonum
3890 2468 3987 2525 pa-

2401 2543 2794 2617 tremfamilias,
2817 2544 2918 2600 nisi
2943 2544 3258 2617 reliquisset
3281 2552 3556 2617 pastorem
3579 2559 3741 2615 super
3764 2560 3986 2617 gregem

2399 2652 2584 2703 suum,
2615 2634 2706 2709 qui
2738 2641 2925 2709 posset
2945 2634 3237 2693 consulere
3279 2636 3534 2693 omnibus
3561 2636 3985 2693 occurrentibus

2397 2736 2452 2784 et
2477 2725 3243 2799 necessarioexpedientibus.
3269 2727 3370 2795 Qui
3391 2726 3495 2783 boc
3520 2726 3652 2782 citat
3671 2741 3734 2783 ex
3759 2725 3986 2782 Richar-

2396 2817 2466 2875 do
2495 2819 2547 2873 in
2577 2822 2633 2887 4,
2665 2817 2789 2874 dist.
2826 2822 2918 2889 38,
2951 2817 3042 2875 ubi
3071 2823 3176 2873 art.
3210 2822 3275 2888 9,
3307 2834 3363 2891 q.
3404 2822 3462 2886 1,
3495 2816 3675 2876 solum
3702 2815 3864 2887 dicit,
3897 2832 3984 2875 re-

2397 2915 2544 2965 ctam
2574 2908 2838 2964 rationem
2864 2906 3092 2977 dictare,
3122 2905 3354 2980 aliquem
3379 2921 3500 2963 esse
3529 2906 3650 2963 loco
3683 2907 3774 2962 Dei
3801 2907 3854 2963 in
3879 2907 3986 2963 Ec-

2398 2998 2587 3068 clesia,
2618 2998 2710 3071 qui
2740 2997 3004 3070 periculis
3034 3011 3415 3069 personarum,
3446 2997 3681 3067 pensatis
3709 2995 3984 3053 infirmita·

2397 3089 2562 3157 tibus,
2592 3095 2646 3144 et
2675 3087 3018 3157 utilitatibus,
3046 3088 3218 3159 possit
3243 3086 3628 3144 rationabiliter
3649 3086 3890 3143 obviare.
3917 3089 3986 3143 Et

2396 3178 2710 3235 declaratur
2736 3193 2769 3234 a
2797 3177 2984 3243 simili,
3008 3177 3138 3250 quia
3170 3176 3270 3233 nisi
3291 3179 3436 3248 Papa
3455 3177 3527 3233 ita
3549 3176 3811 3234 conderet
3838 3178 3986 3249 leges

2397 3285 2557 3339 suas,
2602 3276 2662 3327 ut
2688 3268 3019 3325 concederet
3049 3268 3318 3339 episcopis
3349 3266 3664 3325 facultatem
3693 3268 3746 3322 in
3772 3269 3852 3323 eis
3877 3267 3987 3323 dis-

2401 3358 2657 3432 pensandi
2686 3360 2737 3414 in
2768 3358 2988 3416 casibus
3018 3358 3340 3414 necessariis
3365 3400 3379 3430 ,
3410 3359 3464 3413 in
3493 3358 3693 3431 quibus
3723 3375 3830 3415 non
3860 3374 3985 3431 pos-

2397 3452 2465 3506 sit
2491 3449 2657 3517 adiri,
2687 3448 2770 3505 vel
2809 3446 3022 3505 consuli
3052 3448 3290 3505 Pontifex
3311 3489 3326 3520 ,
3358 3464 3465 3503 non
3493 3455 3641 3505 recte
3673 3448 3982 3521 provideret

2395 3539 2698 3611 Ecclesiae3
2730 3546 2785 3596 et
2813 3539 2931 3597 ideo
2959 3554 3024 3595 ex
3063 3538 3168 3595 boc
3199 3538 3465 3612 principio
3495 3539 3760 3617 colligunt
3786 3548 3983 3598 aucto-

2395 3646 2482 3688 res
2512 3629 2897 3700 communiter,
2923 3642 3081 3700 posse
3108 3630 3161 3685 in
3193 3629 3275 3685 his
3305 3631 3528 3687 casibus
3555 3630 3868 3704 dispensare
3895 3634 3980 3688 in-

2398 3720 2622 3777 feriores
2651 3720 2702 3775 in
2731 3719 2850 3793 lege
2879 3718 3208 3792 superioris,
3233 3735 3366 3793 ergo
3391 3719 3631 3778 similiter
3651 3724 3704 3778 in
3727 3738 3982 3794 praesen-

2397 3812 2464 3885 ti,
2495 3817 2711 3868 servata
2748 3810 3120 3883 proportione.
3149 3810 3381 3869 Tandem
3423 3811 3526 3869 hac
3557 3813 3762 3870 ratione
3790 3798 3980 3872 omnes

2397 3904 2662 3972 fatentur,
2693 3916 2853 3974 posse
2895 3898 3092 3957 cadere
3121 3901 3621 3974 interpretationem
3651 3904 3702 3960 in
3734 3902 3852 3979 lege
3881 3922 3976 3963 na-

2396 3992 2590 4064 turali,
2623 3991 2715 4048 sed
2745 3991 2934 4049 eadem
2963 3997 3050 4050 est
3074 3994 3210 4049 ratio
3239 3991 3306 4050 de
3328 3993 3770 4066 interpretatione
3790 4004 3846 4054 et
3866 3996 3976 4053 dis-

2396 4086 2741 4158 pensatione,
2775 4098 2896 4138 nam
2934 4082 3179 4138 eamdem
3207 4089 3526 4156 potestatem
3559 4085 3817 4158 requirit,
3851 4089 3979 4160 quia

2392 4174 2772 4247 interpretatio
2801 4172 3111 4229 authentica
3141 4171 3270 4247 legis
3295 4173 3472 4231 solum
3502 4174 3570 4231 ab
3592 4182 3820 4234 auctore
3842 4175 3980 4251 legis

2393 4267 2505 4325 fleri
2543 4271 2753 4339 potest,
2785 4280 2920 4339 ergo
2947 4263 3136 4320 eadem
3165 4265 3370 4323 ratione
3399 4264 3730 4324 admittenda
3757 4274 3842 4325 est
3867 4269 3977 4327 dis-

2393 4358 2666 4431 pensatio,
2690 4355 2816 4429 quia
2843 4370 3002 4428 saepe
3023 4370 3120 4428 per
3143 4355 3317 4412 solam
3341 4356 3846 4429 interpretationem
3869 4377 3980 4418 non

2391 4453 2574 4521 potest
2602 4446 3023 4503 occurrentibus
3055 4446 3274 4503 casibus
3303 4447 3598 4504 subveniri.

2469 4544 2524 4597 2.
2555 4538 2908 4594 Nihilominus
2946 4539 3218 4594 contraria
3249 4540 3516 4596 sententia
3539 4536 3734 4613 docet,
3764 4540 3852 4596 ius
3881 4559 3976 4600 na-

2392 4629 2566 4687 turale
2589 4629 2640 4684 in
2663 4627 2807 4685 nullo
2835 4643 2963 4684 vero
2985 4635 3277 4700 praecepto
3302 4646 3404 4685 suo
3429 4629 3564 4701 tolli,
3591 4629 3840 4706 diminui,
3867 4633 3978 4691 dis-

2393 4720 2633 4795 pensari,
2668 4726 2765 4775 aut
2805 4718 2907 4777 alio
2950 4718 3104 4775 simili
3143 4719 3304 4777 modo
3343 4735 3504 4792 posse
3535 4722 3730 4779 mutari
3759 4739 3855 4795 per
3881 4723 3977 4782 ali-

2391 4827 2556 4885 quam
2598 4809 2809 4883 legem,
2854 4808 2939 4865 vel
2981 4816 3308 4882 potestatem
3347 4810 3661 4870 humanam.
3709 4816 3856 4873 Haec
3897 4824 3985 4876 est

2391 4904 2504 4960 sine
2547 4902 2710 4960 dubio
2753 4903 3016 4959 sententia
3056 4902 3360 4959 communis
3391 4902 3770 4977 theologorum
3791 4952 3806 4978 ,
3837 4924 3982 4981 quos

2393 4993 2557 5050 latius
2607 4991 2910 5049 referemus
2938 4993 3111 5065 capite
3141 4994 3416 5068 sequenti,
3446 4998 3737 5069 praecipue
3765 5014 3892 5056 vero
3921 4999 3978 5057 d.

2390 5083 2626 5141 Thomae
2669 5083 2819 5141 dicta
2845 5098 2901 5156 q.
2933 5086 3080 5155 100,
3112 5090 3216 5140 art.
3253 5090 3317 5158 8,
3347 5092 3403 5142 et
3431 5084 3544 5142 aliis
3573 5087 3712 5145 locis
3737 5088 3981 5165 allegatis

2391 5175 2566 5247 capite
2589 5172 2937 5245 praecedenti
2953 5216 2968 5245 ,
2993 5179 3051 5231 et
3075 5174 3378 5247 specialiter
3397 5175 3466 5233 de
3484 5179 3630 5250 Papa
3649 5179 3892 5251 quodlib.
3920 5188 3976 5255 4,

2395 5272 2500 5325 art.
2553 5272 2641 5325 13.
2689 5265 2937 5323 sumitur
2977 5282 3046 5325 ex
3073 5266 3268 5326 Alense
3299 5272 3354 5326 3.
3384 5284 3440 5341 p.
3473 5285 3528 5343 q.
3561 5271 3655 5342 27,
3687 5272 3886 5329 memb.
3920 5278 3976 5333 4.
