4325 6267
840 229 963 295 332

744 382 988 452 potestas
1013 381 1100 434 est
1124 374 1281 450 quasi
1308 388 1405 448 per
1434 390 1494 432 se
1522 372 1716 448 intusa,
1740 372 1885 431 unde
1912 386 1945 431 a
1972 371 2089 431 solo
2108 374 2242 446 Deo,
2265 380 2330 432 ut

745 474 943 527 auctor
970 471 1141 525 estet
1166 465 1500 539 gubernator
1528 463 1978 538 supernaturalis,
2008 470 2265 539 tanquam
2295 480 2328 521 a

744 562 923 634 primo
962 565 1020 617 et
1055 556 1337 630 principali
1376 556 1645 630 principio
1684 550 1907 614 manare
1932 560 2115 628 potest
2139 556 2328 613 imme-

744 652 909 722 diate3
940 654 1185 723 potestas
1211 655 1395 706 autem
1421 647 1595 705 civilis
1623 646 1787 705 datur
1812 661 1846 703 a
1871 647 1981 707 Deo
2008 654 2073 703 ut
2098 652 2326 706 auctore

738 750 1004 816 naturae,
1051 745 1111 798 et
1154 755 1265 798 non
1308 738 1524 814 proprie
1557 753 1655 811 per
1682 754 1742 795 se
1770 736 2077 812 confertur,
2107 736 2201 795 sed
2227 755 2326 811 per

740 832 965 893 modum
1004 829 1345 904 proprietatis
1372 828 1641 886 manantis
1668 827 1736 885 ab
1763 829 1883 901 ipsa
1908 835 2129 900 natura,
2160 828 2324 889 modo

736 922 1007 996 explicato
1030 922 1097 978 in-
1116 918 1209 977 lib.
1241 920 1331 977 Ill.
1358 918 1510 976 Unde
1534 925 1783 989 constat,
1813 919 1977 977 etiam
2002 933 2070 976 ex
2097 917 2206 975 boc
2234 933 2327 976 ca·

737 1014 847 1087 pite
868 1013 1027 1087 longe
1046 1009 1479 1069 excellentiorem
1497 1024 1617 1066 esse
1646 1008 1786 1067 hanc
1807 1014 2151 1082 potestatem.
2167 1009 2324 1078 Quod

741 1102 974 1176 amplius
1000 1102 1075 1160 ita
1092 1100 1427 1173 declaratur,
1452 1116 1577 1157 nam
1598 1099 1734 1157 haec
1755 1106 1998 1173 potestas
2020 1101 2324 1159 secundum

740 1210 899 1252 suam
918 1190 1275 1267 adaequatam
1298 1192 1565 1250 rationem
1584 1196 1641 1249 et
1658 1190 2033 1248 excellentiam
2056 1207 2088 1249 a
2106 1191 2324 1251 Christo

737 1283 965 1345 Domino
1013 1281 1211 1340 collata
1254 1287 1371 1354 est,
1408 1287 1464 1339 et
1494 1282 1551 1338 in
1580 1280 1669 1339 illo
1698 1280 1797 1337 luit
1824 1280 1992 1337 veluti
2019 1284 2326 1353 proprietas

735 1390 965 1435 manans
1002 1389 1071 1432 ex
1112 1372 1309 1431 unione
1347 1370 1693 1449 hypostatica
1718 1370 2070 1428 humanitatis
2097 1370 2165 1429 ad
2191 1374 2325 1432 Ver·

735 1466 892 1538 bum,
922 1464 1063 1521 utin
1096 1467 1144 1522 1.
1170 1469 1299 1521 tom.
1330 1468 1385 1521 3.
1416 1461 1606 1534 partis,
1636 1459 1778 1534 disp.
1806 1465 1900 1522 47.
1930 1460 2034 1520 late
2061 1463 2324 1535 explicui-

737 1573 886 1616 mus.
908 1553 1061 1631 Unde
1088 1559 1344 1620 constat,
1375 1559 1528 1611 tanto
1554 1552 1991 1611 excellentiorem
2020 1568 2141 1611 esse
2173 1555 2316 1613 hanc

736 1652 1065 1723 potestatem
1090 1644 1145 1701 in
1174 1659 1276 1701 suo
1307 1643 1453 1706 fonte
1478 1650 1744 1715 potestate
1772 1642 1913 1700 civili
1922 1685 1935 1713 ,
1962 1650 2169 1717 quanto
2195 1647 2321 1705 unio

736 1735 1089 1815 hypostatica
1140 1740 1363 1806 superat
1415 1733 1863 1792 communitatem
1910 1732 2225 1793 humanam.
2278 1740 2323 1794 Α

735 1828 949 1887 cbristo
973 1842 1106 1884 vero
1132 1832 1189 1883 et
1212 1839 1308 1897 per
1325 1822 1601 1883 Christum
1627 1824 1870 1882 derivata
1896 1831 1983 1883 est
2006 1825 2141 1884 haec
2171 1835 2324 1901 pote-

736 1927 852 1977 stas
876 1917 945 1976 ad
969 1916 1247 1975 vicarium
1274 1931 1371 1989 per
1396 1914 1683 1974 maximam
1708 1914 2003 1989 quamdam
2030 1919 2324 1993 participa-

736 2012 940 2068 tionem
986 2007 1133 2065 illius
1180 2005 1463 2079 potestatis
1508 2006 1859 2065 excellentiae
1885 2049 1900 2078 ,
1950 2022 2096 2080 quae
2132 2008 2236 2066 suit
2270 2013 2326 2069 in

736 2101 993 2173 Christo3
1042 2103 1099 2155 et
1140 2098 1223 2153 sic
1260 2095 1451 2154 hahuit
1474 2095 1887 2168 fundamentum
1918 2114 2027 2155 non
2056 2099 2236 2158 solum
2267 2102 2318 2159 in

738 2194 854 2265 ipsa
880 2188 1269 2257 incarnatione,
1300 2186 1398 2244 sed
1422 2186 1584 2245 etiam
1610 2188 1667 2244 in
1692 2186 1895 2245 meritis
1921 2188 2120 2248 Christi
2146 2192 2330 2249 Domi·

741 2283 820 2350 ni,
848 2288 908 2339 et
934 2281 986 2338 in
1016 2278 1279 2353 sanguine
1304 2277 1425 2336 eius
1446 2320 1461 2349 ,
1488 2276 1637 2352 quod
1664 2294 1771 2335 non
1802 2284 1985 2351 potest
2005 2279 2111 2337 dici
2138 2280 2208 2338 de
2233 2298 2331 2354 po-

738 2376 935 2430 testate
984 2366 1133 2426 civili
1180 2365 1485 2425 secundum
1534 2382 1593 2425 se
1642 2373 1919 2439 spectata3
1961 2383 2095 2443 ergo
2142 2384 2210 2427 ex
2248 2370 2331 2429 his

740 2460 997 2521 omnibus
1036 2457 1317 2515 manifeste
1356 2464 1583 2530 apparet
1618 2472 1883 2515 excessus
1910 2458 2327 2519 ecclesiasticae

738 2552 1047 2630 potestatis.

819 2648 871 2703 6.
922 2643 1129 2711 Quarto
1174 2638 1444 2698 declarari
1490 2644 1675 2711 potest
1718 2638 2043 2697 excellentia
2080 2638 2216 2698 haec
2260 2657 2329 2700 ex

734 2743 889 2811 parte
930 2732 1157 2792 subiecti
1178 2772 1195 2805 ,
1236 2732 1364 2806 quia
1404 2736 1645 2804 potestas
1684 2729 2055 2789 ecclesiastica
2090 2732 2327 2792 multum

737 2824 951 2885 excedit
975 2823 1189 2881 civilem
1216 2821 1269 2879 in
1297 2820 1657 2894 primario,·et
1674 2819 1842 2878 veluti
1870 2819 2174 2879 immediate
2202 2824 2334 2881 sub·

740 2918 906 2975 iecto.
936 2915 1075 2972 Nam
1118 2917 1363 2985 potestas
1408 2909 1579 2967 civilis
1626 2908 1927 2968 immediate
1966 2918 2055 2969 est
2088 2912 2140 2968 in
2179 2928 2332 2971 com·

741 3006 1003 3067 munitate
1030 3003 1287 3073 humana,
1311 3000 1453 3059 haec
1474 3006 1659 3058 autem
1688 3007 1929 3074 potestas
1956 3001 2158 3060 residet
2183 3004 2333 3076 prin·

740 3098 985 3173 cipaliter
1009 3094 1063 3151 in
1089 3092 1303 3151 Christo
1340 3091 1583 3165 homine3
1617 3091 1759 3151 unde
1785 3091 1871 3165 fit,
1902 3098 1968 3150 ut
1991 3082 2332 3167 quoad'sub-

743 3192 945 3250 iectum
984 3185 1291 3260 proximum
1326 3182 1606 3256 illa'prior
1642 3182 1711 3241 sit
1755 3182 1810 3240 in
1855 3197 1921 3239 eo
1950 3182 2197 3257 homine,
2237 3184 2331 3241 cui

737 3278 1101 3341 communitas
1143 3275 1291 3334 illam
1336 3274 1640 3345 commisit,
1680 3272 1767 3331 vel
1814 3275 1865 3331 in
1904 3274 2328 3333 successoribus

738 3374 888 3446 eius,
930 3370 1065 3428 baec
1106 3381 1238 3425 vero
1276 3365 1337 3423 fit
1374 3365 1427 3421 in
1454 3379 1559 3435 eo,
1590 3365 1683 3421 cui
1712 3362 1964 3422 Christus
2001 3365 2147 3422 illam
2176 3382 2328 3423 com-

741 3463 916 3533 misit,
958 3459 1043 3516 vel
1083 3454 1505 3516 successoribus
1532 3455 1675 3527 eius,
1704 3461 1802 3512 aut
1828 3454 2097 3513 mediante
2123 3456 2244 3529 ipso
2271 3459 2326 3514 in

735 3554 874 3613 aliis.
899 3552 1045 3608 Inter
1071 3547 1169 3606 has
1197 3550 1377 3605 autem
1406 3560 1669 3619 personas
1696 3551 1825 3601 sunt
1855 3550 1967 3602 tres
1994 3544 2324 3603 differentiae

736 3641 1027 3705 notandae.
1040 3640 1242 3708 Prima,
1272 3633 1423 3709 quod
1451 3640 1695 3707 potestas
1721 3634 1891 3691 civilis
1918 3640 2097 3707 potest
2122 3651 2242 3693 esse
2269 3638 2324 3693 in

738 3732 984 3809 quolibet
1011 3727 1247 3797 homine,
1268 3726 1433 3781 etiam
1462 3738 1569 3780 non
1598 3722 1889 3795 baptizato,
1908 3724 2041 3781 haec
2069 3742 2204 3783 vero
2231 3741 2324 3783 ec-

738 3820 1051 3882 clesiastica
1070 3832 1177 3873 non
1199 3814 1299 3871 nisi
1318 3814 1369 3876 in
1392 3811 1623 3870 habente
1644 3812 2020 3871 characterem
2041 3814 2319 3890 baptismi,

739 3915 869 3990 quia
905 3909 1208 3983 baptismus
1250 3911 1338 3962 est
1374 3904 1534 3963 ianua
1572 3904 1885 3970 Ecclesiaez
1928 3910 1985 3962 et
2021 3905 2141 3963 ideo
2181 3907 2329 3966 sicut

738 4012 861 4064 ante
889 4002 1262 4071 characterem
1288 3994 1539 4068 baptismi
1570 3994 1754 4053 nullus
1791 3994 1999 4054 directe
2034 3997 2327 4056 subiicitur

741 4092 1056 4162 Ecclesiae,
1107 4088 1181 4146 ita
1214 4087 1379 4144 etiam
1421 4085 1534 4141 sine
1558 4086 1651 4144 illo
1678 4085 1999 4145 charactere
2026 4086 2212 4145 nullus
2240 4095 2326 4148 est

741 4200 913 4259 capax
940 4177 1343 4240 ecclesiasticae
1368 4177 1671 4252 potestatis,
1696 4176 1841 4235 unde
1868 4193 1971 4235 nec
2000 4184 2325 4249 potestatem

744 4274 946 4335 ordinis
979 4271 1180 4329 habere
1220 4274 1421 4340 potest.
1452 4268 1613 4325 Dices
1633 4307 1649 4337 ,
1689 4267 1812 4327 hinc
1840 4284 1998 4341 posse
2024 4269 2210 4326 inferri
2239 4268 2327 4327 illa

742 4361 1117 4433 incommoda,
1166 4374 1307 4435 quae
1357 4374 1523 4431 supra
1557 4358 1921 4417 inserebamus
1956 4358 2024 4417 de
2051 4358 2328 4419 haeretice

745 4454 965 4516 mentali
991 4494 1007 4525 ,
1044 4450 1172 4525 quia
1199 4450 1261 4520 si,
1296 4450 1496 4507 amissa
1522 4448 1647 4521 fide,
1677 4452 1953 4507 amitteret
1979 4447 2324 4526 potestatem,

742 4546 901 4604 'valde
936 4546 1147 4603 incerta
1182 4543 1489 4598 esset‘haec
1514 4545 1786 4613 potestas‘3
1818 4542 1896 4598 ita
1920 4541 2063 4599 enim
2093 4541 2141 4598 in
2171 4558 2330 4615 prae-

742 4636 881 4695 senti
915 4636 1185 4691 incertum
1224 4634 1351 4700 est,
1394 4646 1461 4687 an
1506 4628 1697 4703 aliquis
1727 4628 1924 4687 habeat
1948 4630 2326 4691 characterem

747 4726 1037 4803 baptismi,
1075 4724 1203 4798 qaia
1236 4720 1421 4779 multis
1458 4720 1631 4778 modis
1656 4721 1975 4796 contingere
2003 4728 2203 4795 potest,
2233 4725 2328 4781 Sa·

747 4822 1087 4877 crementum
1124 4828 1233 4871 non
1270 4827 1393 4869 esse
1431 4809 1701 4881 validum,
1744 4826 1877 4885 ergo
1914 4828 1979 4871 ex
2006 4814 2327 4871 necessitate

748 4905 1091 4965 characteris
1128 4901 1318 4961 eadem
1356 4900 1688 4959 incertitudo
1715 4904 1985 4975 sequitur.
2016 4902 2330 4975 Responde-

748 5004 839 5056 tur
867 5006 1070 5067 tamen,
1090 5006 1346 5077 nontesse
1375 4989 1564 5065 simile,
1602 4992 1731 5065 quia
1757 4990 2029 5049 certitudo
2050 4992 2323 5065 baptismi,

652 5158 661 5168 ·
746 5089 996 5163 quamvis
1016 5100 1125 5143 non
1144 5084 1215 5141 sit
1234 5083 1457 5140 omnino
1476 5080 1780 5153 infallibilis,
1801 5080 1964 5139 habet
1982 5082 2328 5140 nihilominus

744 5194 866 5238 eam
893 5175 1154 5237 moralem
1188 5170 1598 5243 certitudinem,
1628 5186 1767 5244 quae
1794 5172 1848 5229 in
1878 5171 2044 5230 rebus
2075 5172 2327 5231 humanis

2134 216 2139 227 ’
2219 246 2416 299 unm
2447 250 2542 299 w.

2395 373 2581 435 haberi
2621 382 2858 451 potest,.
2879 384 2936 435 et
2973 376 3265 437 character
3300 378 3467 437 semel
3497 378 3803 452 impressus
3827 394 3992 437 num-

2401 482 2568 541 quam
2589 466 2822 541 amplius
2842 465 3010 526 deleri
3033 476 3245 543 potest3
3271 469 3401 528 fides
3421 476 3604 529 autem
3623 470 3785 529 facile
3807 470 3982 529 amitti

2402 562 2602 631 potest.
2957 604 2962 609 .

2433 714 2440 719 ,
2465 648 2583 707 Alia
2609 648 2910 707 differentia
2935 656 3052 724 est,
3095 649 3248 724 quod
3296 656 3536 724 potestas
3561 650 3736 709 civilis
3777 651 3832 707 in
3859 650 3996 709 viris

2391 746 2450 797 et
2487 739 2696 797 feminis
2735 755 2855 797 esse
2893 746 3100 815 potest,
3144 741 3513 801 ecclesiastica
3537 756 3666 811 veo
3693 743 3748 799 in
3773 741 3988 799 feminis

2393 845 2514 888 esse
2539 846 2646 917 non
2673 835 2877 904 potest,
2909 830 3102 889 saltem
3129 829 3403 889 ordinario
3431 834 3570 890 iure.
3597 831 3896 907 Loquimur
3921 830 3994 888 de

2392 926 2658 992 potestate
2673 920 3156 991 iurisdictionis,ad
3166 938 3330 995 quam
3344 921 3606 997 legislatio
3621 928 3990 995 spectat,nam

2392 1011 2460 1069 de
2487 1016 2754 1084 potestate
2777 1009 2981 1068 ordinis
3007 1016 3219 1069 certum
3241 1012 3580 1081 est,feminas
3603 1011 3747 1070 illius
3769 1014 3990 1087 incapa-

2393 1117 2488 1159 ces
2514 1116 2658 1174 esse,
2689 1100 2832 1159 utin
2859 1103 3086 1159 materia
3111 1101 3179 1159 de
3207 1100 3410 1159 Ordine
3433 1117 3498 1159 ex
3531 1103 3778 1175 professo
3803 1110 3996 1161 osten-

2393 1191 2632 1250 dendum
2677 1198 2764 1250 est
2809 1199 3008 1249 contra
3052 1199 3349 1251 novatores
3374 1194 3676 1251 excitantes
3703 1194 3988 1267 antiquam

2391 1281 2658 1341 haeresim
2684 1283 3146 1355 Papuziauorum,
3169 1298 3336 1356 quam
3367 1282 3622 1342 refellunt
3646 1286 3878 1357 August.
3911 1282 3988 1341 de

2383 1372 2617 1446 fimes.
2651 1372 2706 1430 in
2733 1373 2832 1444 27,
2857 1378 2915 1429 et
2940 1372 3204 1446 Epiphan.
3233 1373 3284 1429 in
3315 1377 3408 1442 49,
3431 1389 3497 1429 ex
3525 1373 3692 1430 Paulo
3727 1373 3860 1431 1.ad
3879 1376 3988 1431 Co-

2392 1462 2556 1521 rinth.
2595 1467 2741 1533 1⁴,et
2766 1467 2814 1521 1.
2841 1463 2909 1520 ad
2929 1463 3160 1521 Timoth.
3192 1467 3244 1535 1,
3261 1462 3352 1520 ubi
3379 1462 3602 1521 seminas
3629 1478 3729 1521 nec
3755 1462 3988 1539 docere,

2392 1568 2494 1611 nec
2524 1553 2672 1628 loqui
2710 1555 2763 1610 in
2788 1552 3045 1611 Ecclesia
3071 1554 3353 1626 permittit.
3387 1555 3500 1612 Dixi
3527 1561 3710 1611 autem
3737 1570 3854 1611 non
3877 1572 3986 1628 po·

2395 1648 2523 1707 test,
2555 1645 2682 1717 quia
2711 1642 2846 1701 haec
2876 1648 3120 1715 potestas
3145 1649 3421 1717 quatenus
3448 1642 3754 1702 immediate
3781 1661 3814 1701 a
3838 1644 3992 1702 Chri·

2395 1742 2478 1792 sto
2505 1734 2763 1806 datur,id
2784 1740 2874 1791 est
2899 1750 3118 1792 summa
3137 1742 3196 1791 et
3217 1734 3510 1806 pontificia,
3533 1750 3638 1791 non
3658 1740 3988 1809 potestesse

2396 1826 2450 1883 in
2475 1826 2689 1898 semina3
2715 1827 2845 1900 quia
2868 1824 2960 1882 illa
2986 1840 3092 1882 non
3123 1831 3210 1882 est
3237 1841 3411 1898 capax
3439 1823 3661 1899 ordinis,
3687 1826 3770 1883 vel
3797 1842 3999 1884 conse-

2394 1918 2650 1977 crationis
2685 1916 3103 1989 episcopalis,et
3129 1914 3252 1973 ideo
3293 1931 3394 1973 nec
3427 1916 3776 1989 pontificatus
3813 1923 4000 1988 potest

2395 2024 2516 2067 esse
2545 2006 2910 2081 capax.Qucd
2936 2010 3119 2063 aut'em
3149 2006 3216 2064 de
3246 2006 3549 2064 loamvlll.
3575 2006 3799 2081 quidam
3826 2008 3995 2065 linxe-

2395 2108 2550 2172 runt,
2575 2098 2886 2157 fabulosum
2916 2104 3024 2164 est,
3041 2102 3105 2153 ut
3127 2112 3196 2155 ex
3222 2095 3502 2170 onuphrio
3531 2094 3768 2154 ostendit
3793 2096 3998 2154 Bellat-

2396 2193 2527 2249 min.
2558 2189 2649 2247 lib.
2676 2194 2730 2249 3.
2761 2186 2834 2245 de
2858 2192 3110 2245 Roman.
3138 2187 3411 2261 Pontific.
3427 2203 3551 2262 cap.
3566 2188 3671 2245 ult.
3695 2186 3998 2260 etcopiose

2397 2284 2594 2339 Baron.
2630 2290 2759 2338 tom.
2795 2284 2886 2351 10,
2911 2294 3051 2336 anno
3077 2277 3276 2336 Christi
3309 2282 3440 2349 853,
3471 2295 3528 2335 n.
3557 2283 3648 2337 56.
3677 2285 3735 2335 et
3757 2294 3998 2353 sequen·

2396 2372 2574 2444 tibus,
2617 2370 2712 2430 ubi
2752 2370 2886 2428 alios
2925 2370 3111 2427 refert.
3143 2370 3212 2427 Et
3249 2369 3302 2425 in
3328 2387 3385 2427 n.
3424 2374 3515 2429 63.
3549 2374 3700 2427 recte
3727 2368 4000 2437 advertit,

2396 2461 2544 2535 quod
2585 2461 2712 2519 licet
2751 2461 2960 2519 sactum
2986 2458 3120 2518 illud
3159 2459 3493 2532 fabulosum,
3519 2461 3593 2518 ita
3618 2467 3684 2518 ut
3707 2465 3998 2531 narratur,

2398 2553 2714 2625 accidisset,
2738 2552 2831 2609 illa
2849 2552 3048 2609 femina
3069 2567 3177 2608 non
3197 2550 3391 2610 suisset
3410 2551 3674 2625 Pontifex,
3688 2551 3786 2609 sed
3806 2567 3999 2609 vacas-

2401 2648 2486 2700 set
2535 2642 2692 2700 sedes
2740 2658 2840 2715 pro
2887 2640 2984 2700 illo
3023 2648 3290 2714 tempore,
3332 2646 3390 2699 et
3428 2648 3616 2714 postea
3649 2642 3706 2697 in
3731 2642 4001 2700 electione

2399 2733 2672 2793 Benedicti
2712 2732 2908 2790 suisset
2937 2734 3255 2790 continuata
3285 2732 3606 2805 successio,
3633 2730 3701 2789 de
3727 2747 3839 2805 quo
3867 2731 3998 2790 alibi

2397 2823 2583 2883 latius.
2610 2824 2746 2881 Hinc
2773 2839 2903 2881 vero
2929 2823 3154 2897 colligo,
3176 2822 3584 2881 extendendum
3609 2838 3732 2880 esse
3763 2822 3998 2880 verbum

2397 2915 2536 2974 illud
2560 2932 2684 2973 uon
2704 2918 2894 2990 potest
2919 2912 2987 2971 ad
3010 2919 3183 2971 totam
3209 2912 3640 2972 iurisdictionem
3661 2912 3999 2970 ecclesiasti-

2398 3020 2520 3062 cam
2549 3003 2892 3062 ordinariam.
2923 3004 3058 3062 Nam
3085 3004 3193 3076 ille,
3217 3004 3312 3077 qui
3339 3005 3568 3076 incapax
3593 3009 3679 3062 est
3703 3004 3993 3076 potestatis

2399 3096 2629 3167 ordinis,
2672 3095 2840 3152 etiam
2877 3101 2965 3153 est
3002 3096 3229 3167 incapax
3266 3093 3570 3153 ordinariae
3597 3094 3995 3153 iurisdictionis

2397 3184 2835 3257 ecclesiasticae,
2863 3186 2992 3259 quia
3030 3200 3097 3242 ex
3133 3184 3313 3242 divina
3339 3184 3678 3243 institutione
3708 3184 3994 3243 Ecclesiae

2399 3277 2454 3334 in
2482 3274 2849 3348 spiritualibus
2875 3274 3035 3333 debet
3051 3290 3149 3347 per
3177 3274 3495 3333 sacerdotes
3522 3282 3620 3333 aut
3645 3274 3878 3334 clericos
3905 3292 3996 3333 or-

2398 3365 2610 3424 dinario
2635 3366 2756 3424 iure
2784 3364 3094 3440 gubernari.
3114 3365 3182 3422 Et
3207 3362 3554 3422 nihilominus
3573 3363 3779 3437 addidi,
3795 3364 3992 3423 saltem

2397 3455 2660 3515 ordinatio
2684 3458 3057 3529 iure,propter
3079 3453 3508 3513 iurisdictionem
3531 3454 3996 3527 ecclesiasticam,

2395 3552 2666 3621 quatenus
2703 3560 2799 3619 per
2827 3546 3138 3603 Pontificem
3166 3544 3404 3620 delegari
3437 3552 3639 3618 potest,
3669 3544 3738 3602 de
3765 3560 3878 3619 qua
3903 3554 3996 3604 est

2395 3638 2796 3706 controversia,
2820 3651 2887 3693 an
2916 3634 3113 3709 aliquis
3141 3642 3302 3697 actus
3329 3634 3494 3691 huius
3522 3636 3803 3707 potestatis
3833 3651 3994 3692 com·

2395 3729 2536 3785 mitti
2563 3727 2736 3800 possit
2769 3726 3016 3783 feminae.
3048 3726 3106 3781 In
3136 3740 3246 3799 qua
3270 3730 3484 3783 certum
3512 3731 3619 3797 est,
3648 3740 3758 3782 non
3782 3724 3988 3785 debere

2395 3817 2692 3887 committi,
2729 3822 2786 3873 et
2823 3814 2997 3895 magis
3033 3822 3318 3888 receptum
3345 3820 3463 3888 est,
3493 3830 3602 3872 non
3629 3830 3810 3887 posse,
3842 3825 3906 3875 ut
3935 3817 3990 3873 in

2395 3907 2620 3965 materia
2645 3904 2712 3963 de
2736 3906 2995 3964 censuris
3023 3903 3168 3978 disp.
3201 3910 3260 3976 2,
3283 3911 3428 3963 sect.
3460 3910 3516 3976 3,
3539 3920 3574 3963 a
3599 3921 3656 3963 n.
3689 3912 3743 3964 5.
3779 3912 3986 3965 tracta-

2395 3998 2467 4054 vi.
2480 3995 2745 4071 thuoad
2764 4001 3098 4069 praesentem
3115 4001 3442 4068 potestatem
3458 3994 3807 4069 legislativam
3825 4012 3990 4053 num·

2394 4102 2558 4161 quam
2589 4086 2767 4144 visum
2793 4092 2880 4144 est
2913 4085 2965 4141 in
2992 4084 3272 4157 Ecclesia,
3300 4085 3452 4159 quod
3477 4086 3696 4159 signum
3722 4095 3841 4159 est,
3873 4084 3996 4145 lieri

2395 4193 2501 4236 non
2528 4191 2707 4249 posse.

2475 4269 2528 4324 7.
2558 4265 2756 4326 Ultimo
2783 4271 2869 4323 est
2901 4264 2956 4323 ia
2991 4264 3095 4323 hac
3123 4272 3276 4339 parte
3301 4263 3625 4339 differentia,
3653 4264 3800 4340 quod
3831 4272 3986 4340 pote·

2399 4365 2513 4415 stas
2538 4356 2716 4413 civilis
2735 4370 2856 4413 esse
2877 4361 3059 4428 potest
3076 4356 3130 4411 in
3153 4370 3301 4413 mere
3327 4355 3497 4427 laicis,
3523 4354 3656 4412 haec
3673 4363 3860 4415 autem
3881 4373 3985 4417 noa

2399 4446 2500 4504 nisi
2535 4448 2590 4503 in
2629 4443 2844 4503 clericis
2872 4488 2887 4516 ,
2931 4460 3074 4519 quae
3109 4443 3300 4502 eodem
3339 4444 3504 4503 modo
3531 4445 3852 4518 explicanda
3875 4454 3984 4520 est,

2399 4538 2549 4594 sicut
2577 4535 2931 4610 praecedens.
2957 4536 3278 4610 Quanquam
3310 4536 3377 4595 de
3405 4538 3682 4610 pontificia
3716 4544 3990 4611 potestate

2398 4644 2506 4685 non
2537 4628 2609 4685 sit
2633 4629 2708 4686 ita
2733 4639 2975 4702 certum,
2989 4642 3138 4685 mere
3164 4626 3367 4685 laicum
3388 4643 3511 4685 esse
3529 4630 3750 4685 omnino
3769 4629 3966 4702 incapa

2400 4734 2522 4776 cem
2553 4718 2706 4789 eius,
2744 4719 2788 4774 si
2824 4716 3022 4792 alioqui
3063 4719 3163 4774 rite
3191 4716 3448 4791 eligatur,
3480 4724 3544 4775 ut
3567 4720 3744 4776 statim
3771 4720 3988 4777 ordine-

2399 4818 2514 4868 tur.
2543 4811 2642 4867 Est
2678 4815 2862 4867 autem
2903 4813 3154 4881 certum,
3193 4824 3495 4882 numquam
3535 4826 3658 4867 esse
3692 4809 3904 4869 sactum
3933 4812 3983 4868 in

2399 4899 2674 4972 Ecclesia,
2697 4914 2799 4957 nec
2827 4899 2942 4957 lieri
2970 4898 3167 4957 debere
3198 4906 3423 4972 propter
3443 4901 3736 4958 novitatem
3758 4909 3818 4959 et
3842 4904 3988 4975 peri-

2398 4992 2611 5050 culum.
2646 4991 2717 5047 Et
2757 4988 2998 5047 similiter
3035 4996 3120 5046 est
3143 4996 3381 5063 certum,
3413 5004 3520 5047 non
3549 4989 3744 5048 debere
3772 4993 3852 5049 sic
3875 4992 3988 5050 ele-

2399 5088 2552 5139 ctum
2597 5080 2673 5137 uti
2711 5078 3104 5137 iurisdictionis
3133 5084 3422 5151 potestate,
3451 5079 3553 5136 nisi
3583 5080 3649 5137 sit
3675 5079 3981 5155 ordinatus,

2399 5171 2650 5247 quamvis
2673 5176 2812 5227 ¹aute
2848 5169 3170 5243 pontificiam
3199 5172 3666 5229 consecrationem
3692 5173 3868 5245 pessit
3892 5174 3986 5232 illa
