4325 6267
1681 342 1894 396 cum·
1921 345 2177 396 xxvm.

291 477 422 552 qnia
443 482 562 536 tota
581 477 672 536 illa
696 483 880 552 potest
897 491 1018 534 esse
1029 474 1160 534 levis
1182 476 1392 540 iniuria:
1411 473 1721 549 itemsiquis
1733 488 1884 530 men-

289 570 506 628 dacium
534 571 780 643 proferat
802 585 870 628 ex
896 575 1216 641 contemptu
1242 567 1504 642 quodam,
1533 566 1660 640 quia
1683 581 1780 637 pro
1804 565 1882 620 ni-

289 660 404 718 hilo
431 666 654 734 reputat
685 661 829 717 iilam
857 659 1320 718 deordinationem
1339 702 1354 730 ,
1385 657 1644 714 non-ideo
1669 655 1885 712 videtur

291 765 522 824 peccare
547 750 876 822 mortaliter,
905 751 1034 824 quia
1054 752 1108 806 in
1129 749 1220 806 illc
1243 754 1566 820 contemptu
1587 763 1698 805 non
1719 761 1882 820 appa·

291 847 380 899 ret
406 848 516 898 tam
543 843 730 913 gravis
756 839 1119 898 deordinatio.

367 935 424 988 3.
455 929 540 987 Ad
568 929 883 988 solvendam
913 929 1052 986 hanc
1082 927 1482 998 difficultatem,
1505 933 1564 986 et
1581 925 1884 1002 intelligen-

287 1018 424 1076 dum
453 1034 678 1076 sensum
703 1025 762 1077 et
787 1021 1054 1077 rationem
1084 1019 1388 1076 communis
1421 1019 1740 1089 sententiae,
1773 1017 1882 1089 pri-

287 1127 447 1168 mum
473 1112 778 1185 generatim
803 1109 1190 1182 explicandum
1215 1115 1300 1166 est
1325 1108 1458 1183 quid
1485 1109 1555 1165 sit
1581 1107 1882 1180 transgredi

285 1199 466 1274 legem
493 1217 562 1258 ex
590 1206 944 1274 contemptu,
977 1200 1166 1258 deinde
1205 1201 1340 1274 quid
1377 1206 1434 1257 et
1471 1198 1772 1273 quotuplex
1810 1198 1882 1256 sit

287 1297 663 1363 contemptus,
695 1307 760 1348 ae
789 1289 1021 1363 denique
1047 1289 1265 1363 quando
1293 1290 1362 1347 ad
1403 1296 1694 1362 peccatum
1734 1304 1880 1346 mor·

290 1379 400 1436 tale
429 1379 689 1438 sufficiat.
724 1381 882 1438 Circa
909 1370 1147 1453 primu‘m
1175 1379 1395 1454 quidam
1425 1380 1710 1450 dixerunt,
1751 1395 1880 1453 pec·-

288 1485 420 1526 care
445 1487 510 1529 ex
541 1477 862 1543 contemptu
887 1486 1010 1528 esse
1035 1463 1268 1544 peccare
1294 1487 1362 1528 ex
1387 1477 1536 1528 certa
1558 1471 1802 1544 scientia,
1824 1477 1882 1527 et

288 1562 406 1618 sine
443 1563 724 1636 passione,
765 1561 850 1619 vel
893 1577 1090 1634 causa,
1134 1564 1228 1619 cui
1269 1561 1504 1635 opinioni
1546 1562 1764 1619 videtur
1801 1561 1878 1617 sa·

291 1667 424 1710 vere
449 1653 689 1710 Caietan.
719 1653 772 1708 in
799 1655 1024 1710 Summa
1060 1651 1228 1709 verbo
1263 1656 1628 1727 contemptus
1646 1696 1660 1718 ,
1695 1650 1882 1708 condi-

290 1744 578 1815 stinguens
605 1749 900 1814 peecatum
927 1755 989 1800 ex
1020 1748 1340 1815 contemptu
1367 1749 1562 1800 contra
1587 1749 1878 1814 peecatum

293 1851 366 1892 ex
401 1835 702 1908 ignorantia
737 1839 794 1891 et
831 1849 899 1890 ex
935 1835 1206 1906 passione.
1246 1832 1398 1892 Unde
1434 1831 1652 1890 videtur
1679 1832 1880 1890 sentire

295 1940 422 1982 esse
447 1931 768 1997 peccatum,
811 1925 961 1997 quod
1001 1929 1226 1980 vocatur
1261 1938 1328 1980 ex
1357 1921 1584 1994 malitia,
1616 1937 1742 1980 nam
1769 1921 1876 1978 hoc

297 2015 658 2074 communiter
683 2020 878 2072 contra
905 2012 994 2070 illa
1019 2014 1130 2071 duc
1159 2012 1404 2070 membra
1429 2011 1798 2086 distinguitur,
1821 2018 1880 2069 et

291 2107 498 2164 dicitur
523 2121 646 2163 esse
672 2121 738 2162 ex
767 2108 918 2163 certa
946 2105 1192 2161 scientia.
1227 2107 1393 2162 Favet
1417 2103 1580 2160 etiam
1605 2102 1798 2161 Glossa
1827 2102 1880 2160 in

285 2214 416 2271 cap.
447 2195 1007 2271 Metropolitanum,
1039 2200 1070 2254 2
1091 2237 1106 2268 ,
1137 2201 1353 2268 quaest.
1389 2197 1452 2266 7,
1483 2199 1754 2267 quatenus
1781 2194 1876 2264 ait,

291 2305 404 2346 non
433 2304 626 2361 parere
653 2304 720 2345 ex
745 2292 1066 2358 contemptu
1105 2284 1246 2342 idem
1283 2301 1406 2342 esse
1423 2325 1440 2358 ,
1472 2283 1622 2357 quod
1647 2299 1758 2340 non
1785 2301 1878 2358 pa·

289 2396 418 2438 rere
455 2381 574 2435 sine
615 2393 806 2436 causa.
851 2379 914 2434 D.
957 2377 1189 2433 Thomas
1228 2375 1388 2432 etiam
1427 2374 1480 2430 in
1523 2379 1588 2448 2,
1619 2373 1748 2432 dist.
1779 2379 1874 2446 24,

291 2487 353 2544 q.
386 2475 452 2543 3,
485 2475 588 2526 art.
624 2473 690 2541 5,
723 2483 939 2542 argum.
970 2471 1026 2539 2,
1057 2481 1186 2523 cum
1215 2463 1484 2523 solutione
1505 2465 1725 2522 videtur
1747 2481 1881 2538 sup-

291 2575 494 2632 ponere
510 2601 526 2632 ,
563 2573 798 2632 peccare
832 2572 900 2616 ex
935 2561 1254 2628 contemptu
1281 2571 1402 2613 esse
1429 2571 1666 2627 peccare
1691 2571 1758 2612 ex
1785 2555 1879 2612 de-

293 2649 605 2706 liberatione
639 2648 903 2719 perfecta.
933 2646 1146 2703 Iudicat
1180 2647 1341 2703 etiam
1377 2645 1685 2703 Bernardus
1712 2661 1879 2718 supra

291 2739 508 2810 dicens,
545 2736 690 2795 aliud
718 2751 838 2794 esse
866 2752 972 2792 non
1001 2734 1252 2806 obedire,
1274 2734 1424 2793 aliud
1449 2733 1587 2792 velle
1613 2751 1720 2792 non
1750 2735 1878 2792 obe·

291 2831 403 2888 dire
422 2871 438 2902 ,
469 2836 526 2887 et
559 2829 668 2886 hoc
695 2829 972 2902 posterius
997 2827 1133 2884 dicit
1159 2842 1281 2883 esse
1309 2832 1691 2898 contemnere,
1721 2832 1778 2884 et
1805 2827 1880 2883 si-

290 2921 529 2994 gnificat,
562 2935 776 2991 semper
802 2933 922 2976 esse
953 2922 1243 2990 peccatum
1269 2914 1518 2973 mortale:
1549 2923 1710 2972 vocat
1735 2919 1879 2973 enim

291 3010 726 3085 blasphemiam
754 3014 810 3066 et
836 3009 1301 3082 repugnantiam
1326 3022 1446 3063 non
1456 3002 1798 3076 serendam.

365 3106 420 3160 4.
437 3100 540 3158 Sed
560 3099 696 3156 haec
718 3097 1005 3172 explicatio
1027 3103 1377 3168 contemptus
1397 3112 1504 3154 non
1526 3103 1708 3169 potest
1725 3113 1878 3169 prae-

291 3193 432 3248 senti
460 3191 705 3248 instituto
735 3186 1156 3259 accommodari,
1189 3187 1314 3244 etin
1343 3201 1411 3242 eo
1441 3201 1606 3242 sensu
1631 3186 1768 3244 salsa
1791 3203 1878 3244 es-

287 3289 392 3354 set,
415 3287 471 3338 et
500 3285 698 3337 contra
717 3295 908 3336 omnes
929 3284 1188 3336 auctores
1216 3279 1436 3348 citatos,
1461 3283 1517 3334 et
1537 3269 1886 3335 referendum

284 3373 543 3441 Quamvis
579 3371 754 3443 enim,
787 3376 849 3428 ut
876 3372 1058 3426 statim
1085 3369 1264 3426 dicam
1284 3411 1300 3442 ,
1331 3374 1680 3441 contemptus
1719 3370 1773 3426 in
1799 3369 1878 3426 la·

282 3462 408 3520 tiori
433 3460 672 3535 quadam
695 3461 1084 3535 significatione
1105 3459 1380 3516 interdum
1399 3461 1476 3516 ita
1499 3468 1770 3534 sumatur,
1793 3467 1878 3518 ta·

284 3567 412 3609 men
439 3552 492 3608 in
521 3552 787 3624 praesenti
816 3566 921 3606 non
949 3555 1133 3622 potest
1158 3551 1214 3606 in
1239 3565 1305 3607 eo
1335 3565 1500 3607 sensu
1521 3551 1723 3623 accipi,
1747 3550 1879 3624 qnia

284 3645 452 3701 etiam
479 3649 778 3716 peccatum
805 3640 1008 3698 veniale
1035 3645 1219 3712 potest
1244 3641 1358 3696 fieri
1385 3656 1452 3698 ex
1471 3647 1625 3698 certa
1653 3642 1878 3698 scientia

283 3743 344 3792 et
382 3735 628 3808 perfecta
665 3732 1046 3791 deliberatione
1074 3773 1090 3802 ,
1133 3745 1310 3804 neque
1349 3729 1470 3788 inde
1511 3732 1581 3788 sit
1621 3734 1872 3805 mortale,

279 3825 446 3883 etiam
471 3825 514 3880 si
536 3825 715 3897 passio
739 3839 848 3880 non
867 3821 1190 3895 intercedat,
1209 3821 1304 3879 sed
1329 3822 1874 3880 meralibertas.Nam

281 3918 530 3974 carentia
551 3915 818 3988 passionis
839 3929 948 3970 non
967 3911 1064 3970 dat
1084 3928 1180 3985 per
1203 3929 1260 3971 se
1283 3928 1478 3970 novam
1501 3915 1738 3986 speciem
1763 3931 1876 3973 ma-

283 4007 452 4079 litiae,
484 4013 548 4064 ut
580 4021 674 4078 per
703 4021 760 4063 se
788 4009 980 4063 notum
1000 4011 1108 4076 est,
1131 4019 1231 4061 nec
1253 4009 1436 4076 potest
1459 4005 1656 4061 infinite
1677 4020 1876 4078 augere

283 4098 550 4158 malitiam
575 4113 642 4155 ex
673 4113 777 4155 suo
814 4111 1048 4170 genere,
1078 4095 1161 4152 vel
1197 4111 1264 4152 ex
1300 4095 1415 4152 aliis
1455 4096 1876 4154 circumstantiis

283 4191 498 4261 levem3
522 4190 632 4246 imo
651 4190 768 4261 ipsa
786 4203 884 4261 per
907 4202 966 4244 se
989 4202 1097 4244 non
1121 4193 1306 4260 auget,
1331 4183 1425 4242 sed
1447 4185 1625 4242 solum
1647 4201 1755 4242 non
1777 4185 1875 4242 mi-

281 4283 406 4338 nuit
441 4280 682 4352 culpam3
713 4285 774 4336 et
813 4277 1062 4351 quamvis
1103 4278 1274 4334 maior
1313 4275 1556 4348 libertas,
1587 4290 1727 4349 quae
1754 4274 1876 4332 inde

281 4371 614 4445 relinquitur
638 4410 654 4441 ,
697 4383 900 4442 augere
947 4367 1122 4438 possit
1169 4371 1459 4438 peccatum
1485 4405 1502 4438 ,
1546 4381 1653 4423 non
1695 4371 1876 4422 tamen

282 4460 444 4532 adeo,
477 4466 541 4517 ut
559 4459 724 4517 iaciat
749 4473 870 4516 esse
897 4455 1156 4529 mortale,
1188 4455 1336 4529 quod
1363 4455 1493 4513 alias
1522 4455 1624 4512 tale
1651 4470 1760 4511 non
1786 4471 1876 4512 es-

283 4561 391 4624 set,
425 4567 556 4608 cum
584 4549 744 4623 plena
769 4547 992 4605 libertas
1019 4547 1194 4620 possit
1218 4546 1376 4604 etiam
1420 4545 1470 4602 in
1509 4545 1612 4604 levi
1650 4551 1876 4617 peceato

282 4642 528 4717 reperiri.
561 4643 710 4713 Ergo
739 4639 948 4696 ratione
973 4637 1139 4695 huius
1167 4637 1614 4694 circumstantiae
1642 4653 1750 4694 non
1779 4653 1877 4710 po-

283 4741 394 4791 test
421 4747 542 4790 esse
565 4737 858 4804 peccatum
879 4727 1130 4794 mortale,
1155 4725 1306 4801 quod
1325 4742 1395 4784 ex
1414 4729 1638 4800 proprio
1665 4727 1878 4784 obiecto

165 4863 172 4872 -
283 4833 344 4882 et
371 4821 598 4881 materia
625 4820 730 4878 tale
759 4835 871 4876 non
899 4825 1066 4875 esset.
1097 4819 1170 4876 Et
1190 4817 1332 4875 idem
1353 4823 1741 4891 argumentum
1765 4817 1878 4874 fieri

285 4922 470 4992 potest
506 4913 574 4970 de
614 4911 1026 4970 circumstantia
1062 4908 1317 4966 scientiae
1355 4907 1658 4981 persecta03
1699 4907 1876 4964 solum

285 5009 432 5065 enim
459 5021 528 5063 ex
547 5021 606 5062 se
631 5001 872 5061 excludit
911 5001 1272 5076 ignorantiam
1291 5040 1306 5068 ,
1337 5006 1394 5056 et
1427 4997 1546 5056 ideo
1581 5013 1649 5056 ex
1686 5014 1744 5056 se
1768 5013 1878 5056 non

287 5103 457 5171 auget
475 5095 710 5169 speciem
733 5093 996 5166 malitiae,
1020 5092 1376 5166 quantitatem
1399 5105 1526 5147 vero
1546 5093 1758 5162 peccati
1782 5107 1877 5148 au·

287 5195 412 5265 get,
449 5187 626 5246 solum
666 5191 938 5260 quatenus
979 5189 1142 5258 auget
1178 5182 1507 5241 libertatem:
1541 5181 1646 5240 hoe
1694 5189 1878 5241 sutem

291 5283 649 5355 augmentum
688 5291 972 5353 nunquam
997 5273 1212 5334 excedit
1236 5274 1596 5347 capacitatem
1619 5276 1878 5334 materiae

3337 333 3465 400 259

1950 479 2008 529 et
2033 473 2225 530 obiecti
2252 488 2349 546 per
2378 488 2437 532 se
2458 473 2761 550 loquendo,
2788 491 2919 551 ergo
2942 491 3225 552 nunquam
3246 492 3311 536 ex
3330 477 3423 534 illo
3446 493 3549 536 ca-

1950 563 2056 635 pite
2079 565 2325 636 praecise
2348 573 2569 638 sumpto
2589 575 2877 640 peccatum
2904 570 2962 627 fit
2980 569 3231 644 mortale,
3248 570 3399 645 quod
3414 570 3545 628 alias

1948 661 2096 710 esset
2123 652 2191 710 de
2218 670 2278 711 se
2308 647 2533 714 veniale.

2023 743 2179 812 Quod
2205 748 2365 803 etiam
2394 746 2703 805 inductione
2731 754 2883 822 patet
2906 752 2963 808 in
2989 749 3273 808 mendacio
3303 750 3427 822 levi,
3452 750 3541 810 vel

1947 849 2118 906 parvo
2153 835 2337 908 furto,
2367 843 2878 913 quantumcumque
2913 843 3060 898 enim
3096 843 3327 900 scientia
3367 849 3425 900 et
3448 860 3546 900 vo-

1948 924 2156 982 luntate
2187 927 2346 999 fiant,
2376 930 2421 984 si
2451 929 2501 984 in
2528 943 2725 986 eorum
2752 925 3013 1002 oliiectis,
3042 939 3098 990 et
3124 936 3355 992 materia
3380 938 3542 992 sista-

1949 1021 2062 1086 tur,
2077 1031 2185 1072 non
2198 1015 2445 1075 addendo
2468 1020 2937 1078 circumstantiam
2961 1028 3263 1080 mutantem
3278 1027 3543 1098 speciem,

1947 1121 2249 1180 numquam
2275 1114 2441 1165 erunt
2468 1114 2697 1180 peccata
2731 1110 3011 1182 mortalia3
3041 1128 3175 1186 ergo
3214 1114 3302 1170 hic
3342 1117 3543 1172 modus

1947 1197 2211 1270 peccandi
2236 1213 2345 1257 non
2372 1205 2457 1256 est
2496 1214 2727 1270 peccare
2767 1217 2836 1260 ex
2874 1208 3195 1274 contemptu
3236 1205 3459 1276 proprio
3485 1210 3543 1266 et

1943 1289 2215 1359 rigoroso,
2242 1287 2311 1345 de
2340 1305 2452 1362 quo
2482 1295 2804 1348 tractamus.
2832 1293 2900 1348 Et
2921 1292 3027 1348 boc
3049 1293 3233 1365 potius
3261 1293 3453 1352 docuit
3478 1294 3542 1352 d.

1945 1378 2181 1434 Thomas
2202 1377 2325 1434 loco
2348 1380 2587 1451 proxime
2608 1381 2795 1452 citato,
2818 1389 3094 1456 quatenus
3118 1384 3396 1456 concedit,
3414 1402 3547 1458 pec-

1945 1475 2131 1525 catum
2155 1468 2359 1526 veniale
2387 1485 2453 1528 ex
2478 1485 2675 1542 genere
2702 1488 2810 1528 non
2844 1473 2957 1530 tieri
2987 1475 3217 1532 mortale
3242 1515 3257 1545 ,
3297 1475 3429 1533 licet
3457 1477 3549 1535 fiat

1945 1573 2014 1615 ex
2037 1559 2281 1631 perfecta
2309 1559 2715 1634 deliberatione,
2744 1579 2925 1638 neque
2954 1565 3006 1621 id
3028 1566 3158 1622 satis
3180 1581 3303 1624 esse
3324 1567 3389 1624 ad
3415 1584 3553 1626 con·

1944 1655 2247 1722 temptum3
2280 1658 2337 1707 et
2362 1650 2484 1708 ideo
2514 1660 2731 1726 quaest.
2770 1655 2856 1712 15.
2888 1653 2961 1712 de
2986 1658 3158 1713 verit.
3183 1662 3287 1713 art.
3316 1664 3369 1716 5.
3395 1658 3464 1716 ad
3486 1665 3549 1731 2,

1949 1739 2110 1810 dixit,
2161 1756 2263 1814 per
2303 1749 2595 1813 peccatum
2637 1744 2840 1802 veniale
2881 1761 2991 1802 non
3032 1747 3305 1804 contemni
3346 1750 3545 1820 Deum,

1942 1830 2244 1890 etiamsiex
2270 1833 2513 1903 perfecta
2540 1836 2767 1891 scientia
2796 1835 2908 1899 fiat.
2930 1838 3003 1894 De
3027 1851 3194 1894 sensu
3215 1843 3401 1896 autem
3418 1841 3547 1896 Ber-

1945 1921 2097 1978 nardi
2137 1921 2279 1978 infra
2318 1922 2556 1980 dicetur.
2603 1923 2686 1980 Ad
2725 1924 2975 1983 Glossam
3016 1933 3202 1985 autem
3250 1928 3551 2000 respondet

1919 2012 2140 2069 *Nasam
2174 2011 2227 2067 in
2268 2015 2435 2083 capit.
2470 2017 2605 2070 Non
2628 2013 2971 2087 inferenda,
3006 2033 3160 2074 num.
3200 2021 3289 2076 15.
3320 2018 3549 2086 Quando

1945 2107 2211 2173 peccatur
2232 2108 2425 2160 contra
2445 2101 2619 2176 legem
2644 2105 2759 2161 sine
2784 2121 2975 2177 causa,
2996 2109 3271 2178 praesumi
3295 2116 3552 2168 contem-

1947 2197 2125 2263 ptum,
2157 2207 2266 2249 non
2293 2199 2471 2250 tamen
2501 2209 2643 2263 esse,
2676 2196 2886 2252 etiamsi
2912 2212 2981 2254 ex
3005 2212 3173 2254 causa
3200 2198 3387 2272 iniqua
3414 2215 3547 2272 pec-

1944 2287 2127 2356 cetur,
2159 2290 2223 2338 ut
2246 2299 2313 2339 ex
2342 2283 2642 2356 voluptate,
2674 2289 2738 2341 ut
2762 2287 2999 2343 sumitur
3026 2301 3094 2346 ex
3114 2288 3307 2346 Glossa
3332 2289 3385 2345 in
3414 2305 3540 2362 cap.

1953 2372 2106 2428 Cum
2129 2369 2475 2446 illorum,de
2502 2374 2769 2432 sententia
2796 2378 3259 2436 excommunicat.
3284 2379 3451 2437 verbo
3478 2383 3548 2438 in

1946 2467 2296 2538 contemptu.

2024 2558 2078 2610 5.
2111 2554 2363 2612 Secundo
2384 2552 2639 2612 dixerunt
2661 2555 2773 2629 alii,
2797 2557 3107 2632 transgredi
3128 2557 3305 2632 legem
3323 2577 3390 2618 ex
3410 2577 3545 2620 con-

1946 2643 2235 2701 suetudine
2275 2659 2395 2700 esse
2422 2644 2567 2702 illam
2598 2655 2976 2714 contemnere,
3006 2663 3071 2706 ac
3096 2649 3324 2707 subinde
3346 2667 3545 2722 pecca-

1947 2741 2068 2791 tum
2087 2749 2154 2792 ex
2184 2734 2587 2793 consuetudine
2612 2753 2733 2794 esse
2760 2745 3053 2809 peccatum
3089 2755 3157 2798 ex
3183 2747 3531 2815 contemptu.

1943 2823 2098 2884 Unde
2123 2825 2388 2898 inserunt,
2413 2827 2901 2899 transgressionem
2929 2828 3067 2902 legis
3094 2829 3161 2885 de
3188 2845 3249 2886 se
3277 2833 3549 2891 venialem

1943 2916 2056 2972 fieri
2091 2914 2376 2973 mortalem
2414 2931 2483 2974 ex
2517 2917 2933 2975 consuetudine.
2968 2920 3115 2978 Haec
3148 2927 3331 2978 autem
3360 2923 3547 2995 opinio

1946 3005 2241 3078 dupliciter
2268 3005 2489 3080 intelligi
2510 3013 2709 3078 potest.
2726 3009 2932 3082 Primo,
2957 3015 3017 3066 ut
3042 3010 3345 3086 adaequata
3370 3029 3546 3072 causa

1945 3101 2293 3167 contemptus
2323 3096 2392 3151 sit
2419 3095 2786 3154 consuetude.
2820 3099 2890 3154 Et
2916 3098 3021 3156 hoc
3051 3115 3083 3156 a
3110 3101 3319 3158 nemine
3347 3107 3546 3162 asseri-

1945 3192 2060 3250 tur,
2075 3191 2132 3244 et
2149 3185 2401 3258 estplane
2416 3185 2637 3259 falsum,
2653 3190 2783 3261 quia
2799 3197 3151 3262 contemptus
3172 3199 3355 3264 potest
3370 3195 3545 3253 aliun-

1945 3275 2013 3334 de
2041 3276 2189 3348 oriri,
2208 3265 2387 3350 'quam
2415 3292 2482 3334 ex
2510 3277 2932 3350 consuetudine,
2966 3280 3226 3338 nimirum
3253 3298 3321 3341 ex
3346 3299 3540 3357 super-

1945 3366 2052 3438 bia,
2083 3365 2169 3424 vel
2198 3365 2579 3441 indignatione,
2612 3374 2711 3425 aut
2737 3367 2840 3426 alio
2875 3369 3034 3428 simili
3058 3371 3209 3428 vitio.
3241 3374 3381 3430 ltem
3407 3375 3542 3448 quia

1945 3462 2295 3530 contemptus
2322 3463 2408 3514 est
2434 3457 2665 3530 simplex
2698 3466 2889 3532 actus,
2921 3466 2982 3518 ut
3018 3463 3205 3520 statim
3245 3463 3535 3536 explicabi-

1946 3563 2094 3620 mus,
2111 3548 2261 3605 etita
2280 3553 2461 3620 potest
2482 3549 2696 3620 concipi
2716 3565 2814 3622 per
2836 3550 3071 3625 aliquem
3093 3555 3332 3625 primum
3349 3561 3540 3616 actum

1944 3641 2066 3694 ante
2093 3636 2577 3710 consuetudinem,
2610 3645 2673 3696 ut
2698 3642 2989 3712 superbia,
3018 3648 3076 3700 et
3103 3643 3207 3700 alia
3235 3645 3430 3702 similia
3459 3646 3537 3704 vi·

1947 3727 2036 3786 tia.
2069 3727 2325 3785 Secundo
2352 3728 2571 3802 intelligi
2598 3736 2781 3802 potest
2806 3773 2822 3802 ,
2852 3731 3007 3806 quod
3033 3732 3163 3792 licet
3188 3737 3541 3796 consuetudo

1943 3835 2052 3876 non
2081 3818 2152 3875 sit
2189 3820 2497 3877 necessaria
2533 3820 2602 3877 ad
2630 3827 3040 3896 contemptum,
3074 3825 3421 3884 nihilominus
3447 3827 3545 3886 illa

1943 3909 2013 3965 sit
2038 3925 2183 3966 unus
2211 3908 2406 3966 modus
2426 3911 2689 3982 peccandi
2710 3925 2775 3970 ex
2798 3919 3145 3988 contemptu,
3168 3922 3225 3973 et
3243 3916 3348 3974 boc
3372 3918 3537 3976 modo

1943 3998 2150 4056 indicat
2188 3999 2331 4057 hanc
2368 4003 2691 4062 sententiam
2721 4001 2911 4060 Glossa
2935 4005 2986 4060 in
3014 4020 3137 4078 cap.
3177 4011 3374 4068 tyrium
3400 4025 3541 4067 ora·

1942 4091 2120 4160 rium,
2157 4096 2191 4156 s
2216 4107 2379 4148 nunc
2406 4096 2627 4162 autem,
2661 4093 2827 4150 verbo
2848 4093 3179 4164 criminale,
3206 4096 3335 4155 dist.
3360 4103 3459 4172 25,
3481 4106 3541 4160 et

1943 4183 2084 4254 Aug.
2116 4181 2283 4237 verbo
2311 4180 2741 4246 inobedientia,
2776 4185 2870 4242 ubi
2914 4184 3055 4242 hanc
3092 4195 3256 4246 vocat
3292 4197 3536 4248 contem·

1943 4277 2099 4344 ptum
2143 4272 2615 4344 interpretativum
2640 4277 2783 4331 *cum
2808 4275 3063 4332 Richard.
3108 4277 3351 4350 quodlib.
3392 4284 3442 4353 l,
3475 4298 3532 4356 q.

1950 4364 2040 4433 19,
2069 4370 2128 4419 et
2153 4362 2357 4420 citatur
2384 4377 2483 4434 pro
2508 4363 2611 4420 bac
2642 4365 2906 4423 sententia
2930 4367 3220 4426 Collectar.
3256 4370 3307 4429 in
3336 4387 3459 4444 cap.
3482 4378 3534 4432 1.

1908 4470 1914 4476 ·
1943 4451 2010 4510 de
2037 4457 2219 4509 const.
2236 4455 2402 4510 Favet
2422 4452 2586 4510 etiam
2606 4456 2902 4514 Panormit.
2928 4459 2983 4512 in
3004 4473 3125 4530 cap.
3146 4463 3307 4518 Nam
3328 4478 3535 4520 concu-

1938 4545 2301 4618 piscentiam
2326 4587 2341 4610 ‚
2376 4541 2442 4600 de
2468 4545 2753 4603 constitut.
2786 4547 2837 4602 in
2865 4547 2999 4619 fine,
3033 4547 3167 4606 dum
3193 4551 3293 4624 ait,
3324 4554 3540 4614 nullum

1947 4639 2068 4692 esse
2097 4635 2305 4692 veniale
2332 4643 2619 4708 peccatum
2639 4677 2655 4707 ,
2686 4637 2833 4711 quod
2874 4640 3274 4706 consuetudine
3310 4659 3417 4700 non
3446 4645 3541 4704 fiat

1944 4727 2192 4800 mortale3
2210 4743 2341 4784 nam
2362 4727 2467 4784 hoc
2488 4743 2681 4784 verum
2702 4743 2821 4784 esse
2842 4745 2951 4786 non
2972 4736 3174 4802 potest,
3207 4733 3304 4789 nisi
3326 4736 3537 4794 ratione

1945 4825 2318 4892 contemptus.
2355 4817 2595 4893 Denique
2620 4819 2881 4877 Bernard.
2912 4819 3057 4881 dicto
3084 4821 3220 4880 libro
3254 4822 3329 4882 de
3354 4842 3541 4900 prae·

1943 4926 2068 4986 cep.
2097 4915 2156 4968 et
2179 4908 2437 4986 dispens.
2468 4925 2591 4982 cap.
2630 4915 2717 4970 1⁴.
2746 4909 2900 4984 dicit,
2923 4912 3190 4985 quaedam
3209 4930 3329 4972 esse
3351 4919 3533 4974 venia-

1945 5001 2014 5058 lia
2041 5007 2300 5074 peecata,
2330 5009 2589 5074 excepto,
2621 5016 2750 5058 cum
2778 5017 2875 5074 per
2903 5011 3283 5077 contemptum
3312 5014 3534 5065 vertun-

1948 5097 2042 5156 tur
2073 5092 2124 5148 in
2153 5107 2321 5149 usum
2349 5097 2407 5148 et
2432 5090 2906 5150 consuetudinem.

2027 5181 2132 5241 Sed
2158 5183 2297 5241 haec
2328 5185 2593 5242 sententia
2632 5183 2767 5242 falsa
2792 5190 2908 5258 est,
2939 5191 3003 5244 ut
3026 5186 3223 5244 merito
3259 5185 3450 5247 docuit
3474 5189 3533 5248 d.

1947 5274 2141 5334 Thom.
2176 5279 2387 5334 etcum
2407 5289 2473 5333 eo
2495 5275 2786 5336 Caietanus
2806 5280 3277 5353 2.2,q.186,art.
3304 5282 3357 5338 9.
3382 5277 3453 5338 ad
3474 5285 3532 5354 3,
