4325 6267
849 340 932 399 42

775 486 1024 549 constet,
1069 478 1218 535 nulla
1257 495 1321 536 ex
1364 494 1570 541 causa,
1613 480 1778 535 etiam
1819 483 2046 551 propter
2087 476 2368 533 vitandum

771 568 1165 642 quodcumque
1206 567 1595 626 detrimentum
1636 569 1719 624 vel
1763 566 2120 635 scandalum,
2151 566 2374 623 obedire

771 656 900 713 lieet
920 698 935 727 ,
961 658 1090 729 quia
1115 656 1322 713 malum
1350 657 1530 714 faeere
1559 672 1844 729 nunquam
1873 656 2003 712 lieet
2030 661 2255 727 propter
2290 654 2371 711 ul·-

768 745 884 801 lum
923 746 1110 816 tinem3
1143 752 1199 801 at
1225 760 1354 802 vero
1387 747 1439 801 in
1471 745 1576 802 alio
1606 761 1740 801 casu
1766 788 1780 814 ‚
1814 744 1942 801 licet
1967 743 2050 800 lex
2082 742 2150 801 de
2179 760 2237 799 se
2268 759 2372 798 non

771 832 1006 905 obliget,
1040 839 1222 903 potest
1249 832 1503 889 subditus
1535 832 1606 889 illi
1635 849 1850 903 parere,
1885 834 1930 887 si
1953 832 2091 901 vult,
2117 832 2372 887 dummo-

769 921 839 978 do
880 922 1174 978 iniustitiae
1219 937 1326 976 non
1379 928 1740 992 cooperetur,
1784 922 1910 992 quia
1961 926 2140 989 potest
2181 919 2374 975 cedere

768 1010 875 1066 iuri
900 1026 1023 1066 suo.
1051 1010 1123 1066 Et
1152 1009 1277 1065 ideo
1310 1007 1482 1063 multo
1513 1007 1724 1063 facilius
1757 1014 1890 1064 tunc
1921 1007 2144 1079 obligari
2176 1009 2375 1079 poterit

769 1100 822 1155 in
851 1113 988 1155 casu
1024 1097 1220 1167 dubio,
1265 1098 1378 1152 imo
1419 1098 1582 1152 etiam
1609 1097 1660 1152 in
1689 1112 1856 1163 casu,
1889 1098 1940 1150 in
1973 1112 2085 1167 quo
2117 1097 2191 1151 sit
2218 1102 2372 1152 certa

769 1186 1063 1253 iniustitia,
1095 1183 1389 1255 aliquando
1432 1187 1633 1255 poterit
1672 1183 1898 1254 obligari
1943 1189 2165 1254 propter
2205 1186 2374 1239 vitan-

769 1275 904 1332 dum
935 1273 1289 1341 scandalum,
1314 1288 1438 1328 nam
1467 1272 1573 1328 hoc
1606 1272 1886 1328 vitandum
1908 1277 2024 1341 est,
2052 1273 2218 1327 etiam
2242 1288 2371 1327 eum

747 1364 1098 1421 'detrimento
1139 1361 1454 1432 temporali,
1484 1378 1539 1417 c.
1571 1366 1628 1418 2.
1660 1359 1728 1416 de
1758 1361 2086 1432 praescript.
2118 1368 2177 1417 et
2204 1361 2374 1418 sumi-

767 1460 862 1510 tur
882 1469 948 1509 ex
971 1454 1202 1523 August.
1231 1466 1394 1507 serm.
1425 1456 1479 1507 6.
1503 1448 1576 1505 de
1599 1448 1753 1506 verb.
1781 1452 2052 1517 Domini,
2080 1456 2138 1506 et
2159 1452 2211 1504 iu
2233 1449 2369 1521 psal.

775 1545 910 1604 124,
940 1546 995 1596 et
1030 1539 1236 1596 notavit
1263 1538 1318 1594 d.
1350 1540 1538 1594 Thom.
1568 1539 1622 1595 d.
1649 1555 1703 1610 q.
1739 1541 1843 1603 96,
1873 1545 1982 1594 art.
2016 1540 2046 1595 4
2077 1580 2092 1607 ,
2123 1544 2178 1594 et
2206 1538 2373 1594 videri

769 1635 1003 1701 possunt
1027 1627 1292 1684 Adrianus
1315 1627 1507 1699 quodi.
1542 1631 1573 1684 6
1591 1667 1606 1697 ,
1639 1625 1706 1682 ad
1729 1628 1960 1697 primam
1983 1625 2369 1695 obiectionem,

768 1717 1006 1775 Gabriel.
1041 1717 1096 1773 in
1123 1720 1154 1774 ⁴
1177 1756 1192 1784 ‚
1223 1716 1279 1773 d.
1321 1719 1416 1785 16,
1447 1732 1503 1788 q.
1539 1719 1602 1785 3,
1633 1716 1859 1771 iuristae
1887 1714 1940 1769 in
1969 1714 2026 1770 d.
2058 1730 2184 1785 cap.
2218 1720 2275 1772 2.
2306 1713 2373 1771 de

773 1808 1098 1879 praescript.
1129 1807 1378 1861 Panorm.
1405 1804 1455 1860 in
1480 1818 1602 1875 cap.
1635 1802 1708 1859 de
1735 1808 1919 1859 const.
1951 1818 2005 1857 n.
2040 1808 2095 1873 9,
2125 1802 2287 1859 Card.
2320 1804 2371 1859 in

769 1894 824 1951 d.
857 1910 909 1951 e.
939 1892 1012 1951 de
1036 1894 1157 1960 his,
1201 1898 1300 1963 50,
1331 1891 1641 1949 Bellarmin.
1682 1891 1774 1948 lib.
1803 1894 1856 1949 4.
1893 1880 1967 1947 de
1991 1905 2143 1946 rom.
2172 1894 2373 1948 Ponti-

754 1982 904 2056 fice,
940 1997 1061 2054 cap.
1103 1985 1119 2039 t
1139 1986 1190 2038 5.

1355 2172 1636 2242 CAPUT
1674 2172 1762 2239 X.

937 2374 1150 2431 Utrum
1169 2370 1538 2446 perpetuitas
1566 2369 1643 2422 sit
1669 2363 1742 2421 de
1766 2367 1998 2421 ratione
2025 2362 2195 2436 legis.

1339 2524 1824 2609 summarium

775 2737 822 2785 l.
852 2736 991 2797 Quae
1015 2736 1084 2786 sit
1110 2732 1430 2798 perpetuitas
1455 2728 1516 2778 ad
1545 2729 1708 2791 legem
1743 2727 2012 2791 requisita.
2036 2753 2107 2763 —
2123 2725 2378 2776 Dividitur

838 2806 890 2855 in
913 2804 1186 2869 positivam
1203 2808 1258 2851 et
1277 2800 1660 2863 negativam.—
1673 2798 1724 2847 2.
1747 2796 1913 2846 Prima
1932 2796 2169 2846 assertio:
2198 2795 2377 2845 Divina

836 2875 920 2924 lex
944 2875 1044 2924 sibi
1075 2872 1300 2922 vindicat
1329 2868 1726 2932 perpetuitatem
1751 2866 2080 2927 assignatam.
2103 2892 2173 2901 --
2192 2864 2245 2914 3.
2274 2864 2380 2913 Lex

843 2951 991 2993 vetus
1016 2950 1070 2992 et
1095 2952 1224 2991 nova
1249 2938 1648 3003 perpetuitatem
1675 2934 2115 2997 participat.--4.
2145 2931 2379 2982 Secunda

842 3013 1084 3063 assertio:
1113 3011 1220 3060 Lex
1251 3008 1469 3057 humana
1505 3019 1604 3055 non
1639 3011 1720 3054 est
1748 3005 1818 3052 ita
1847 3008 2116 3067 perpetua,
2145 3008 2206 3051 ut
2230 3014 2378 3051 revo-

839 3082 950 3132 cari
976 3084 1216 3144 nequeat.
1239 3104 1306 3114 —-
1326 3078 1404 3124 An
1433 3076 1500 3125 sit
1536 3074 1602 3123 de
1627 3074 1826 3122 ratione
1852 3072 1981 3135 legis
2005 3071 2255 3121 humanae
2281 3070 2378 3120 ali-

843 3163 944 3215 qua
981 3144 1594 3213 perpetuitas—Opinio
1631 3154 1926 3205 neganS.—-
1945 3141 1997 3191 5.
2037 3140 2221 3203 Opinio
2249 3139 2383 3189 affir-

841 3219 1149 3269 mans.—-6.
1177 3214 1436 3267 Posterior
1471 3213 1724 3262 sententia
1756 3210 1918 3272 magis
1941 3216 2023 3259 est
2049 3210 2152 3259 iuri
2178 3206 2379 3259 confor-

843 3287 1256 3349 mis—Triplex
1280 3282 1597 3347 perpetuitas
1623 3281 1753 3343 legis
1777 3280 2182 3330 humanae.—7.
2210 3277 2380 3327 Prima

845 3358 1164 3421 perpetuitas
1197 3355 1326 3416 legis
1359 3364 1419 3400 ex
1447 3358 1594 3414 parte
1619 3348 1834 3399 ferentis
1858 3347 2161 3397 illam—8.
2188 3344 2382 3397 Confir-

845 3434 1016 3477 matur
1037 3424 1288 3475 resolutio
1306 3434 1368 3470 ex
1385 3418 1674 3469 differentia
1694 3419 1832 3468 inter
1850 3430 2038 3479 purum
2050 3418 2384 3479 praeceptum

845 3503 899 3546 et
921 3500 1173 3546 statutum
1200 3502 1290 3541 seu
1317 3486 1900 3539 constitutionem—9.
1923 3485 2223 3547 Aliquorum
2248 3484 2382 3533 limi-

850 3565 987 3614 tatio.
1015 3562 1165 3611 —Ad
1201 3558 1542 3609 differentiam
1579 3556 1716 3605 inter
1748 3566 1932 3617 purum
1969 3558 2304 3616 praeceptum
2327 3556 2382 3601 et

847 3636 1118 3683 statutum.
1138 3656 1208 3665 —
1235 3628 1320 3678 10.
1357 3625 1608 3675 Reiicitur
1652 3623 1907 3674 limitatio.
1931 3648 2000 3657 -
2021 3621 2107 3671 11.
2151 3620 2381 3671 Secunda

847 3700 1168 3765 perpetuitas
1209 3696 1336 3759 legis
1379 3706 1442 3743 ex
1479 3698 1626 3755 parte
1651 3689 2180 3743 subditorum—12.
2208 3690 2381 3739 Tertia

849 3768 1165 3833 perpetuitas
1190 3778 1252 3815 ex
1276 3770 1457 3813 natura
1489 3761 1636 3824 legis.

863 3946 911 4000 1.
944 3940 1227 4012 Duplicem
1269 3934 1689 4008 perpetuitatem
1731 3931 1910 3990 solent
1951 3928 2261 4002 philosophi
2300 3927 2387 3985 di-

783 4033 1080 4103 stinguere,
1108 4042 1273 4083 unam
1293 4042 1358 4081 ex
1381 4029 1536 4095 parte
1557 4021 1715 4088 initii,
1741 4036 1905 4092 quam
1928 4024 2128 4075 vocant
2147 4020 2385 4090 aparte

780 4126 938 4188 ante,
969 4118 1131 4175 aliam
1151 4132 1219 4172 ex
1239 4120 1394 4186 parte
1418 4111 1556 4177 linis,
1573 4126 1738 4181 quam
1762 4112 1990 4183 aparte
2005 4111 2140 4179 post
2161 4112 2380 4161 vocant.

783 4209 882 4264 Hie
912 4223 1018 4263 non
1051 4210 1359 4261 tractamus
1387 4201 1454 4257 de
1484 4201 1685 4272 priori,
1717 4212 1843 4254 nam
1865 4194 2153 4253 dividendo
2183 4195 2383 4268 legem,

782 4297 1048 4367 diximus,
1094 4293 1209 4350 dari
1259 4306 1422 4347 unam
1471 4290 1644 4362 legem
1692 4293 1974 4343 aeternam
1995 4326 2012 4355 ,
2049 4298 2193 4357 quae
2243 4285 2387 4339 intra

781 4386 953 4442 Deum
982 4390 1094 4453 est,
1121 4379 1254 4437 alias
1284 4394 1414 4434 vero
1443 4392 1565 4432 esse
1597 4374 1928 4446 temporales
1955 4388 2020 4428 ex
2045 4377 2200 4444 parte
2222 4371 2381 4427 initii.

782 4476 919 4532 Nam
945 4472 1073 4529 licet
1102 4471 1185 4527 lex
1209 4465 1480 4525 naturalis
1502 4461 1609 4521 dici
1631 4465 1805 4536 possit
1825 4461 2010 4534 aliquo
2033 4459 2195 4517 modo
2213 4466 2389 4515 aeter-

784 4581 887 4632 na,
930 4568 996 4618 ut
1035 4561 1207 4616 voluit
1243 4556 1434 4614 Glossa
1475 4555 1527 4609 in
1569 4553 1744 4625 princ.
1778 4550 1832 4608 d.
1880 4556 1941 4620 5,
1975 4551 2141 4607 verbo
2170 4550 2375 4621 coepit,

787 4652 976 4725 utique
1005 4647 1300 4715 obiective,
1336 4659 1434 4699 seu
1470 4641 1650 4714 quoad
1679 4656 1800 4697 esse
1829 4640 2096 4696 essentiae
2115 4678 2131 4711 ,
2163 4643 2226 4693 ut
2253 4637 2389 4692 intra

787 4738 1180 4812 explicabitur;
1214 4732 1564 4790 nihilominus
1603 4736 1767 4802 prout
1795 4730 1980 4785 existit
2008 4729 2062 4783 in
2089 4725 2385 4796 creaturis,

785 4846 852 4887 ex
880 4837 1125 4897 tempore
1153 4822 1351 4893 incepit
1379 4835 1507 4876 cum
1535 4823 1792 4876 creatura
1809 4860 1824 4889 ‚
1852 4824 1914 4873 ut
1936 4815 2068 4871 bene
2090 4816 2383 4873 Gratianus

2258 354 2457 403 LIBER
2487 356 2510 402 1
2521 383 2536 399 .

2444 474 2731 532 aeternitas
2774 474 3033 542 dicitur,‘
3058 473 3142 528 vel
3187 470 3495 529 secundum
3536 471 3703 545 quid,
3743 488 3892 546 quae
3945 472 4067 531 dici

2448 570 2628 636 potest
2648 562 2867 621 duratio
2889 562 3035 635 longi
3061 563 3341 631 temporis,
3368 577 3509 633 quae
3533 561 3583 617 in
3608 562 3903 634 Scriptura
3927 578 4065 619 sae·

2446 668 2513 724 pe
2556 668 2785 717 aevum,
2830 651 2914 707 vel
2958 657 3239 707 aeternum
3280 650 3567 706 saeculum
3609 649 3944 721 appellatur.
3982 651 4067 707 Ut

2444 747 2628 798 autem
2667 742 2987 797 omittamus
3017 739 3191 794 varias
3222 738 3668 811 significationes,
3698 755 3842 811 quae
3872 741 4065 811 magis

2447 830 2513 885 ad
2546 830 2983 901 speculationem
3007 828 3299 899 pertinent,
3323 829 3684 899 perpetuitas,
3710 828 3774 885 de
3796 845 3910 901 qua
3944 836 4069 886 tra-

2446 923 2661 974 ctamus
2680 959 2693 982 ,
2720 917 2897 973 solum
2920 924 3006 973 est
3026 915 3293 989 quaedam
3316 916 3451 989 legis
3472 917 3758 987 stabilitas,
3781 916 3851 973 ad
3872 934 4065 990 quam

2446 1014 2661 1079 spectat
2682 1049 2695 1073 ,
2730 1012 2794 1063 ut
2819 1007 3015 1062 habeat
3040 1021 3202 1060 suum
3232 1022 3353 1061 esse
3385 1021 3517 1062 cum
3546 1004 3731 1062 valore
3758 1021 3823 1062 ac
3854 1004 4063 1062 effica-

2447 1097 2531 1151 cia
2572 1090 2847 1167 obliga'ndi
2888 1096 2962 1151 ita
2989 1094 3153 1149 tixum
3182 1102 3231 1149 et
3268 1108 3626 1164 permanens,
3665 1100 3939 1165 quantum
3972 1100 4067 1151 est

2446 1201 2511 1241 ex
2556 1186 2605 1239 vi
2646 1200 2778 1240 suae
2820 1183 3038 1255 originis
3066 1190 3121 1238 et
3149 1183 3589 1254 constitutionis,
3620 1190 3685 1239 ut
3706 1184 3769 1239 de
3800 1200 3861 1239 se
3885 1184 4068 1239 duret

2448 1288 2695 1345 semper,
2729 1279 2826 1328 aut
2852 1274 2948 1342 per
2976 1270 3309 1328 indefinitum
3342 1272 3424 1327 vel
3454 1271 3770 1329 diuturnum
3804 1279 4062 1343 tempus.

2446 1363 2549 1429 Qui
2592 1361 2790 1418 modus
2834 1360 3209 1449 perpetuitatis
3252 1366 3431 1431 potest
3468 1374 3590 1415 esse
3626 1358 3862 1432 duplex:
3898 1376 4069 1417 unus

2444 1449 2547 1506 dici
2579 1456 2757 1521 potest
2787 1451 3096 1521 negativus,
3128 1446 3264 1503 alter
3293 1448 3578 1519 positivus.
3608 1450 3905 1521 Negativus
3942 1457 4064 1519 est,

2444 1537 2664 1612 quando
2692 1537 2775 1594 lex
2806 1538 3073 1595 indefinite
3102 1537 3312 1607 fertur,
3344 1544 3402 1593 et
3440 1537 3561 1594 ideo
3594 1538 3923 1595 indefinitam
3958 1540 4067 1595 ha·

2442 1628 2533 1683 bet
2560 1626 2903 1683 durationem
2920 1668 2935 1697 ‚
2960 1626 3089 1683 licet
3112 1626 3358 1683 revocari
3378 1626 3582 1697 possit,
3606 1632 3663 1683 et
3684 1626 3794 1682 tolli
3824 1642 3928 1697 per
3966 1642 4069 1683 ex-

2442 1716 2706 1772 trinsecas
2734 1730 2963 1783 causas,
2988 1714 3267 1786 quomodo
3292 1713 3500 1771 dicitur
3536 1716 3828 1786 suspensio
3848 1731 4069 1787 perpe-

2444 1811 2537 1861 tua
2566 1806 2844 1877 negative,
2885 1818 3027 1875 quae
3064 1805 3178 1859 sine
3208 1803 3437 1860 termino
3464 1802 3660 1860 fertur.
3693 1802 3927 1860 Positive
3960 1819 4067 1859 au·-

2445 1900 2551 1951 tem
2581 1900 2847 1966 perpetua
2874 1892 3080 1948 dicitur
3110 1892 3193 1948 lex
3217 1934 3232 1961 ,
3264 1906 3407 1965 quae
3444 1898 3645 1949 natura
3672 1907 3803 1961 sua,
3834 1893 3923 1949 vel
3958 1909 4069 1964 per

2442 1998 2695 2054 expressa
2738 1981 2903 2037 verba
2944 1980 3148 2053 fertur,
3195 1986 3259 2037 ut
3297 1995 3513 2052 semper
3552 1980 3746 2050 duret,
3788 1988 3847 2036 et
3888 1997 4068 2037 nurn-

2444 2088 2610 2145 quam
2639 2077 2963 2140 revocetur,
2990 2075 3048 2125 ut
3077 2068 3343 2140 depositio
3372 2068 3580 2126 dicitur
3608 2069 3892 2140 suspensio
3925 2085 4065 2141 per-

2445 2167 2630 2233 petua.
2671 2160 2745 2215 De
2790 2164 3025 2231 utroque
3064 2172 3195 2229 ergo
3238 2156 3403 2214 modo
3453 2159 3834 2229 perpetuitatis
3875 2166 4069 2228 potest

2445 2249 2579 2305 haec
2621 2250 2872 2320 quaestio
2915 2247 3162 2303 tractari.
3195 2248 3263 2303 Et
3302 2246 3561 2319 quoniam
3604 2246 3724 2302 eius
3752 2245 4069 2303 difficultas

2446 2342 2560 2393 tota
2589 2341 2845 2394 versatur
2874 2336 3025 2391 eirca
3051 2333 3319 2390 humanas
3346 2334 3525 2408 leges,
3551 2334 3673 2390 ideo
3696 2350 3895 2407 operae
3924 2350 4063 2407 pre-

2444 2424 2579 2481 tium
2610 2426 2749 2495 erit,
2781 2425 2932 2495 prius
2960 2422 3107 2480 illam
3136 2423 3189 2477 in
3218 2421 3413 2478 divinis
3444 2421 3655 2495 legibus
3683 2420 3967 2494 expedire.

2526 2518 2580 2570 2.
2615 2512 2749 2569 Dico
2785 2522 2915 2585 ergo
2944 2511 3151 2583 primo:
3184 2512 3360 2566 omnis
3388 2509 3569 2565 divina
3607 2509 3691 2565 lex
3722 2514 4068 2581 perpetuita-

2445 2591 2556 2657 tem
2600 2600 2808 2657 dictam
2848 2597 3157 2670 participat.
3205 2598 3527 2655 Declaratur
3567 2596 3807 2655 breviter
3834 2597 4071 2655 discur-

2448 2688 2616 2745 rendo
2646 2704 2742 2761 per
2772 2685 3036 2759 singulas.
3064 2687 3202 2743 Nam
3229 2685 3313 2741 lex
3351 2690 3569 2741 aeterna
3596 2686 3813 2756 proprie
3836 2702 3902 2742 ac
3924 2690 4067 2744 sim-

2447 2776 2662 2850 pliciter
2711 2783 2975 2848 perpetua
3022 2780 3135 2843 est,
3186 2775 3317 2847 quia
3364 2776 3419 2830 in
3470 2790 3529 2829 se
3570 2774 3919 2832 immutabilis
3948 2784 4063 2833 est.

2446 2864 2702 2932 Quamvis
2740 2866 2885 2920 enim
2923 2853 3091 2935 prout
3127 2861 3262 2918 dicit
3302 2868 3617 2933 respectum
3646 2862 3713 2919 ad
3741 2870 4063 2934 creaturas,

2446 2970 2567 3009 non
2583 2968 2797 3024 semper
2818 2952 3075 3025 respiciat
3094 2966 3188 3007 eas
3210 2950 3520 3008 secundum
3542 2952 3797 3009 eumdem
3826 2954 4067 3011 modum

2446 3044 2760 3099 existentiae
2782 3082 2797 3105 ,
2830 3056 3009 3113 neque
3044 3042 3289 3113 imponat
3314 3042 3391 3095 eis
3422 3041 3566 3113 leges
3586 3084 3600 3113 ‚
3630 3056 3773 3113 quae
3808 3058 3908 3113 pro
3935 3049 4067 3100 toto

2447 3138 2696 3203 tempore
2724 3130 2946 3201 durent,
2981 3128 3079 3185 sed
3106 3130 3259 3185 iuxta
3287 3128 3513 3185 modum
3530 3129 3823 3187 definitum
3846 3130 4063 3204 abipso

2448 3224 2590 3292 Deo,
2623 3218 2975 3275 nihilominus
3003 3219 3154 3273 iuxta
3182 3216 3334 3273 illum
3364 3215 3587 3275 modum
3616 3225 3673 3273 et
3698 3232 3765 3275 ex
3787 3226 3941 3291 parte
3967 3221 4061 3276 Dei

2448 3313 2533 3370 lex
2562 3307 2729 3364 semel
2768 3307 2836 3363 ab
2878 3307 2994 3378 ipso
3024 3312 3299 3377 concepta
3326 3312 3589 3378 perpetuo
3620 3314 3823 3365 manet.
3856 3310 4063 3366 Deinde

2448 3395 2536 3453 lex
2582 3396 2846 3461 naturalis
2893 3396 3061 3452 etiam
3100 3395 3204 3452 diei
3242 3402 3422 3467 potest
3467 3395 3715 3453 absolute
3760 3404 4053 3471 perpetua,

2449 3486 2579 3558 quia
2608 3501 2675 3541 ex
2703 3489 2855 3555 parte
2886 3483 3101 3555 mentis,
3130 3486 3185 3538 in
3214 3499 3325 3555 qua
3354 3485 3561 3555 scripta
3587 3490 3692 3551 est,
3719 3487 4064 3555 perpetuita-

2454 3581 2561 3631 tem
2591 3572 2772 3629 habet.
2802 3573 2865 3627 Et
2891 3569 3108 3627 aliunde
3131 3587 3199 3628 ex
3222 3576 3375 3644 parte
3398 3572 3599 3627 obiecti
3623 3571 3851 3628 includit
3870 3573 4065 3629 intrin-

2453 3678 2635 3720 secam
2677 3650 3093 3723 necessitatem;
3124 3660 3377 3732 prohibet
3401 3660 3568 3729 enim,
3598 3676 3737 3733 quae
3764 3661 4065 3720 intrinsece

2452 3752 2596 3810 mala
2626 3758 2777 3822 sunt,
2809 3758 2865 3807 et
2892 3746 3178 3822 praecipit,
3209 3765 3349 3821 quae
3372 3766 3470 3821 per
3490 3765 3550 3805 se
3573 3751 3883 3807 necessaria
3900 3758 4059 3821 sunt3

2453 3842 2606 3916 quod
2636 3847 2821 3897 autem
2844 3845 2930 3895 est
2950 3838 3345 3910 necessarium,
3370 3844 3699 3910 perpetuum
3720 3846 3835 3909 est3
3860 3845 3919 3895 et
3936 3839 4065 3897 ideo

2450 3929 2803 3987 immutabilis
2826 3928 3026 3983 dicitur
3049 3942 3076 3982 a
3100 3928 3337 3983 Gratian.
3363 3927 3418 3982 d.
3441 3932 3493 3983 5.
3509 3927 3562 3982 in
3583 3928 3815 4000 princip.
3844 3934 3903 3985 et
3922 3928 3980 3985 d.
4006 3934 4063 3997 6,

2452 4026 2486 4087 S
2513 4020 2609 4076 ult.
2644 4025 2704 4076 et
2731 4018 2870 4075 idem
2901 4016 3133 4073 habetur
3159 4018 3337 4073 instit.
3370 4015 3437 4073 de
3466 4016 3573 4075 iur.
3606 4022 3791 4072 natur.
3822 4023 3975 4089 gent.
4010 4024 4069 4074 et

2454 4109 2597 4165 civil.
2629 4114 2654 4181 g
2680 4105 2784 4164 sed
2810 4110 2865 4162 et
2892 4104 3201 4172 viaturale,
3235 4112 3293 4161 et
3326 4105 3465 4161 inira
3490 4120 3593 4162 suo
3621 4105 3741 4162 loco
3773 4106 3940 4163 latius
3976 4107 4063 4163 di-

2454 4204 2634 4255 cetur.
2667 4198 2779 4252 Nec
2807 4194 2992 4263 refert,
3022 4192 3171 4266 quod
3204 4198 3562 4266 praeceptum
3588 4194 3839 4250 naturale
3870 4195 3927 4249 in
3952 4211 4068 4251 una

2456 4284 2867 4357 opportunitate
2908 4281 3146 4354 obligat,
3184 4288 3243 4338 et
3272 4297 3377 4337 non
3406 4284 3457 4337 in
3486 4280 3613 4349 alia,
3643 4281 3791 4353 quod
3830 4284 4071 4339 maxime

2458 4376 2510 4429 in
2550 4372 2883 4430 affirmativis
2926 4386 3120 4428 verum
3162 4369 3354 4441 habet3
3400 4387 3510 4426 non
3538 4373 3787 4443 inquam,
3830 4370 3941 4428 hoc
3972 4372 4072 4429 ob-

2456 4468 2588 4531 stat,
2619 4463 2744 4533 quia
2771 4464 3128 4531 praeceptum
3159 4454 3379 4528 semper
3402 4457 3543 4515 idem
3568 4466 3677 4529 est,
3702 4464 3758 4515 et
3788 4467 4069 4531 quantum

2454 4556 2542 4607 est
2566 4566 2631 4606 ex
2662 4564 2743 4619 se,
2774 4562 2987 4618 semper
3016 4546 3247 4619 obligat,
3280 4547 3533 4617 quamvis
3561 4562 3667 4602 non
3699 4562 3797 4618 pro
3822 4562 4065 4619 semper-3

2458 4647 2516 4696 et
2544 4638 2599 4695 id
2627 4638 2757 4694 satis
2785 4641 2900 4707 est,
2934 4641 2998 4692 ut
3024 4633 3109 4690 lex
3140 4634 3210 4689 sit
3237 4641 3520 4705 perpetua.
3553 4633 3711 4701 Quod
3738 4637 3948 4707 optime
3974 4652 4072 4693 ex-

2457 4726 2683 4799 plicavit
2703 4724 3046 4796 Augustinus
3069 4721 3161 4778 lib.
3190 4726 3244 4778 3.
3278 4718 3543 4793 consess.
3569 4738 3697 4794 cap.
3728 4724 3821 4780 37.
3846 4723 4064 4796 dicens,

2461 4815 2603 4870 banc
2651 4812 2823 4885 legem
2876 4810 3210 4877 naturalem,
3250 4814 3317 4865 ut
3362 4813 3567 4867 omnia
3612 4807 4068 4871 ordinatissime

787 4914 978 4974 ibidem
1009 4912 1178 4984 dixit,
1208 4916 1264 4966 et
1293 4909 1367 4964 ita
1395 4924 1425 4964 a
1453 4914 1604 4979 parte
1635 4914 1756 4962 ante
1786 4921 1892 4962 non
1920 4912 2108 4977 potest
2131 4903 2241 4959 dici
2264 4918 2389 4975 per·
2444 4903 2626 4977 fiant,
2675 4899 3067 4957 immutabilem
3103 4912 3257 4965 esse,
3302 4897 3431 4954 licet
3467 4898 3519 4953 in
3548 4898 3913 4970 applicatione
3932 4897 4065 4958 'eius

787 5011 971 5077 petua.
1000 5003 1322 5058 Tractamus
1351 4998 1517 5069 igitur
1544 4994 1610 5051 de
1641 4995 1998 5067 perpetuitate
2032 4994 2083 5048 in
2111 4992 2387 5064 futurum,

787 5111 853 5151 ex
882 5108 994 5166 quo
1021 5090 1108 5147 lex
1136 5087 1304 5146 semel
1333 5087 1441 5142 lata
1469 5090 1573 5141 est.
1600 5084 2104 5157 Quaeperpetuitas
2138 5082 2279 5139 solet
2305 5081 2392 5136 ul·

795 5183 966 5240 terius
1007 5178 1266 5249 distingui
1302 5177 1358 5231 in
1400 5174 1817 5245 perpetuitatem
1860 5171 2213 5244 simpliciter,
2245 5186 2388 5242 quae

2459 4991 2525 5048 ad
2550 4991 2727 5045 varias
2748 4987 3002 5044 materias
3026 4986 3108 5049 vel
3132 4986 3452 5043 occasiones
3473 4989 3645 5057 possit
3666 5002 3787 5042 esse
3806 4991 4063 5047 variatio.

2540 5083 2593 5136 3.
2626 5080 2915 5134 Praeterea
2952 5080 3187 5147 utraque
3233 5073 3318 5129 lex
3348 5072 3577 5144 positiva
3605 5071 3785 5131 divina
3811 5082 3976 5134 vetus
4009 5086 4067 5135 et

2462 5183 2600 5225 nova
2626 5181 2729 5223 suo
2757 5161 2918 5222 modo
2947 5168 3211 5233 peruetus
3238 5159 3345 5217 dici
3373 5166 3585 5235 potest,
3608 5160 3703 5219 sed
3724 5165 3879 5235 prior
3902 5181 4065 5239 nega·
