4325 6267
1839 360 2050 409 CAPUT
2076 362 2222 409 xlv.

374 486 457 543 vel
480 492 664 543 ortam
684 501 752 545 ex
774 492 971 543 mutuo
996 488 1332 558 perficiendo
1356 486 1718 543 donationem.
1738 484 1815 541 Ad
1836 484 1981 539 hunc

372 590 508 646 ergo
539 574 765 632 modum
796 575 1141 648 intelligenda
1167 584 1254 634 est
1280 577 1415 633 haec
1446 573 1867 651 relaxatiojuris
1890 588 1983 627 na-

371 663 605 731 turalis,
642 680 787 737 quae
817 665 869 720 in
899 665 1003 721 hoc
1032 682 1234 737 genere
1261 665 1683 737 dispensationis
1714 662 1982 719 admisce·

374 759 487 823 tur,
514 769 661 825 quac
692 770 751 811 re
781 770 909 811 vera
938 754 987 810 in
1018 756 1204 828 rigore
1232 772 1343 812 non
1373 761 1462 812 est
1489 754 1823 826 dispensatio
1848 750 1985 806 iuris

372 843 675 913 naturalis,
723 841 816 919 sed
860 850 1096 901 vocatur
1142 845 1471 917 dispensatio
1514 843 1653 911 voti,
1699 849 1796 898 aut
1839 841 2001 897 iura-⁴

372 932 575 1001 menti,
624 934 754 1003 quia
794 933 853 989 fit
882 949 979 1005 per
1007 934 1377 991 remissionem
1406 932 1705 1006 quamdam
1732 947 1796 987 ex
1829 937 1981 1001 pote-

374 1024 515 1081 state
548 1021 825 1090 superiori
854 1027 911 1077 et
936 1021 1353 1095 iurisdictionis3
1388 1030 1565 1079 tamen
1595 1022 1647 1077 in
1678 1021 1859 1092 rigore
1889 1036 1985 1090 po-

372 1106 485 1162 tius
523 1115 611 1163 est
647 1107 979 1180 dispensatio
1008 1110 1161 1179 sacti,
1193 1126 1362 1184 quam
1391 1110 1547 1182 iuris,
1579 1116 1641 1166 ut
1668 1116 1821 1165 recte
1851 1109 1987 1165 dixit

371 1194 579 1252 Albert.
610 1197 892 1269 Bolognet.
927 1215 1115 1270 supra.

452 1288 507 1341 9.
542 1286 677 1342 Dico
716 1290 907 1343 tertio:
952 1290 1053 1344 Per
1082 1288 1168 1344 ius
1195 1287 1530 1359 humanum,
1562 1291 1675 1345 sive
1703 1287 1981 1359 gentium,

375 1373 489 1429 sive
528 1375 721 1438 civile,
760 1374 874 1431 lieri
912 1382 1095 1447 potest
1120 1376 1241 1432 talis
1269 1378 1496 1433 mutatio
1524 1377 1573 1432 in
1604 1377 1823 1433 materia
1852 1376 1985 1448 legis

374 1463 661 1534 naturalis,
692 1471 758 1521 ut
794 1466 1003 1521 ratione
1030 1464 1177 1521 illius
1205 1466 1447 1522 varietur
1475 1468 1642 1522 etiam
1671 1465 1805 1520 iuris
1828 1472 1986 1520 natu·

374 1551 506 1607 ralis
535 1552 819 1626 obligatio.
854 1555 1012 1611 quta
1044 1554 1185 1611 hanc
1208 1555 1622 1611 conclusionem
1643 1552 1986 1626 intelligenda

372 1641 631 1700 videntur
672 1644 933 1701 nonnulla
974 1644 1092 1700 iura
1119 1644 1321 1717 civilia,
1353 1645 1438 1700 vel
1471 1644 1713 1713 iuristae,
1745 1657 1875 1698 cum
1904 1642 1986 1697 di-

372 1738 547 1803 cunt,
576 1747 675 1803 per
711 1735 797 1789 ius
835 1734 1082 1806 gentium
1121 1733 1206 1789 vel
1247 1734 1403 1789 civile
1443 1732 1659 1789 detrahi
1686 1732 1887 1805 aliquid
1917 1730 1983 1788 de

373 1821 493 1875 iure
537 1821 807 1893 naturali,
855 1828 917 1878 ut
956 1828 1114 1893 patet
1139 1838 1204 1878 ex
1234 1822 1270 1879 l.
1304 1824 1823 1882 manumissiones.
1858 1827 1915 1877 et
1942 1820 1977 1877 Ι.

374 1913 471 1965 ius
511 1909 712 1978 civile,
752 1911 822 1967 -d'.
857 1910 922 1967 de
952 1912 1124 1968 instit.
1156 1920 1210 1968 et
1238 1912 1387 1984 iure,
1417 1918 1474 1969 et
1500 1912 1551 1968 in
1578 1919 1611 1978 S
1636 1913 1729 1967 ius
1756 1916 1976 1972 autem,

373 2001 609 2067 institut.
651 2000 719 2057 de
742 2002 864 2057 iure
886 2006 1069 2057 natur.
1100 2003 1347 2074 gentium
1374 2008 1430 2059 et
1452 2000 1617 2057 civili.
1644 2003 1803 2057 Hanc
1820 2003 1982 2055 etiam

372 2092 732 2147 assertionem
786 2092 1114 2147 confirmant
1138 2089 1313 2147 multa
1332 2106 1405 2155 ,ex
1437 2089 1696 2161 exemplis
1724 2091 1778 2146 in
1810 2092 1983 2159 primo

372 2178 725 2236 fundamento
765 2180 1073 2236 contrariae
1101 2179 1403 2237 sententiae
1424 2179 1699 2247 adductis,
1727 2186 1790 2235 ut
1812 2178 1863 2233 in
1892 2194 1983 2234 eo-

372 2284 497 2327 rum
527 2268 891 2340 explicatione
928 2268 1250 2325 videbimus.
1282 2269 1439 2325 Ratio
1468 2267 1699 2339 denique
1720 2275 1829 2339 est,
1857 2268 1983 2340 quia

371 2357 462 2413 hic
488 2356 686 2413 modus
720 2360 1041 2413 mutationis
1062 2373 1169 2414 non
1194 2363 1466 2430 repugnat
1486 2358 1793 2415 necessitati
1815 2360 1983 2413 etim-

374 2446 720 2502 mutabilitati
761 2448 899 2502 iuris
920 2447 1205 2517 naturalis,
1233 2454 1289 2503 et
1308 2447 1527 2504 aliunde
1547 2454 1633 2504 est
1654 2434 1983 2509 conveniens

370 2542 427 2590 et
452 2550 617 2607 saepe
651 2536 999 2593 necessarius
1026 2536 1331 2593 hominibus
1354 2539 1507 2593 iuxta
1530 2537 1707 2593 varias
1730 2536 1983 2594 mutatio-

373 2639 504 2696 nes,
542 2640 685 2700 quae
724 2626 775 2682 in
815 2632 963 2682 statu
990 2641 1187 2683 eorum
1216 2626 1556 2697 contingunt.
1592 2628 1658 2683 Et
1684 2626 1788 2681 hoc
1820 2625 1981 2683 modo

372 2720 523 2769 recte
578 2713 1034 2793 accommodatur
1062 2714 1325 2771 usitatum
1361 2714 1669 2785 exemplum
1698 2730 1763 2771 ex
1792 2716 1987 2786 Augu-

372 2802 513 2858 stino
557 2811 871 2875 sumptum,
902 2802 1051 2877 quod
1079 2804 1227 2859 sicut
1252 2804 1526 2859 medicina
1555 2802 1657 2860 alia
1684 2809 1980 2875 praecepta

376 2891 539 2947 tradit
576 2906 675 2962 pro
726 2892 986 2963 infirmis,
1030 2892 1131 2948 alia
1160 2908 1260 2963 pro
1290 2894 1459 2961 sanis,
1491 2898 1547 2949 et
1574 2892 1846 2965 quaedam
1882 2908 1980 2965 pro

370 2977 625 3052 sortibus,
650 2978 753 3037 alia
792 2996 890 3052 pro
918 2980 1292 3050 debilioribus,
1315 2988 1372 3037 et
1394 2988 1573 3038 tamen
1601 2997 1704 3037 non
1735 2987 1984 3053 propter-

371 3082 435 3123 ea
477 3069 702 3141 regulae
752 3069 1052 3126 medicinae
1080 3070 1132 3125 in
1162 3086 1220 3126 se
1254 3070 1569 3141 variantur,
1601 3070 1694 3126 sed
1724 3069 1983 3142 multipli-

370 3166 604 3229 cantur,
650 3168 707 3216 et
745 3159 1019 3232 quaedam
1062 3175 1208 3235 nunc
1250 3158 1603 3221 deserviunt,
1634 3176 1783 3216 nunc
1823 3160 1978 3229 aliae3

371 3246 443 3302 ita
482 3248 567 3304 ius
620 3249 868 3305 naturale
902 3248 1043 3305 idem
1073 3249 1312 3305 existens
1339 3246 1489 3304 aliud
1520 3249 1780 3320 praecipit
1808 3248 1858 3304 in
1889 3249 1982 3303 tali

371 3340 664 3395 occasione
694 3381 707 3408 ,
733 3338 879 3396 aliud
907 3340 961 3393 in
990 3338 1123 3410 alia,
1149 3344 1205 3394 et
1232 3354 1379 3394 nunc
1410 3337 1640 3410 obligat,
1671 3344 1727 3394 et
1752 3353 1859 3393 non
1890 3354 1983 3393 an·

370 3434 477 3492 tea,
512 3426 595 3483 vel
634 3434 822 3499 postea
851 3428 963 3484 sine
994 3427 1077 3483 sui
1114 3428 1440 3500 mutatione,
1472 3432 1697 3499 propter
1726 3428 1981 3483 materiae

372 3518 745 3573 variationem.

468 3610 552 3665 10.
588 3606 669 3663 Ad
700 3614 1021 3679 argumenta
1051 3606 1215 3681 igitur
1242 3606 1442 3677 prioris
1473 3606 1771 3663 sententiae
1792 3647 1806 3676 ,
1847 3623 1979 3679 qua-

378 3703 543 3753 tenus
590 3696 715 3754 huic
755 3696 1077 3753 resolutioni
1115 3695 1331 3752 obstare
1362 3702 1617 3771 possunt,
1651 3695 1983 3765 responden·-

373 3783 507 3840 dum
547 3792 658 3842 est.
703 3788 861 3843 Circa
900 3787 1136 3856 primum
1166 3787 1353 3857 itaque
1381 3784 1691 3855 exemplum
1725 3785 1774 3839 in
1805 3786 1981 3855 primo

378 3882 700 3945 argumento
754 3876 993 3946 positum
1036 3872 1103 3930 de
1132 3888 1319 3931 rerum
1348 3873 1738 3930 communitate
1767 3880 1823 3928 et
1849 3874 1983 3928 divi-

380 3963 528 4018 sione
573 3964 775 4021 Scotus
803 3966 855 4019 in
888 3970 916 4023 4
939 4004 954 4035 ,
985 3962 1041 4020 d.
1082 3968 1179 4035 15,
1210 3978 1265 4035 q.
1298 3968 1329 4020 2
1356 4004 1370 4033 ,
1401 3966 1559 4018 artic.
1604 3967 1619 4019 1
1655 4004 1669 4031 ,
1703 3969 1757 4018 et
1785 3961 1979 4020 ibidem

374 4052 537 4109 Gabr.
564 4068 620 4125 q.
656 4057 711 4110 2.
739 4055 791 4109 in
824 4054 1000 4125 princ.
1025 4052 1238 4124 dicunt,
1261 4059 1387 4108 ante
1408 4058 1703 4124 peccatum
1727 4051 1979 4108 habuisse

376 4141 619 4198 homines
670 4150 1061 4214 praeceptum,
1106 4150 1170 4199 ut
1207 4142 1386 4197 omnia
1422 4148 1608 4196 essent
1642 4144 1975 4213 communia,

380 4238 503 4302 post
547 4238 839 4303 peccatum
884 4246 1011 4287 vero
1052 4229 1333 4287 sublatum
1375 4230 1543 4285 fuisse
1586 4228 1720 4285 illud
1761 4245 1979 4299 praece-

373 4326 553 4392 ptum,
596 4326 652 4377 et
702 4320 825 4376 ideo
868 4335 1055 4376 rerum
1094 4318 1409 4376 divisionem
1439 4335 1545 4374 non
1576 4318 1743 4373 fuisse
1781 4326 1980 4375 contra

376 4408 461 4465 ius
490 4415 739 4464 naturae.
780 4408 886 4464 Sed
917 4408 1051 4463 haec
1082 4410 1349 4464 sententia
1372 4405 1553 4479 quoad
1584 4406 1717 4462 illud
1741 4408 1979 4478 primum

372 4507 733 4572 praeceptum
784 4515 890 4557 non
931 4498 1145 4571 placet,
1175 4499 1305 4571 quia
1345 4512 1451 4552 non
1492 4497 1648 4554 video
1683 4496 1981 4553 necessita-

378 4596 486 4645 tem
516 4590 663 4645 illius
692 4589 991 4661 praecepti.
1026 4588 1163 4643 Nam
1185 4588 1231 4643 si
1254 4592 1491 4659 ponatur
1514 4586 1825 4657 positivum,
1856 4602 1981 4659 gra-

382 4680 449 4735 tis
485 4679 779 4750 asseritur,
820 4693 951 4735 cum
991 4676 1204 4733 ostendi
1241 4691 1352 4732 non
1380 4676 1583 4747 possit3
1616 4675 1664 4734 si
1703 4676 1977 4747 naturale,

381 4767 659 4843 probanda
698 4774 783 4825 est
818 4767 1131 4823 necessaria
1159 4768 1427 4822 connexio
1455 4764 1862 4820 communitatis
1892 4776 1978 4820 re-

376 4873 503 4914 rum
545 4873 675 4914 cum
706 4862 853 4913 statu
886 4856 1257 4926 innocentiae,
1288 4852 1439 4910 nulla
1468 4858 1655 4909 autem
1683 4866 1803 4907 esse
1832 4852 1980 4909 vide-

381 4954 493 5019 tur,
537 4946 669 5019 quia
706 4945 855 5001 salva
896 4958 1115 4999 morum
1143 4943 1450 5013 honestate,
1481 4949 1707 5015 possent
1734 4942 1979 4999 homines

376 5038 433 5091 in
473 5036 567 5093 illo
613 5042 764 5091 statu
808 5050 895 5090 res
923 5031 1171 5105 aliquas,
1200 5034 1523 5105 praesertim
1561 5031 1791 5089 mobiles
1830 5040 1886 5089 et
1912 5032 1979 5088 ad

379 5124 723 5181 ordinarium
753 5138 915 5179 usum
947 5122 1282 5178 necessarias
1311 5121 1410 5177 sibi
1439 5135 1730 5193 usurpare,
1755 5126 1812 5177 et
1840 5114 1979 5177 inter

376 5228 435 5269 se
471 5211 735 5269 dividere.
775 5212 929 5279 Quod
968 5210 1177 5267 notavit
1220 5209 1455 5268 Almain.
1487 5210 1557 5267 ibi
1586 5225 1641 5283 q.
1675 5214 1748 5282 2,
1779 5215 1881 5268 art.
1924 5215 1971 5269 l.

530 5324 704 5368 Suum
719 5354 731 5375 ,
753 5324 811 5369 De
832 5324 1013 5377 Leuibus
1033 5342 1090 5357 -
1105 5322 1209 5367 Pers
1227 5322 1262 5367 l.

3451 346 3576 409 129

2053 485 2410 541 Coniecturae
2441 491 2654 557 autem,
2671 487 2873 559 quibus
2897 487 3072 543 utitur
3093 488 3242 543 Scot.
3272 486 3336 543 ad
3359 487 3652 545 ostenden-

2054 571 2186 628 dum
2231 573 2361 629 illud
2393 581 2769 649 praeceptum,
2801 576 3016 631 scilicet
3041 578 3171 648 quia
3200 579 3569 643 communitas
3600 578 3652 631 in

2054 658 2145 716 illo
2169 665 2318 717 statu
2339 670 2488 719 esset
2506 664 2676 736 magis
2699 663 3108 720 accommodata
3133 664 3200 720 ad
3224 664 3507 723 hominum
3529 682 3653 721 sus-

2058 751 2412 807 tentationem
2453 758 2508 807 et
2547 767 2771 825 pacem,
2815 760 2870 809 et
2911 754 3144 821 similes,
3177 754 3354 810 solnm
3386 757 3645 827 probant,

2056 844 2190 895 tunc
2233 855 2343 895 non
2373 839 2540 897 tuisse
2569 844 2937 899 necessariam
2968 856 3156 899 rerum
3184 842 3530 917 divisionem,
3565 846 3648 901 vel

2055 926 2123 983 ad
2167 945 2442 985 summum
2487 933 2938 989 communitatem
2982 948 3170 988 rerum
3213 934 3456 990 suturam
3485 935 3653 991 fuisse

2055 1016 2323 1073 utiliorem
2355 1019 2404 1073 in
2435 1017 2526 1074 illo
2556 1026 2729 1090 statu,
2761 1036 2869 1076 non
2899 1036 3030 1077 vero
3059 1020 3226 1075 fuisse
3257 1024 3642 1079 necessariam.

2054 1106 2216 1162 Sicut
2249 1119 2280 1161 e
2309 1121 2580 1163 converso
2609 1110 3020 1181 congruentiae,
3052 1102 3192 1181 quae
3225 1111 3541 1177 ostendunt,
3572 1114 3654 1170 di-

2053 1195 2316 1251 visionem
2348 1212 2534 1253 rerum
2565 1213 2685 1253 esse
2717 1197 3147 1254 commodiorem
3179 1200 3228 1255 in
3260 1206 3453 1257 natura
3477 1201 3648 1273 lapsa,

2052 1299 2160 1339 non
2185 1268 2602 1357 probant,’hanc
2627 1287 2946 1343 divisionem
2967 1302 3090 1344 esse
3111 1287 3215 1343 sub
3238 1297 3532 1360 praecepto
3556 1308 3651 1346 na-

2056 1374 2254 1445 turali,
2299 1374 2396 1430 sed
2437 1374 2615 1431 solum
2644 1392 2764 1432 esse
2792 1376 2924 1431 huic
2955 1379 3120 1432 statui
3151 1382 3206 1431 et
3231 1377 3526 1434 conditioni
3555 1380 3652 1436 ho-

2054 1462 2263 1518 minum
2295 1463 2789 1521 accommodatam.
2821 1465 3056 1522 Adverto
3086 1473 3290 1537 tamen,
3321 1470 3482 1524 etiam
3507 1470 3655 1525 iuxta

2054 1552 2198 1610 illam
2228 1556 2550 1611 sententiam
2583 1556 2730 1611 Scoti
2760 1571 2865 1610 non
2893 1570 3013 1612 esse
3043 1555 3433 1612 admittendam
3455 1560 3656 1614 intrin-

2058 1656 2240 1697 secam
2268 1648 2325 1699 et
2352 1644 2628 1714 propriam
2659 1646 3011 1700 mutationem
3039 1646 3093 1699 in
3125 1646 3244 1699 iure
3275 1647 3533 1717 naturali,
3559 1646 3654 1703 sed

2044 1731 2228 1805 ‚solam
2256 1734 2620 1788 cessationem
2643 1732 2983 1804 obligationis
3006 1736 3125 1789 eius
3147 1740 3371 1805 propter
3393 1739 3654 1792 mutatio·

2055 1834 2181 1875 nem
2223 1819 2428 1876 factam
2469 1836 2534 1877 cx
2565 1826 2714 1892 parte
2745 1820 3058 1894 hominum,
3090 1828 3254 1895 atque
3284 1824 3420 1879 adeo
3452 1825 3502 1879 in
3531 1826 3650 1897 ipsa

2054 1910 2302 1964 materia.

2142 2000 2157 2054 1
2183 2005 2231 2053 l.
2264 2000 2584 2054 Communis
2611 2014 2742 2071 ergo
2777 2002 3057 2071 responsio
3087 2006 3195 2057 tam
3225 2000 3290 2057 ad
3319 2002 3452 2060 illud
3471 2018 3656 2059 exem-

2053 2084 2232 2157 plum,
2265 2101 2433 2158 quam
2455 2086 2521 2143 ad
2543 2088 2717 2144 multa
2739 2088 2841 2144 alia
2866 2095 2970 2160 est,
2995 2089 3282 2163 dupliciter
3307 2091 3507 2165 aliquid
3531 2108 3655 2149 esse

2052 2176 2120 2231 de
2150 2177 2269 2232 iure
2297 2177 2563 2251 naturali,
2595 2177 2802 2235 scilicet
2827 2180 3075 2253 negative
3111 2189 3169 2237 et
3198 2182 3451 2253 positive.
3483 2184 3656 2255 Nega-

2056 2267 2161 2321 tive
2199 2280 2321 2321 esse
2359 2265 2596 2337 dicitur,
2637 2266 2788 2339 quod
2831 2268 2914 2322 ius
2953 2268 3202 2325 naturale
3230 2285 3336 2326 non
3367 2270 3649 2342 prohibet,

2054 2354 2149 2410 sed
2192 2353 2460 2427 admittit,
2503 2356 2756 2427 quamvis
2799 2372 2977 2429 neque
3016 2356 3152 2414 illud
3182 2360 3412 2429 positive
3443 2362 3653 2429 praeci-

2052 2444 2193 2515 piat:
2237 2442 2458 2515 quando
2501 2459 2630 2499 vero
2668 2442 2867 2518 aliquid
2898 2448 3189 2518 praecipit,
3219 2446 3421 2521 dicitur
3449 2446 3500 2504 id
3530 2465 3652 2506 esse

2053 2531 2282 2603 positive
2324 2531 2392 2589 de
2429 2532 2546 2589 iure
2581 2532 2839 2607 naturali,
2870 2539 2926 2590 et
2950 2534 3171 2607 quando
3199 2536 3486 2609 prohibet,
3515 2537 3652 2594 dici-

2052 2628 2144 2677 tur
2175 2637 2296 2679 esse
2338 2622 2566 2694 positive
2610 2628 2807 2678 contra
2850 2623 2934 2679 ius
2977 2624 3244 2681 naturale.
3291 2626 3487 2682 Divisio
3515 2642 3648 2700 ergo

2050 2726 2240 2767 rerum
2284 2726 2392 2767 non
2431 2718 2519 2768 est
2553 2719 2748 2769 contra
2775 2714 2864 2770 ius
2893 2715 3142 2771 naturale
3172 2716 3484 2786 positivum,
3515 2719 3648 2789 quia

2052 2798 2264 2855 nullum
2291 2806 2411 2855 erat
2439 2800 2688 2858 naturale
2717 2811 3095 2874 praeceptum,
3127 2803 3275 2875 quod
3297 2802 3442 2860 illam
3463 2807 3647 2878 prohi-

2051 2888 2227 2944 beret.
2258 2888 2485 2956 Quando
2523 2906 2656 2963 ergo
2702 2892 2884 2963 aliqua
2923 2892 3044 2947 iura
3080 2892 3272 2949 dicunt
3299 2908 3418 2950 esse
3446 2904 3644 2951 contra

2054 2976 2137 3032 ius
2181 2977 2462 3048 naturale,
2510 2978 2854 3051 intelligenda
2896 2985 3026 3036 sunt
3050 2980 3116 3037 de
3149 2982 3264 3037 iure
3293 2984 3526 3043 naturali
3554 3000 3650 3040 ne-

2052 3067 2270 3139 gative;
2303 3068 2385 3122 sic
2416 3069 2559 3123 enim
2585 3070 2957 3125 communitas
2979 3085 3164 3127 rerum
3184 3078 3305 3127 erat
3324 3071 3390 3129 de
3416 3073 3532 3129 iure
3555 3090 3646 3129 na-

2051 3154 2239 3228 turali,
2269 3156 2398 3227 quia
2427 3172 2492 3212 ex
2522 3157 2572 3211 vi
2600 3154 2744 3212 illius
2767 3173 2854 3212 res
2877 3173 3066 3214 omncs
3088 3167 3269 3216 essent
3287 3175 3640 3232 communes,
3733 3171 3746 3185 ‘

2052 3244 2151 3299 nisi
2176 3244 2419 3301 homines
2444 3244 2588 3301 aliud
2611 3245 3050 3303 introduxissent.
3069 3249 3316 3305 Sumitur
3336 3265 3401 3307 ex
3423 3251 3478 3306 d.
3504 3252 3646 3309 Tho-

2054 3349 2139 3390 ma
2170 3338 2226 3391 2.
2261 3338 2317 3406 2,
2349 3350 2404 3406 q.
2441 3337 2537 3405 66,
2567 3340 2670 3390 art.
2705 3340 2758 3393 2.
2793 3334 2862 3391 ad
2901 3339 2948 3408 l,
2980 3337 3112 3393 etin
3140 3337 3195 3394 d.
3229 3353 3285 3409 q.
3320 3343 3415 3410 9⁴,
3449 3348 3555 3397 art.
3587 3349 3641 3415 5,

2056 3423 2124 3480 ad
2156 3428 2226 3496 3,
2257 3422 2494 3479 Conrad.
2528 3422 2594 3478 de
2625 3430 2900 3481 contract.
2932 3441 2989 3498 q.
3029 3432 3116 3499 10,
3145 3429 3370 3483 Covarr.
3403 3430 3456 3483 in
3483 3444 3649 3503 regu-

2052 3513 2101 3569 la
2136 3516 2477 3587 peccatum,
2529 3518 2586 3570 2.
2618 3530 2672 3585 p.
2705 3520 2738 3580 s
2773 3516 2828 3572 11
2861 3557 2876 3587 ,
2907 3532 2961 3570 n.
2996 3520 3060 3588 3,
3093 3522 3146 3573 et
3171 3518 3401 3574 Navarr.
3433 3520 3485 3575 in
3515 3536 3640 3593 cap.

2052 3604 2154 3659 Ita
2198 3600 2630 3676 quorumdam,
2681 3602 2748 3658 de
2797 3602 3043 3676 ludaeis,
3086 3602 3370 3665 notab.‘ll
3400 3650 3415 3679 ,
3454 3602 3646 3667 Glossa'

2052 3690 2374 3763 penultima.

2136 3785 2222 3839 12.
2255 3781 2408 3837 llanc
2449 3796 2581 3837 vero
2625 3786 3031 3853 responsionem
3060 3786 3394 3860 impugnavit
3419 3804 3484 3845 ex
3514 3791 3646 3847 iuri-

2051 3871 2148 3925 stis
2189 3871 2487 3927 Fortunius
2527 3871 2718 3927 Garcia
2758 3873 2807 3927 in
2850 3872 2983 3931 dict.
3019 3875 3057 3930 l.
3103 3881 3632 3945 manumissiones,

2049 3975 2105 4013 n.
2142 3964 2194 4017 8.
2229 3959 2364 4027 Quia
2389 3962 2540 4017 iuxta
2562 3961 2710 4017 illam
2731 3962 3138 4021 distinctionem
3161 3982 3267 4021 non
3291 3969 3461 4040 magis
3483 3969 3647 4025 liber-

2050 4054 2168 4119 tas,
2206 4063 2371 4119 quam
2411 4049 2676 4122 servitus,
2717 4064 2817 4107 nec
2848 4053 3016 4125 magis
3045 4056 3444 4127 communitas,
3475 4074 3640 4129 quam

2050 4137 2240 4193 divisio
2281 4152 2466 4193 rerum
2508 4147 2655 4195 esset
2694 4138 2760 4195 de
2791 4142 2910 4197 iure
2941 4150 3190 4215 naturae,
3222 4145 3368 4218 quod
3399 4154 3484 4215 est
3510 4163 3642 4204 con-

2050 4232 2135 4281 tra
2162 4223 2310 4281 dicta
2339 4225 2482 4298 iura,
2507 4231 2563 4283 et
2588 4234 2781 4284 contra
2804 4244 3154 4288 communem
3178 4236 3524 4291 sententiam.
3550 4238 3645 4292 Se-

2050 4314 2214 4387 quela
2242 4320 2414 4386 patet,
2445 4315 2574 4386 quia
2603 4317 2762 4373 etiam
2795 4333 2978 4377 rerum
3009 4320 3197 4378 divisio
3219 4329 3303 4379 est
3322 4323 3388 4379 de
3413 4325 3528 4383 iure
3553 4342 3645 4382 na-

2050 4409 2208 4461 turae
2239 4405 2509 4475 negative,
2541 4406 2672 4477 quia
2699 4421 2804 4463 non
2835 4409 3177 4479 prohibetur.
3210 4413 3486 4486 Secundo,
3517 4416 3646 4487 quia

2050 4492 2180 4549 alias
2221 4498 2579 4565 sequeretur,
2631 4495 2825 4552 stando
2874 4498 2926 4553 in
2972 4498 3090 4556 iure
3141 4508 3369 4558 naturae
3399 4506 3644 4575 potuisse

2050 4598 2221 4639 unum
2251 4581 2525 4639 hominem
2556 4583 2696 4640 licite
2728 4586 2940 4655 privare
2971 4589 3133 4645 alium
3161 4590 3411 4648 libertate
3430 4634 3445 4663 ,
3476 4600 3533 4649 et
3560 4610 3644 4650 re-

2050 4673 2238 4745 digere
2264 4674 2318 4728 in
2348 4672 2701 4744 servitutem,
2732 4676 2860 4747 quia
2895 4676 3022 4732 nihil
3053 4686 3237 4751 ageret
3264 4686 3456 4737 contra
3487 4698 3644 4753 prae-

2050 4768 2275 4835 ceptum
2307 4761 2442 4833 legis
2471 4761 2760 4830 naturalis;
2794 4765 2941 4835 quod
2965 4772 3137 4836 patet,
3162 4767 3288 4840 quia
3313 4769 3534 4825 libertas
3557 4787 3645 4826 so-

2050 4852 2165 4909 lum
2202 4852 2445 4924 negative
2471 4850 2688 4906 ‘dicitur
2714 4866 2835 4908 esse
2863 4852 2929 4909 de
2959 4853 3075 4927 lege
3105 4863 3366 4929 naturae,
3399 4858 3639 4930 scilicet,

2049 4943 2178 5014 quia
2222 4957 2328 4997 non
2369 4939 2724 5012 prohibetur,
2755 4956 2862 4997 non
2895 4959 3021 4999 vero
3049 4946 3176 5016 quia
3204 4946 3388 5018 aliquo
3418 4963 3642 5018 praece-

2047 5035 2141 5101 pto
2173 5029 2403 5101 positivo
2433 5028 2745 5100 mandetur3
2776 5045 2910 5103 crgo
2941 5035 3084 5089 actio
3107 5036 3388 5091 contraria
3411 5036 3644 5095 libertati

2048 5124 2281 5175 nonest
2320 5117 2593 5190 prohibita
2633 5120 2754 5175 iure
2793 5127 3041 5177 naturae.
3088 5122 3297 5196 Tertio,
3337 5124 3458 5189 inde
3485 5126 3646 5181 etiam

2052 5214 2416 5282 sequeretur,
2448 5208 2693 5279 potuisse
2720 5208 2966 5267 homines
2998 5211 3139 5267 licite
3169 5228 3270 5268 suo
3301 5212 3526 5268 arbitrio
3546 5254 3562 5286 ,
3589 5222 3646 5270 et

3115 5316 3166 5359 ιτ
