4325 6267
1748 298 1959 351 CAPUT
1988 301 2143 352 1111.

306 427 367 485 d.
405 430 461 499 3,
490 433 547 485 et
574 427 710 499 aliis,
743 444 883 501 quos
911 430 1089 501 capite
1115 428 1385 501 sequenti,
1414 434 1472 486 et
1498 427 1609 485 XV.
1643 426 1891 484 reseram.

314 522 449 579 ltem
479 535 547 577 ex
572 522 713 593 Aug.
746 517 979 579 libr.85.
996 522 1425 595 quaestionum,
1445 536 1499 595 q.
1528 524 1686 593 53,et
1707 518 1797 575 lib.
1829 516 1901 575 de

304 626 453 668 vera
473 609 647 683 reliq.
678 625 733 667 c.
768 612 859 681 31,
880 616 935 666 et
963 611 1055 667 lib.
1081 612 1127 667 1.
1146 609 1216 668 de
1244 609 1423 667 libero
1451 609 1716 678 arbitrie,
1755 623 1809 665 c.
1842 611 1895 666 6.

308 704 447 759 Item
473 717 538 758 ex
569 701 851 758 Lactantio
885 700 1005 758 libr.
1042 705 1099 759 6.
1130 701 1203 757 de
1228 716 1360 758 vero
1387 700 1565 767 cultu,
1594 716 1649 757 c.
1680 705 1733 771 8,
1757 704 1814 755 et
1834 714 1901 756 ex

307 793 475 849 Arist.
513 800 567 851 5.
601 794 866 849 Ethicc
902 792 1150 861 7,Cicer.
1185 791 1276 847 lib.
1310 794 1450 864 1,et
1473 796 1528 849 2.
1558 788 1629 847 de
1651 788 1893 862 leqz'bus,

309 891 368 941 et
394 891 449 943 3-
484 882 556 940 de
582 882 803 957 Repub.
834 889 981 939 etex
1011 890 1037 958 ἕ
1065 880 1239 940 sedet.
1272 883 1447 939 instit.
1481 882 1545 940 de
1574 883 1679 937 iur.
1713 884 1894 941 natur.

304 974 580 1032 Probatur
621 980 804 1029 autem
846 973 1049 1044 primo,
1094 975 1221 1046 quia
1262 971 1369 1029 hoc
1411 973 1496 1028 ius
1534 968 1783 1028 naturale
1811 968 1897 1025 vel

307 1063 689 1121 consideratur
722 1062 771 1117 in
800 1063 943 1131 Deo,
967 1062 1050 1119 vel
1079 1062 1130 1117 in
1162 1062 1407 1134 homine;
1432 1066 1597 1133 prout
1622 1060 1783 1118 estin
1804 1058 1900 1115 ho-

308 1155 453 1211 mine
483 1152 678 1209 mutari
712 1169 817 1209 non
848 1158 1048 1225 potest,
1080 1152 1205 1226 quia
1231 1159 1317 1208 est
1341 1153 1635 1209 intrinseca
1659 1152 1900 1223 proprie-

308 1254 395 1303 tas
436 1244 743 1302 necessario
783 1244 957 1300 ssuens
998 1260 1065 1301 ex
1108 1244 1198 1299 tali
1236 1252 1467 1317 natura,
1505 1258 1614 1315 qua
1644 1241 1766 1299 talis
1794 1247 1896 1313 est,

310 1336 395 1394 vel
416 1377 431 1402 ,
478 1342 541 1392 ut
571 1336 659 1392 alii
702 1333 925 1403 volunt,
956 1341 1041 1392 est
1066 1335 1179 1409 ipsa
1204 1335 1479 1391 rationalis
1507 1340 1739 1405 natura3
1769 1348 1900 1407 ergo

308 1432 611 1499 repugnat,
642 1432 891 1482 manente
919 1424 1013 1481 tali
1041 1432 1237 1482 natura
1265 1432 1391 1496 apta
1419 1425 1486 1482 ad
1517 1423 1783 1483 utendum
1815 1440 1901 1480 ra-

310 1519 479 1588 tione,
511 1516 712 1573 auferri
734 1515 907 1588 legem
932 1515 1251 1572 naturalem.
1278 1518 1334 1575 Si
1360 1531 1489 1571 vero
1522 1514 1901 1573 consideretur

310 1607 445 1663 haec
490 1606 605 1674 lex,
651 1613 712 1663 ut
751 1613 835 1664 est
874 1606 925 1662 in
952 1609 1095 1677 Deo,
1125 1622 1295 1679 supra
1329 1612 1613 1663 ostensum
1642 1610 1761 1677 est,
1791 1620 1901 1661 non

308 1713 470 1769 posse
504 1696 703 1755 auferri
731 1712 837 1753 non
870 1695 1047 1753 solum
1076 1712 1107 1753 a
1135 1696 1333 1755 iudicio
1363 1696 1526 1752 divini
1564 1696 1900 1766 intellectus,

310 1804 504 1845 verum
538 1789 700 1844 etiam
724 1798 907 1861 neque
937 1802 969 1843 a
995 1786 1277 1845 voluntate
1296 1829 1311 1858 ,
1344 1805 1454 1862 qua
1481 1788 1631 1861 vult,
1660 1786 1747 1843 vel
1774 1787 1902 1844 talia

308 1879 450 1936 bona
486 1878 799 1951 praecipere
822 1920 837 1950 ,
867 1876 950 1933 vel
981 1878 1108 1934 talia
1135 1878 1277 1934 mala
1302 1879 1491 1936 vitare.

385 1968 642 2027 Secundo
674 1974 1035 2041 argumentor
1062 1968 1115 2025 in
1145 1968 1290 2026 hunc
1320 1968 1565 2041 modum,
1598 1967 1728 2043 quia
1755 1967 1903 2026 nulla

308 2062 395 2119 lex
422 2060 605 2119 delicit
641 2075 736 2132 per
765 2060 998 2131 seipsam
1027 2060 1141 2117 sine
1169 2062 1520 2118 revocatione
1548 2058 1894 2132 legislatoris,

308 2153 411 2208 nisi
450 2151 537 2207 vel
580 2150 711 2224 quia
750 2165 854 2206 non
895 2156 1015 2207 erat
1052 2156 1346 2225 perpetua,
1389 2148 1486 2207 sed
1526 2166 1625 2222 pro
1656 2154 1897 2221 tempore

309 2248 496 2315 certo,
527 2257 639 2315 quo
668 2241 849 2313 finito,
882 2241 995 2314 ipse
1020 2244 1183 2299 etiam
1210 2243 1426 2315 finitur,
1454 2247 1510 2299 et
1536 2240 1732 2300 desinit
1757 2256 1898 2313 esse,

312 2332 393 2389 vel
424 2332 555 2407 quia
583 2332 635 2388 in
666 2332 889 2391 materia
914 2332 974 2388 iit
1010 2332 1188 2406 aliqua
1217 2332 1437 2390 mutatio
1456 2376 1470 2404 ,
1502 2334 1714 2389 ratione
1744 2332 1901 2389 cuius

311 2424 395 2483 lex
427 2425 498 2482 sit
524 2423 907 2481 irrationabilis
926 2429 983 2480 et
1002 2424 1227 2497 iniusta,
1252 2438 1383 2480 cum
1412 2429 1567 2479 antea
1592 2428 1739 2479 esset
1759 2421 1903 2479 iusta

310 2525 365 2574 et
394 2514 654 2588 prudens.
680 2515 815 2582 Quia
842 2515 885 2571 si
917 2514 1005 2571 lex
1030 2514 1300 2572 indefinite
1320 2530 1385 2571 ac
1410 2515 1527 2571 sine
1548 2513 1782 2571 termino
1808 2529 1903 2585 po·

310 2608 411 2663 sita
438 2613 580 2675 erat,
605 2611 662 2662 et
683 2621 747 2661 ex
777 2613 932 2677 parte
955 2607 1211 2663 materiae
1240 2622 1349 2662 non
1369 2611 1455 2661 est
1478 2605 1621 2663 sacta
1645 2605 1895 2677 mutatio,

308 2712 418 2754 non
453 2703 637 2768 potest
664 2696 889 2769 intelligi
910 2695 1185 2770 quomodo
1215 2712 1311 2769 per
1334 2698 1566 2769 seipsam
1591 2702 1771 2753 cesset
1790 2696 1902 2767 lex,

310 2794 559 2844 manente
588 2786 830 2858 obiecto,
854 2792 910 2843 et
938 2786 1187 2844 subiecto
1218 2788 1356 2859 eiuS,
1388 2803 1519 2845 cum
1545 2802 1610 2844 ex
1642 2794 1795 2858 parte
1826 2786 1900 2842 le-

310 2877 585 2951 gislatoris
625 2892 731 2932 non
763 2876 1073 2949 auferatur,
1106 2883 1170 2934 ut
1196 2879 1577 2950 supponimus.
1611 2880 1683 2935 At
1709 2884 1904 2934 neuter

313 2967 530 3025 illorum
574 2968 859 3025 modorum
902 2967 1065 3024 habet
1100 2966 1283 3025 locum
1314 2968 1362 3024 in
1395 2968 1510 3024 iure
1538 2967 1793 3025 naturali.
1826 2970 1901 3024 De

310 3061 477 3132 priori
505 3065 685 3131 patet,
714 3060 841 3131 quia
868 3058 1013 3131 leges
1040 3060 1159 3115 eius
1188 3065 1315 3116 sunt
1337 3059 1683 3122 necessariae
1706 3064 1761 3114 et
1782 3074 1904 3131 per·

311 3158 507 3224 petuae
545 3152 819 3221 veritatis3
853 3150 1241 3222 complectitur
1268 3151 1406 3207 enim
1436 3150 1540 3206 hoc
1570 3152 1657 3207 ius
1676 3192 1692 3223 ,
1722 3156 1785 3208 ut
1810 3166 1903 3207 su-

312 3257 409 3317 pra
434 3240 579 3315 dixi,
608 3240 866 3313 principia
897 3256 1114 3296 morum
1142 3256 1237 3312 per
1267 3257 1324 3296 se
1352 3248 1504 3307 nota,
1538 3247 1593 3297 et
1620 3256 1809 3297 omnes
1836 3256 1901 3297 ac

310 3332 455 3389 solas
485 3330 901 3402 conclusiones,
932 3346 1070 3403 quae
1099 3346 1165 3387 ex
1194 3330 1295 3387 illis
1323 3332 1634 3388 necessaria
1666 3331 1901 3388 illatione

311 3424 651 3493 inseruntur,
684 3423 795 3478 sive
824 3421 1065 3492 proxime
1088 3464 1101 3491 ,
1126 3422 1239 3478 sive
1269 3437 1363 3494 per
1394 3421 1577 3493 plures
1609 3422 1895 3494 illationes3

310 3515 491 3572 omnia
531 3519 715 3571 autem
760 3514 891 3571 haec
932 3520 1227 3585 perpetuae
1269 3513 1509 3569 veritatis
1554 3520 1713 3584 sunt,
1756 3528 1901 3587 quae

313 3606 511 3663 veritas
553 3604 953 3689 principiorum
994 3620 1100 3660 non
1142 3603 1393 3666 subsistit
1418 3605 1531 3662 sine
1560 3607 1788 3663 veritate
1819 3611 1901 3661 ta-

311 3697 444 3753 lium
471 3694 923 3767 conclusionum3
947 3701 1004 3751 et
1032 3695 1291 3768 principia
1314 3696 1429 3767 ipsa
1450 3712 1519 3753 ex
1540 3695 1785 3753 terminis
1806 3712 1901 3753 ne-

313 3786 549 3843 cessaria
592 3791 754 3857 sunt3
800 3800 933 3858 ergo
974 3784 1029 3841 in
1069 3785 1321 3842 omnibus
1362 3786 1443 3841 his
1485 3789 1789 3859 praeceptis
1818 3793 1903 3845 est

311 3877 674 3952 perpetuitas,
720 3892 827 3934 non
869 3890 1001 3948 ergo
1042 3882 1276 3949 possunt
1314 3875 1564 3935 desinere
1592 3894 1690 3950 per
1720 3878 1899 3935 solum

312 3968 527 4041 lapsum
558 3966 842 4039 temporis.
876 3964 1061 4023 Altera
1086 3982 1217 4023 vero
1246 3982 1369 4038 pars
1397 3983 1461 4024 ex
1486 3966 1675 4025 eodem
1700 3970 1902 4040 princi-

314 4061 401 4132 pio
429 4048 599 4114 facile·
633 4054 967 4131 ostenditur,
997 4056 1123 4129 quia
1153 4054 1442 4129 iudicium,
1478 4057 1625 4131 quod
1653 4073 1900 4117 necessa-

266 4190 271 4195 .
313 4149 393 4206 rio
432 4147 709 4221 colligitur
751 4162 815 4203 ex
854 4146 1129 4218 principiis
1168 4162 1265 4219 per
1308 4164 1366 4203 se
1403 4150 1579 4220 notis„
1622 4164 1900 4221 nunquam

312 4245 645 4313 potestesse
685 4237 920 4310 salsum3
962 4252 1094 4310 ergo
1134 4252 1235 4294 nec
1266 4243 1443 4310 potest
1470 4254 1589 4295 esse
1615 4240 1899 4295 irrationa-

310 4331 421 4387 bile
454 4329 539 4387 vel
584 4328 926 4401 imprudens3
969 4327 1063 4384 sed
1100 4344 1259 4385 omne
1287 4328 1547 4385 iudicium
1577 4328 1711 4403 legis
1740 4337 1899 4388 natu-

312 4421 443 4477 ralis
486 4419 589 4476 tale
630 4424 743 4490 est,
787 4424 849 4476 ut
892 4418 972 4475 vel
1016 4418 1088 4478 sit
1125 4416 1191 4475 de
1220 4418 1498 4492 principiis
1526 4434 1619 4490 per
1648 4436 1708 4477 se
1734 4421 1897 4495 notis,

312 4511 398 4568 vel
421 4510 612 4568 exiliis
636 4510 945 4566 necessario
970 4506 1259 4583 inseratur,
1284 4524 1415 4582 ergo
1439 4514 1789 4583 quantumvis
1808 4527 1899 4569 res

315 4602 627 4665 varientur,
656 4598 919 4656 iudicium
960 4598 1093 4673 legis
1133 4598 1395 4657 naturalis
1440 4600 1635 4657 variari
1672 4618 1777 4658 non
1804 4618 1901 4675 po·

316 4693 461 4751 terit.

388 4782 573 4840 Tertio
615 4780 674 4837 fit
712 4778 817 4836 alia
858 4778 1108 4837 inductio
1146 4778 1524 4853 distinguendo
1565 4782 1619 4837 in
1646 4780 1753 4839 hoc
1783 4784 1901 4840 iure

314 4878 611 4946 praecepta
655 4869 983 4927 affirmativa
1023 4876 1078 4927 et
1118 4871 1395 4944 negativa,
1440 4879 1495 4928 et
1543 4871 1897 4948 ostendendo,

316 4970 577 5021 neutrum
616 4978 791 5036 genus
837 4960 1024 5017 talium
1066 4968 1481 5035 praeceptorum
1522 4980 1679 5037 posse
1716 4981 1813 5038 per
1842 4982 1900 5024 se

314 5071 569 5128 cessare,
604 5060 700 5111 aut
726 5052 971 5111 desinere
1002 5053 1259 5126 obligare.
1288 5055 1425 5112 Nam
1452 5056 1505 5111 in
1535 5056 1719 5127 primis
1747 5073 1901 5131 prae-

316 5153 474 5220 cepta
502 5144 750 5219 negativa
784 5142 1076 5216 prohibent
1097 5159 1183 5200 res
1204 5161 1302 5218 per
1322 5161 1379 5202 se
1400 5152 1453 5202 et
1471 5138 1758 5205 intrinsece
1786 5164 1900 5205 ma-

315 5240 427 5313 las,
458 5244 513 5295 et
546 5236 671 5311 ideq
702 5235 944 5310 obligant
970 5251 1183 5309 semper
1208 5242 1266 5294 et
1284 5253 1382 5309 pro
1404 5253 1637 5312 semper,
1663 5246 1782 5297 tum
1811 5256 1897 5299 ra·

3356 284 3485 349 123

1973 428 2117 484 tione
2145 442 2279 485 suae
2309 425 2511 484 formae
2527 469 2542 500 ,
2566 426 2694 500 quia
2721 424 2933 499 negatio
2956 428 3133 485 omnia
3152 425 3409 499 destruit,
3440 433 3559 485 tum

1969 519 2131 575 etiam
2175 517 2303 591 quia
2343 515 2493 590 quod
2532 532 2628 589 per
2657 533 2715 574 se
2743 518 2944 574 malum
2973 525 3086 591 est,
3120 532 3331 590 semper
3359 522 3416 575 et
3442 518 3555 575 ubi-

1970 624 2077 682 que
2108 607 2393 666 vitandum
2421 615 2540 679 est3
2569 609 2757 666 eadem
2789 624 2920 682 ergo
2959 610 3168 668 ratione
3195 625 3301 667 non
3331 617 3564 682 possunt

1968 700 2097 757 talia
2127 703 2417 771 praecepta
2445 714 2542 770 per
2569 714 2628 755 se
2654 697 2930 773 desinere,
2963 702 3094 774 quia
3129 717 3236 757 non
3268 705 3448 773 potest
3474 717 3564 757 res

1969 805 2067 862 per
2108 805 2166 845 se
2209 788 2350 845 mala
2390 787 2636 845 desinere
2676 804 2795 845 esse
2847 790 3005 846 mala.
3057 790 3396 847 Affirmativa
3432 806 3564 847 vero

1969 883 2298 953 praecepta,
2345 878 2473 936 licet
2527 894 2741 951 semper
2781 879 3050 953 obligent,
3093 897 3200 938 non
3244 888 3422 938 tamen
3462 898 3563 954 pro

1971 984 2214 1041 semper,
2246 977 2304 1025 et
2331 968 2450 1026 ideo
2477 976 2661 1041 potest
2688 968 2997 1028 huiusmodi
3025 978 3374 1045 praeceptum
3393 1016 3407 1045 ,
3437 972 3570 1031 licet

1969 1060 2216 1120 naturale
2267 1062 2366 1135 sit,
2397 1077 2506 1119 uno
2534 1068 2778 1134 tempore
2808 1062 3046 1135 obligare
3067 1102 3082 1130 ‚
3113 1068 3169 1119 et
3199 1078 3308 1119 non
3346 1064 3400 1119 in
3441 1062 3566 1135 alio,

1971 1171 2069 1212 seu
2097 1155 2149 1209 in
2181 1170 2290 1211 una
2311 1154 2630 1222 occasione,
2663 1160 2718 1210 et
2745 1170 2853 1210 non
2874 1153 2926 1210 in
2958 1153 3077 1221 alia3
3110 1169 3217 1211 non
3240 1161 3418 1211 tamen
3440 1170 3568 1227 pro-

1970 1253 2159 1319 pterea
2198 1245 2389 1317 recipit
2429 1243 2818 1315 mutationem,
2850 1247 2983 1319 quia
3021 1244 3153 1301 haec
3191 1251 3275 1302 est
3302 1246 3445 1301 illius
3473 1263 3568 1304 na-

1970 1343 2117 1407 tura,
2150 1343 2207 1393 et
2235 1336 2323 1410 (ut
2350 1334 2428 1392 sic
2457 1334 2666 1405 dicam)
2691 1352 2722 1391 a
2749 1335 3012 1408 principio
3043 1336 3219 1391 fertur
3242 1352 3340 1407 pro
3368 1335 3562 1394 talibus

1970 1425 2390 1496 occasionibus,
2422 1426 2504 1482 vel
2534 1426 2637 1482 sub
2674 1424 2874 1482 talibus
2903 1424 3334 1496 conditionibus,
3365 1432 3422 1483 et
3450 1443 3559 1485 non

1970 1532 2069 1590 pro
2111 1517 2254 1574 aliis.
2298 1514 2656 1573 Nihilominus
2697 1523 2876 1573 tamen
2918 1531 3131 1586 semper
3172 1515 3368 1573 retinet
3395 1532 3555 1574 suam

1974 1609 2117 1679 vim,
2165 1622 2379 1679 semper
2421 1603 2658 1678 obligat,
2706 1604 2834 1662 licet
2872 1620 2978 1661 non
3007 1621 3108 1678 pro
3135 1621 3384 1679 semper,
3415 1606 3566 1664 sicut

1970 1704 2324 1770 praeceptum
2355 1696 2742 1769 consessionis,
2775 1713 2828 1751 v.
2870 1711 2924 1769 g.
2958 1695 3090 1752 licet
3114 1712 3214 1767 pro
3243 1694 3348 1752 hoc
3378 1711 3563 1754 mense

1971 1805 2079 1845 non
2104 1788 2339 1860 obliget,
2372 1796 2429 1843 et
2457 1802 2556 1859 pro
2589 1791 2832 1858 tempore
2857 1785 3312 1859 Quadragesimae
3339 1786 3566 1861 obliget,

1972 1895 2079 1936 non
2109 1879 2234 1935 ideo
2265 1883 2530 1950 mutatur,
2561 1874 2657 1933 sed
2679 1874 2744 1933 de
2769 1892 2828 1934 se
2857 1876 2998 1933 idem
3023 1892 3235 1949 semper
3259 1884 3564 1949 permanet.

1971 1971 2041 2027 Et
2079 1968 2390 2026 declaratur
2437 1967 2699 2040 amplius;
2737 1983 2860 2023 nam
2907 1973 3204 2039 praecepta
3243 1966 3568 2025 affirmativa

1973 2059 2106 2134 legis
2136 2057 2400 2117 naturalis
2430 2057 2609 2114 solum
2637 2056 2881 2131 obligant
2910 2074 3009 2130 pro
3032 2056 3134 2114 illis
3165 2057 3570 2131 occasionibuS,

1970 2150 2024 2206 in
2064 2150 2264 2224 quibus
2306 2148 2530 2205 omissio
2565 2148 2688 2205 talis
2718 2154 2878 2207 actus
2906 2154 3054 2207 esset
3085 2164 3183 2221 per
3211 2164 3270 2205 se
3296 2156 3354 2205 et
3378 2150 3568 2205 intrin-

1971 2255 2098 2297 sece
2140 2241 2314 2313 maiar,
2360 2254 2493 2313 ergo
2539 2240 2684 2297 sicut
2726 2240 2818 2296 illa
2857 2240 3074 2296 omissio
3115 2256 3221 2297 non
3251 2245 3432 2312 potest
3459 2256 3568 2297 non

1972 2346 2093 2389 esse
2129 2330 2384 2404 mala,ita
2409 2344 2585 2405 neque
2607 2330 2861 2405 obligatio
2881 2330 3186 2389 affirmativi
3208 2332 3483 2404 praecepti
3503 2330 3573 2389 ad

1977 2428 2163 2479 actum
2203 2420 2281 2478 illi
2323 2422 2606 2478 omissioni
2644 2420 2984 2478 contrarium
3011 2427 3195 2494 potest
3222 2438 3318 2494 per
3347 2436 3406 2478 se
3433 2420 3573 2478 desi-

1973 2528 2131 2580 nere,
2167 2519 2265 2571 aut
2305 2514 2536 2570 mutari:
2570 2528 2703 2586 ergo
2730 2512 2836 2569 tale
2866 2519 3222 2586 praeceptum
3248 2514 3564 2569 necessario

1974 2619 2189 2677 semper
2227 2603 2434 2678 obligat
2475 2619 2576 2676 pro
2620 2619 2720 2661 suo
2764 2609 3011 2677 tempore
3034 2643 3049 2674 ,
3082 2610 3137 2661 et
3165 2610 3570 2677 consequenter

1974 2710 2188 2766 semper
2215 2694 2613 2768 etiamobligat
2643 2693 2707 2751 ad
2736 2710 2846 2750 non
2877 2692 3189 2751 habendum
3227 2695 3570 2752 contrarium

1976 2788 2356 2860 propositum,
2402 2801 2503 2843 seu
2549 2784 2619 2842 ad
2677 2784 3042 2843 obediendum
3081 2784 3275 2843 saltem
3314 2785 3368 2841 in
3409 2785 3572 2843 animi

1976 2877 2412 2949 praeparatione.

2051 2969 2256 3036 Quarto
2295 2967 2650 3036 declaratur,
2693 2970 2750 3023 et
2788 2965 3142 3024 confirmatur
3181 2964 3319 3023 haec
3361 2969 3567 3025 veritas

1974 3057 2313 3131 expediendo
2343 3055 2730 3124 abiectionem,
2756 3072 2903 3130 quae
2932 3056 3020 3113 hic
3049 3056 3162 3113 lieri
3190 3062 3388 3128 potest.
3419 3057 3564 3115 Dicit

1972 3151 2119 3206 enim
2145 3150 2308 3206 Arist.
2347 3154 2400 3205 5.
2431 3147 2625 3205 Ethic.
2659 3162 2782 3219 cap.
2821 3150 2882 3219 7,
2912 3148 3124 3203 iustum
3153 3147 3424 3222 naturale,
3461 3165 3562 3209 seu

1974 3247 2174 3297 natura
2201 3244 2461 3296 constans
2489 3254 2598 3295 non
2619 3253 2781 3294 omne
2809 3236 3069 3295 mutabile
3089 3254 3232 3310 esse,
3259 3239 3555 3312 aliquando

1971 3348 2100 3389 vero
2137 3346 2299 3403 posse
2346 3345 2467 3387 esse
2515 3329 2800 3386 mutationi
2839 3328 3154 3386 obnoxium.
3197 3331 3353 3397 Quod
3387 3331 3554 3388 etiam

1972 3421 2212 3490 traditd.
2236 3421 2466 3478 Thomas
2507 3424 2555 3479 1.
2590 3424 2622 3478 2
2646 3462 2661 3493 ,
2691 3436 2746 3493 q.
2783 3424 2877 3489 94,
2911 3427 3018 3477 art.
3053 3426 3107 3491 5,
3139 3418 3355 3495 dicens,
3386 3421 3562 3496 legem

1971 3518 2199 3571 naturae
2228 3510 2408 3586 quoad
2438 3514 2610 3583 prima
2633 3510 2898 3583 principia
2921 3511 3136 3569 omnine
3159 3528 3278 3569 esse
3307 3514 3561 3572 immuta-

1970 3604 2163 3676 bilem,
2194 3602 2375 3677 quoad
2409 3602 2796 3659 conclusiones
2824 3610 3011 3659 autem
3042 3607 3102 3659 ut
3128 3602 3426 3675 plurimum
3451 3621 3561 3663 non

1970 3694 2198 3766 mutari,
2229 3695 2285 3750 in
2305 3692 2488 3767 aliquo
2511 3699 2692 3749 tamen
2715 3706 2852 3749 casu
2868 3734 2884 3763 ,
2908 3699 2965 3749 et
2991 3693 3042 3748 in
3065 3694 3415 3766 paucioribus
3439 3712 3563 3753 mu-

1972 3786 2104 3859 tari,
2136 3792 2367 3859 propter
2396 3780 2757 3856 particulares
2785 3798 2982 3841 causas
3007 3790 3392 3843 occurrenteS.
3419 3788 3563 3844 Con-

1970 3879 2147 3935 firmat
2177 3876 2280 3933 hoc
2311 3876 2368 3933 d.
2398 3876 2633 3933 Thomas
2660 3873 2906 3947 exemplo
2946 3874 3076 3947 legis
3114 3876 3380 3933 naturalis
3408 3892 3566 3950 prae-

1972 3968 2222 4041 cipientis
2239 4010 2254 4041 ,
2280 3967 2595 4041 depositum
2622 3965 2774 4023 reddi
2798 3982 2900 4023 suo
2927 3964 3150 4024 domino
3179 3970 3400 4040 petenti,
3424 3985 3566 4043 quae

1972 4076 2079 4117 non
2120 4058 2325 4132 obligat
2363 4060 2414 4114 iu
2457 4074 2624 4130 casu,
2669 4058 2718 4113 in
2763 4074 2874 4131 quo
2917 4057 3229 4131 depositum
3264 4061 3470 4131 petitur
3499 4061 3569 4119 ad

1971 4149 2422 4207 damnificandam
2463 4148 2880 4221 rempublicam.
2912 4149 2984 4205 Et
3023 4147 3196 4205 simile
3233 4164 3354 4207 esse
3383 4156 3569 4221 potest

1974 4240 2041 4297 de
2069 4247 2365 4312 praecepto
2395 4238 2630 4296 naturali
2669 4237 2918 4295 servandi
2959 4248 3266 4312 secretum,
3297 4240 3446 4313 quod
3475 4258 3569 4301 ne-

1971 4332 2216 4407 gativum
2244 4337 2366 4402 est,
2395 4336 2449 4387 et
2477 4337 2658 4387 tamen
2687 4330 2874 4387 violari
2903 4336 3105 4403 potest,
3132 4332 3177 4388 si
3203 4332 3272 4389 ad
3297 4330 3566 4390 defensio-

1975 4440 2099 4481 nem
2112 4422 2468 4495 reipublicae,
2483 4421 2568 4477 vel
2585 4420 2890 4478 innocentis
2908 4421 2951 4478 si
2959 4428 2979 4479 t
2993 4424 3387 4481 necessarium.
3407 4424 3566 4481 Prae-

1973 4519 2195 4587 ceptum
2225 4514 2382 4571 item:
2415 4517 2552 4569 Non
2579 4509 2842 4580 occides,
2877 4510 3128 4569 naturale
3153 4518 3272 4585 est,
3303 4520 3360 4570 et
3387 4520 3566 4573 tamen

1971 4607 2027 4663 in
2055 4606 2334 4678 propriam
2365 4602 2734 4660 defensionem
2765 4602 2976 4659 licitum
3003 4608 3090 4659 est
3118 4602 3393 4661 occidere.
3417 4604 3568 4661 Diffi·

1969 4695 2133 4754 cilius
2160 4693 2468 4767 exemplum
2497 4708 2620 4750 esse
2651 4698 2838 4766 potest
2871 4691 2939 4750 de
2968 4700 3263 4766 praecepto
3293 4710 3400 4751 non
3431 4710 3564 4752 con-

1970 4785 2224 4847 trahendi
2255 4786 2670 4843 matrimonium
2700 4798 2832 4841 cum
2861 4799 3064 4840 sorore.
3088 4783 3170 4841 vel
3195 4790 3389 4858 matre,
3415 4784 3567 4858 quod

1970 4877 2216 4936 naturale
2243 4883 2358 4949 est,
2390 4881 2446 4932 et
2475 4882 2659 4933 tamen
2703 4875 2759 4930 in
2787 4890 2924 4931 casu
2962 4876 3300 4933 necessitatis
3339 4892 3566 4950 genera·

1969 4969 2126 5027 tionis
2155 4968 2423 5025 humanae
2453 4981 2565 5023 non
2600 4966 2826 5039 obligat,
2859 4972 2924 5022 ut
2950 4964 3015 5023 de
3044 4965 3189 5024 sacto
3218 4967 3485 5042 contingit
3512 4969 3564 5025 in

1968 5060 2232 5133 principio
2275 5058 2599 5131 creationis,
2642 5063 2704 5114 ut
2741 5072 2808 5113 ex
2849 5057 3076 5115 materia
3114 5058 3180 5115 de
3221 5060 3562 5117 matrimonio

1973 5156 2217 5208 constat.
2253 5150 2477 5208 Ratione
2509 5148 2740 5221 denique
2769 5146 2876 5205 hoc
2906 5148 3196 5207 confirmat
3219 5147 3275 5205 d.
3303 5148 3560 5223 Thomas,

1976 5242 2105 5313 quia
2152 5241 2359 5299 certior
2403 5245 2489 5297 est
2535 5237 2759 5297 scientia
2803 5238 3137 5311 speculativa
3181 5246 3237 5297 et
3277 5240 3558 5315 naturalis,
