4325 6267
890 371 1015 436 208

806 520 960 585 ctus,
984 513 1076 586 qui
1104 521 1235 571 sunt
1257 511 1516 587 obligatio
1538 513 1591 570 in
1612 513 1964 587 conscientia,
1992 513 2085 572 cui
2111 512 2405 590 respondet

804 606 971 678 culpa
997 605 1048 663 in
1077 607 1507 681 transgressione
1537 605 1690 679 legis,
1722 605 1846 664 item
1876 621 2071 678 poena,
2093 611 2151 662 et
2176 604 2403 661 irritatio

805 703 993 768 actus3
1026 711 1149 753 nam
1180 699 1233 753 in
1261 696 1365 754 illis
1388 712 1497 753 non
1522 695 1772 769 procedit
1794 711 2008 769 semper
2029 695 2218 753 eadem
2243 695 2397 752 ratio.

803 785 1029 854 Quando
1060 786 1201 843 enim
1229 785 1312 844 lex
1334 791 1420 843 est
1439 801 1575 860 pure
1598 785 1927 844 declarativa
1950 785 2286 860 obligationis
2309 800 2403 841 an-

802 877 987 950 tiquae
1029 877 1185 950 legis,
1228 877 1415 950 negari
1454 893 1560 934 non
1603 883 1783 950 potest
1812 878 1934 952 (per
1976 891 2035 933 se
2073 873 2398 950 loquendo),

803 969 933 1040 quin
962 968 1223 1042 obligatio
1260 973 1419 1024 antea
1445 966 1641 1037 suerit,
1671 974 1728 1025 et
1756 973 2161 1040 consequenter
2196 980 2298 1023 nec
2325 965 2402 1021 vi-

801 1058 907 1114 tari
937 1050 1156 1131 poterit,
1188 1057 1318 1130 quin
1347 1056 1512 1114 suerit
1536 1057 1700 1129 culpa
1722 1063 1918 1128 contra
1938 1056 2078 1113 illam
2100 1071 2284 1129 agere.
2301 1057 2402 1113 Per

802 1145 1056 1203 accidens
1079 1152 1264 1203 autem
1285 1148 1461 1219 potuit
1484 1145 1567 1203 hic
1590 1146 1822 1205 effectus
1844 1147 2113 1219 impediri,
2140 1146 2270 1220 quia
2290 1146 2400 1203 sor-

800 1241 944 1294 tasse
964 1244 1085 1295 ante
1106 1237 1255 1295 illam
1268 1235 1687 1295 declarationem
1706 1239 1790 1295 ius
1804 1237 2176 1312 ignorabatur,
2190 1235 2274 1294 vel
2291 1251 2399 1294 non

780 1327 872 1385 ¹ita
894 1327 1289 1401 intelligebatur
1309 1329 1473 1385 etiam
1496 1344 1525 1384 a
1549 1327 1677 1384 viris
1698 1327 2167 1400 doctis,quamvis
2189 1342 2248 1384 re
2269 1341 2400 1384 vera

800 1417 907 1474 iam
934 1418 1212 1489 existeret3
1241 1423 1299 1474 et
1334 1417 1519 1491 quoad
1556 1418 1659 1474 hoc
1699 1417 1895 1474 habere
1931 1423 2114 1490 potest
2148 1432 2398 1491 magnam

798 1510 911 1565 vim
941 1508 1027 1566 lex
1054 1506 1407 1579 declarativa,
1439 1514 1503 1564 ut
1528 1514 1723 1580 postea
1748 1509 1821 1564 sit
1846 1507 2009 1579 culpa
2026 1549 2041 1580 ,
2072 1523 2214 1582 quae
2241 1514 2401 1564 antea

799 1597 1171 1655 excusabatur
1206 1611 1301 1670 per
1338 1598 1718 1671 ignorantiam.
1764 1599 1829 1656 Et
1862 1596 1950 1654 hic
1988 1597 2200 1655 videtur
2226 1596 2397 1655 fuisse

802 1702 969 1745 casus
999 1689 1050 1744 in
1078 1687 1134 1744 d.
1166 1703 1219 1745 c.
1256 1688 1402 1745 unic.
1439 1696 1501 1746 ut
1528 1687 1721 1746 Glossa
1744 1689 1817 1745 ibi
1841 1689 2036 1762 sentit,
2065 1694 2124 1746 et
2156 1687 2276 1746 ideo
2311 1687 2398 1745 lex

800 1779 893 1836 illa
919 1781 1097 1837 utitur
1120 1779 1287 1836 verbo
1299 1778 1709 1855 prohibemus;
1733 1794 1875 1852 quae
1892 1777 2208 1851 prohibitio,
2231 1784 2298 1836 ut
2317 1785 2398 1836 ta·

797 1867 865 1925 lis
894 1869 1016 1941 suit,
1057 1886 1167 1927 non
1193 1870 1375 1943 potuit
1417 1869 1486 1927 ad
1514 1875 1729 1940 tempus
1768 1869 2119 1941 praeteritum
2158 1867 2393 1927 extendi.

796 1961 869 2018 Et
893 1960 1121 2018 sortasse
1156 1967 1315 2018 actus
1342 1959 1411 2016 ibi
1439 1957 1695 2031 prohibiti
1721 1975 1831 2016 non
1856 1969 2015 2018 erant
2039 1960 2182 2017 irriti
2207 1975 2276 2017 ex
2302 1975 2397 2016 na-

799 2056 925 2107 tura
952 2052 1054 2123 rei,
1088 2050 1233 2108 unde
1274 2066 1403 2107 cum
1444 2057 1601 2107 antea
1641 2066 1748 2107 non
1788 2055 1971 2107 essent
2008 2048 2234 2122 speciali
2273 2053 2394 2108 iure

796 2139 1173 2198 ecclesiastico
1216 2140 1487 2214 prohibiti,
1519 2138 1696 2199 multo
1734 2141 1915 2198 minus
1956 2148 2112 2198 erant
2150 2140 2288 2198 irriti
2327 2156 2394 2200 ex

796 2232 849 2287 vi
878 2231 1051 2305 illius;
1081 2237 1136 2288 et
1164 2230 1281 2290 ideo
1310 2232 1363 2289 in
1390 2247 1530 2289 novo
1560 2231 1780 2290 decreto
1810 2232 2053 2290 irritante
2079 2233 2274 2291 merito
2301 2233 2396 2290 ad-

796 2321 945 2380 ditur
984 2323 1251 2397 particula
1289 2323 1362 2380 de
1401 2328 1632 2381 caetero
1644 2343 1667 2392 ;
1692 2339 1793 2397 pro
1836 2324 1967 2381 solis
2006 2326 2149 2381 enim
2192 2324 2393 2383 suturis

800 2414 1136 2488 temporibus
1165 2413 1487 2473 addebatur.
1528 2416 1709 2488 Atque
1744 2413 1863 2472 ideo
1900 2415 2195 2473 observare
2230 2431 2394 2488 opor-

719 2537 733 2560 t
799 2510 879 2562 tet
906 2505 957 2560 in
998 2507 1143 2562 omni
1181 2521 1323 2562 nova
1364 2505 1480 2579 lege
1520 2503 1853 2578 prohibente,
1895 2505 1981 2562 vel
2021 2505 2278 2578 puniente
2318 2504 2390 2576 id,

796 2593 945 2667 quod
973 2611 1069 2666 per
1102 2609 1161 2651 se
1188 2594 1389 2653 malum
1418 2601 1557 2666 erat,
1592 2594 1673 2652 vel
1703 2602 1862 2653 antea
1889 2594 2246 2669 prohibitum3
2267 2611 2392 2652 nam

723 2683 739 2700 ‘
795 2683 1207 2757 licetposterior
1219 2685 1302 2742 lex
1320 2685 1389 2742 sit
1402 2683 1729 2742 declarativa
1741 2686 1935 2758 prioris
1955 2687 2109 2758 iuris,
2122 2685 2394 2743 nihilomi-

796 2789 903 2831 nus
938 2781 1203 2848 quantum
1233 2775 1301 2832 ad
1330 2773 1401 2848 id,
1426 2774 1573 2849 quod
1603 2774 1667 2831 de
1697 2791 1836 2832 novo
1866 2776 2075 2847 statuit,
2107 2759 2190 2831 vel
2221 2775 2390 2850 addit,

796 2880 905 2923 non
934 2865 1243 2922 extenditur
1278 2864 1343 2923 ad
1371 2865 1680 2938 praeterita,
1717 2872 1778 2923 ut
1800 2882 1866 2923 ex
1894 2865 2135 2924 dicendis
2165 2867 2387 2940 patebit.

871 2955 1141 3024 Quantum
1176 2971 1309 3029 ergo
1337 2956 1405 3014 ad
1434 2956 1687 3014 effectum
1714 2971 1942 3029 poenae,
1975 2957 2017 3013 si
2046 2957 2134 3015 lex
2160 2974 2266 3015 non
2297 2958 2396 3015 ad.

796 3045 891 3104 dat
910 3062 1143 3120 poenam
1169 3047 1236 3104 de
1258 3063 1419 3117 novo,
1438 3047 1532 3104 sed
1556 3047 1817 3121 declaret,
1842 3049 1897 3104 in
1920 3046 2011 3105 tali
2035 3054 2163 3105 actu
2188 3049 2394 3106 incurri

794 3138 913 3213 ipso
939 3138 1083 3196 sacto
1114 3154 1180 3196 ex
1208 3139 1261 3196 vi
1289 3139 1492 3212 antiqui
1518 3139 1675 3208 iuris,
1699 3148 2105 3212 consequenter
2125 3137 2388 3213 declarat,

794 3243 894 3302 per
913 3228 1160 3304 singulos
1186 3234 1348 3286 actus
1369 3229 1649 3286 incursam
1669 3227 1837 3288 misse
1858 3229 1912 3285 in
1930 3229 2236 3300 praeteritis
2251 3236 2391 3288 tem-

793 3318 1049 3392 poribus3
1080 3324 1167 3375 est
1194 3317 1335 3375 enim
1363 3319 1553 3376 eadem
1582 3319 1736 3376 ratio.
1766 3320 1885 3377 Hoc
1913 3324 2094 3377 autem
2117 3319 2278 3376 etiam
2305 3327 2391 3378 cst

793 3407 1199 3483 intelligendum
1231 3423 1329 3480 per
1354 3424 1413 3466 se
1436 3409 1739 3482 loquendo,
1765 3423 1889 3465 nam
1914 3409 2121 3466 ratione
2142 3409 2390 3481 ignoran-

797 3500 900 3556 tiae
926 3499 1037 3556 fieri
1070 3505 1274 3574 potest,
1295 3507 1357 3558 ut
1374 3499 1603 3558 effectus
1624 3515 1831 3572 poenae
1851 3515 1957 3555 non
1982 3497 2302 3557 extendatur
2322 3500 2392 3557 ad

740 3587 749 3600 “
794 3592 1118 3664 praeteritos
1150 3597 1333 3664 actus,
1362 3590 1577 3659 etiamsi
1614 3589 1698 3647 lex
1735 3589 1805 3647 sit
1842 3588 2172 3647 declarativa
2208 3589 2390 3662 quoad

795 3682 968 3755 ipsam
1005 3683 1433 3755 poenam.Quia,
1464 3688 1529 3739 ut
1546 3679 1685 3738 infra
1704 3696 1806 3738 suo
1829 3679 1951 3737 loco
1973 3677 2276 3749 ostendam,
2297 3680 2392 3754 qui

796 3778 1100 3830 excusatur
1118 3788 1152 3829 a
1173 3771 1357 3845 culpa,
1372 3773 1427 3827 in
1450 3771 1595 3832 omni
1615 3772 1796 3844 rigore
1816 3776 2117 3828 excusatur
2137 3784 2171 3826 a
2191 3784 2384 3844 poena,

798 3863 1011 3920 etiamsi
1039 3866 1157 3935 ipso
1186 3863 1305 3920 iure
1330 3861 1439 3919 lata
1466 3862 1554 3918 sit.
1583 3860 1690 3918 Sed
1725 3875 1835 3916 non
1863 3859 2109 3918 obstante
2147 3857 2395 3918 declara-⁰

793 3953 937 4011 tione
965 3955 1292 4027 praeteritae
1311 3955 1556 4010 actiones
1583 3958 1921 4010 excusantur
1944 3968 1975 4008 a
1994 3944 2156 4025 culpa
2182 3952 2389 4011 ratione

793 4043 1125 4116 ignorantiae
1143 4086 1158 4117 ,
1190 4051 1254 4101 ut
1280 4043 1491 4103 dictum
1515 4050 1628 4116 est3
1658 4059 1789 4116 ergo
1824 4050 1883 4101 et
1908 4059 1940 4100 a
1960 4059 2167 4116 poena.
2195 4045 2391 4118 Loqui·

794 4149 922 4192 mur
950 4140 1133 4191 autem
1160 4132 1226 4191 dc
1255 4134 1469 4208 propria
1496 4149 1702 4207 poena3
1728 4149 1853 4190 nam
1875 4134 1917 4190 si
1942 4133 2124 4191 solum⁴
2146 4136 2219 4192 sit
2241 4134 2390 4192 inde·

800 4225 976 4282 centia
1004 4224 1295 4298 quaedam,
1318 4240 1419 4282 seu
1445 4225 1843 4299 irregularitas,
1869 4224 2005 4282 haec
2026 4241 2134 4282 non
2155 4240 2390 4284 excusa·

796 4314 949 4373 bitur
973 4323 1197 4388 propter
1237 4315 1624 4388 ignorantiam,
1654 4315 1752 4372 nisi
1793 4317 1864 4373 sit
1903 4331 2031 4374 vere
2068 4316 2120 4374 in
2160 4333 2390 4390 poenam

795 4405 1068 4477 imposita.
1099 4408 1179 4462 An
1208 4421 1337 4464 vero
1364 4405 1667 4479 ignorantia
1694 4405 1862 4463 solius
1892 4421 2096 4479 poenae
2121 4404 2264 4465 illam
2292 4423 2388 4465 ex-

795 4502 984 4568 cuset,
1014 4495 1155 4553 infra
1184 4493 1525 4555 tractabitur.
1549 4496 1791 4570 Denique
1820 4495 1961 4555 idem
1989 4495 2278 4555 dicendum
2303 4503 2390 4556 est

795 4585 863 4644 de
894 4587 1001 4644 alio
1031 4587 1249 4660 effectu,
1280 4587 1373 4661 qui
1400 4592 1487 4644 est
1513 4587 1725 4645 irritare
1746 4586 1980 4662 aliquem
2000 4594 2188 4646 actum
2211 4589 2293 4646 vel
2313 4589 2390 4646 ef·

792 4677 1019 4749 iectum3
1036 4675 1121 4735 hic
1144 4679 1287 4735 enim
1308 4678 1534 4735 effectus
1554 4693 1663 4735 non
1685 4677 1976 4750 impeditur
1996 4685 2218 4753 propter
2240 4680 2392 4753 igno-

795 4768 1023 4825 rantiam
1052 4768 1219 4825 totius
1248 4766 1383 4842 legis
1402 4809 1417 4840 ,
1446 4766 1665 4842 quando
1694 4783 1801 4825 non
1830 4774 1915 4826 est
1956 4785 2129 4842 poena
2174 4770 2389 4842 proprie

797 4866 1037 4932 sumpta,
1069 4859 1198 4932 qnia
1224 4873 1335 4914 non
1364 4858 1563 4932 pendet
1589 4874 1657 4916 ex
1683 4859 1865 4931 culpa,
1895 4865 1949 4916 et
1974 4859 2059 4917 lex
2085 4875 2183 4933 per
2211 4876 2270 4918 se
2296 4861 2392 4938 hag

794 4949 888 5008 bet
908 4947 1205 5006 efficaciam
1223 4946 1293 5005 ad
1310 4947 1707 5021 impediendum
1731 4949 1968 5007 valorem
1986 4957 2166 5007 actus.
2181 4951 2250 5008 Et
2269 4951 2390 5008 ideo

794 5041 1008 5116 quoties
1045 5037 1132 5096 lex
1169 5037 1416 5097 declarat
1446 5039 1749 5098 nullitatem
1776 5045 1938 5098 actus
1966 5056 2031 5099 ex
2058 5041 2109 5097 vi
2138 5040 2271 5115 legis
2298 5057 2392 5099 an·

796 5133 999 5205 tiquac,
1028 5129 1151 5189 talis
1179 5129 1479 5187 declaratio
1513 5129 1699 5188 locum
1726 5130 1888 5189 habet
1923 5133 1979 5188 in
2020 5139 2149 5190 actu
2180 5137 2393 5205 praete·

795 5221 904 5280 rito
934 5219 1094 5280 simili
1116 5219 1279 5281 modo
1302 5219 1469 5298 sacto,
1493 5220 1705 5280 etiamsi
1725 5220 1959 5282 fortasse
1980 5222 2290 5298 ignorantia
2313 5223 2394 5283 in·

796 5312 1107 5376 terrenerit.

2252 385 2458 436 LIBER
2483 385 2593 434 111.

2548 513 2706 570 Circa
2741 508 2846 568 hoc
2885 515 3073 567 autem
3111 515 3199 566 est
3225 508 3418 568 ultimo
3453 509 3894 587 observandum,
3923 511 4070 569 hanc

2472 601 2774 659 nullitatem
2799 597 3088 674 aliquando
3111 614 3230 656 esse
3247 603 3318 658 ‘ex
3340 600 3562 658 defectu
3583 600 3916 660 conditionis
3940 605 4068 660 iure

2470 691 2653 750 divino
2680 693 3019 750 necessariae
3047 693 3112 751 ad
3141 693 3382 750 valorem
3410 698 3592 767 actus,
3619 699 3682 750 ut
3704 695 3752 750 si
3771 692 3860 751 lex
3883 693 4072 752 decla-

2471 791 2563 840 ret
2597 789 3028 854 sacramentum,
3073 800 3126 840 v.
3156 799 3213 856 g.
3245 782 3704 854 confirmationis,
3731 781 3926 840 datum
3953 784 4068 840 sine

2472 872 2712 931 balsamo
2742 889 2850 930 non
2879 873 3146 947 valuisse,
3177 880 3233 930 et
3259 878 3394 931 tunc
3422 873 3508 931 lex
3533 872 3824 932 declarans
3852 873 4070 932 nullita-

2471 969 2578 1020 tcm
2618 964 2766 1021 illius
2803 969 2992 1035 actus,
3035 970 3090 1021 et
3125 979 3354 1022 causam
3379 966 3531 1038 eius,
3559 965 3974 1024 ita'extenditur
3999 966 4068 1023 ad

2467 1054 2830 1128 praeteritum
2851 1095 2867 1127 ,
2913 1061 3108 1113 utnon
3137 1055 3309 1127 possit
3332 1070 3433 1128 per
3461 1071 3520 1112 se
3547 1053 3838 1128 supplere,
3869 1055 3956 1111 vel
3982 1071 4068 1113 re-

2467 1143 2706 1202 validare
2734 1151 2949 1216 actum,
2973 1145 3107 1222 quia
3127 1145 3326 1218 pendet
3342 1161 3408 1202 ex
3429 1148 3552 1203 iure
3570 1145 3780 1203 divino.
3808 1145 4066 1219 Aliquan-

2469 1233 2540 1292 do
2568 1250 2701 1292 vero
2729 1235 3030 1309 contingit,
3062 1234 3368 1293 nullitatem
3395 1236 3524 1293 oriri
3550 1251 3619 1293 ex
3646 1237 3768 1293 iure
3799 1235 4062 1294 humano:

2468 1331 2655 1381 actum
2681 1341 2814 1383 vero
2855 1341 2977 1384 esse
3019 1326 3208 1401 talem,
3249 1333 3314 1384 ut
3339 1325 3572 1399 pendeat
3597 1341 3666 1384 ex
3691 1324 3906 1384 efficaci
3929 1342 4065 1384 con-

2469 1429 2634 1471 sensu
2662 1417 3032 1487 operantium,
3064 1433 3163 1475 seu
3194 1418 3660 1490 contrahentium,
3690 1425 3761 1474 ut
3787 1419 4066 1475 matrimo-

2471 1506 2621 1562 nium
2644 1512 2994 1564 contractum
3016 1507 3158 1565 inter
3179 1509 3614 1582 consanguineos
3637 1509 3782 1564 intra
3803 1515 4065 1581 quartum

2467 1595 2704 1668 gradum
2733 1603 2820 1655 est
2847 1596 3084 1671 nullum,
3116 1599 3395 1671 supposito
3425 1599 3540 1656 iure
3565 1597 3973 1655 ecclesiastico.
3999 1598 4066 1654 Et

2466 1685 2554 1744 hic
2597 1688 2758 1746 etiam
2799 1695 2960 1746 actus
2997 1706 3106 1747 non
3134 1696 3315 1762 potest
3341 1705 3438 1763 per
3464 1688 3638 1762 legem
3665 1687 4062 1746 declarativam

2466 1778 2826 1849 posteriorem
2855 1779 3096 1852 suppleri
3127 1779 3308 1854 quoad
3330 1778 3720 1854 praecedentes
3749 1785 3937 1850 actus,
3971 1776 4062 1835 sed

2464 1884 2691 1928 necesse
2731 1879 2850 1942 est,
2898 1878 2959 1928 ut
2997 1870 3179 1929 ablato
3221 1869 3602 1942 impedimento
3643 1870 3848 1936 iterum
3888 1867 4062 1926 valide

2463 1960 2596 2017 fiant
2635 1975 2733 2034 per
2761 1961 3020 2019 iteratum
3056 1975 3388 2019 consensum
3415 1959 3898 2031 contrahentium,
3931 1960 4061 2034 quia

2463 2050 2533 2107 ab
2561 2050 2651 2108 illo
2679 2050 2879 2124 pendet
2903 2050 3266 2109 essentialiter
3295 2051 3412 2108 talis
3434 2056 3618 2122 actus,
3645 2066 3752 2108 nec
3773 2056 3960 2124 potest
3978 2049 4058 2106 lex

2465 2140 2585 2198 sola
2612 2156 2710 2212 per
2739 2156 2798 2198 se
2827 2142 2997 2215 ipsam
3025 2141 3180 2199 illum
3209 2141 3449 2200 efficere.
3479 2139 3766 2198 Interdum
3785 2155 3920 2199 vero
3942 2141 4058 2199 nul-

2465 2229 2586 2288 litas
2613 2237 2772 2287 actus
2799 2237 2856 2288 et
2883 2230 3082 2305 pendet
3103 2247 3170 2290 ex
3197 2234 3321 2289 iure
3349 2232 3578 2305 positivo
3599 2273 3615 2302 ,
3645 2238 3703 2288 et
3727 2247 3828 2304 per
3853 2233 4058 2304 ipsum-

2461 2327 2576 2380 met
2607 2323 2755 2380 refici
2783 2329 2998 2397 potest,
3030 2325 3158 2398 quia
3187 2339 3297 2381 non
3321 2322 3460 2381 dicit
3483 2324 3850 2380 intrinsecum
3875 2339 4058 2396 respe-

2460 2419 2618 2470 ctum
2646 2413 2716 2470 ad
2746 2415 2913 2472 alium
2941 2429 3294 2473 consensum.
3325 2416 3398 2473 Et
3424 2422 3557 2472 tunc
3585 2415 3840 2488 quamvis
3861 2414 3947 2471 lex
3967 2415 4056 2472 de-

2462 2502 2680 2561 clarans
2718 2503 3029 2563 nullitatem
3062 2512 3222 2563 actus
3250 2506 3682 2579 comprehendat
3709 2509 4049 2580 praeteritos3

2461 2592 2810 2652 nihilominus
2848 2603 3045 2654 auctor
3085 2595 3218 2671 legis
3254 2603 3437 2669 potest
3471 2596 3624 2654 illum
3650 2598 3933 2656 desectum
3957 2613 4053 2655 au·

2461 2686 2720 2742 ctoritate
2757 2701 2860 2744 sua
2901 2687 3154 2760 supplere
3176 2730 3191 2760 ,
3219 2688 3302 2745 vel
3333 2687 3720 2762 dispensando,
3750 2689 3834 2746 vel
3867 2706 3969 2762 per
3995 2703 4049 2745 se

2465 2771 2629 2830 talem
2671 2781 2858 2834 actum
2898 2776 3207 2835 efficiendo.
3251 2778 3320 2835 Et
3344 2777 3660 2836 huiusmodi
3685 2779 3908 2837 videtur
3932 2795 4049 2839 esse

2461 2880 2626 2922 casus
2656 2866 2707 2921 in
2737 2865 2793 2924 d.
2826 2882 2946 2941 cap.
2980 2875 3174 2942 Aqua.
3205 2870 3342 2927 Nam
3369 2869 3462 2926 illa
3487 2869 3819 2943 benedictio,
3845 2872 3934 2929 vel
3955 2887 4052 2945 pu·

2461 2956 2692 3013 rificatio
2732 2957 2915 3031 templi
2956 2959 3225 3017 institutio
3265 2967 3349 3017 est
3377 2959 3645 3035 humana,
3683 2968 3742 3018 et
3766 2961 3944 3020 forma
3971 2962 4049 3019 vel

2461 3048 2765 3104 necessitas
2793 3049 2913 3105 eius
2942 3048 3125 3121 potuit
3153 3063 3251 3122 per
3279 3050 3598 3108 Pontificem
3625 3051 3711 3109 vel
3732 3050 4049 3126 dispensari,

2460 3138 2549 3194 vel
2581 3139 2842 3211 suppleri.

2540 3233 2594 3287 6-
2625 3230 2758 3287 Dico
2799 3229 3074 3289 secundo:
3105 3231 3223 3289 Lex
3250 3233 3606 3291 constitutiva
3631 3233 3765 3291 iuris
3793 3249 3892 3308 per
3915 3251 3978 3292 se
4001 3240 4053 3292 et

2460 3318 2619 3391 quasi
2655 3326 2852 3376 natura
2888 3336 2989 3378 sua
3025 3337 3132 3378 non
3161 3322 3476 3380 extenditur
3501 3323 3566 3381 ad
3599 3324 3926 3397 praeterita,
3957 3323 4050 3382 sed

2459 3406 2528 3466 de
2568 3408 2774 3468 suturis
2815 3416 3027 3469 tantum
3063 3411 3256 3469 datur:
3299 3413 3481 3487 quoad
3519 3413 3733 3488 aliquos
3760 3429 3894 3472 vero
3930 3413 4050 3472 effe·

2461 3504 2588 3556 ctus
2616 3499 2834 3558 extendi
2861 3508 3046 3573 potest
3066 3519 3134 3560 ex
3157 3501 3438 3562 voluntate
3459 3503 3787 3578 legislatoris
3809 3506 3940 3562 satis
3961 3520 4048 3562 ex·

2463 3605 2688 3664 pressa,
2732 3597 2830 3648 aut
2866 3591 3179 3669 declarata-⁸
3206 3592 3338 3651 Tota
3373 3596 3604 3652 assertio
3632 3596 3872 3654 sumitur
3897 3613 3966 3653 ex
3989 3594 4040 3651 d.

2459 3696 2582 3754 cap.
2617 3686 2686 3756 2,
2717 3689 2773 3739 et
2800 3698 2922 3755 cap.
2953 3684 3061 3741 ult.
3091 3682 3160 3740 de
3187 3691 3370 3742 const.
3399 3691 3546 3743 etex
3576 3684 3632 3743 d.
3661 3684 3702 3742 l.
3733 3685 3889 3761 leqes
3909 3732 3923 3754 ‚
3957 3686 4047 3744 ubi

2463 3772 2677 3847 Glossa,
2705 3779 2761 3831 et
2785 3772 3064 3844 doctores,
3093 3774 3261 3833 Felin.
3293 3792 3349 3833 c.
3375 3781 3432 3849 2,
3461 3785 3520 3834 et
3544 3777 3776 3837 Navarr.
3807 3780 3862 3835 in
3889 3777 4040 3834 Com.

2457 3862 2526 3921 de
2551 3863 2663 3922 dat.
2693 3870 2750 3922 et
2777 3867 3000 3937 promis.
3036 3881 3091 3921 n.
3120 3867 3174 3923 6.
3205 3867 3340 3924 Item
3363 3865 3554 3924 Glossa
3579 3868 3632 3925 in
3659 3883 3714 3925 c.
3756 3873 3808 3926 1.
3838 3866 3908 3926 de
3929 3867 4043 3927 Cle-

2458 3955 2560 4012 ric.
2604 3970 2708 4012 non
2746 3954 2910 4013 resid.
2953 3955 3006 4012 in
3050 3961 3105 4014 6.
3139 3956 3307 4014 verbo
3346 3959 3702 4033 receperint,
3749 3963 3809 4015 et
3847 3959 3904 4015 in
3933 3959 4046 4016 Cle-

2459 4049 2630 4100 ment.
2665 4048 2715 4102 1.
2751 4043 2818 4102 de
2849 4050 3066 4103 testam.
3091 4044 3259 4104 verbo
3281 4043 3594 4121 deputatis,
3623 4055 3680 4106 et
3705 4047 3758 4104 in
3783 4048 4041 4107 Clement.

2458 4137 2516 4194 2.
2549 4133 2617 4190 de
2645 4141 2846 4209 aetate,
2867 4141 2927 4193 et
2946 4135 3138 4209 qualit.
3165 4135 3334 4193 verbo
3355 4141 3754 4212 inposterum,
3781 4140 3911 4195 etin
3933 4140 4046 4197 Cle·

2458 4231 2628 4282 ment.
2668 4229 2720 4285 1.
2750 4223 2818 4282 de
2847 4239 3100 4283 concess.
3133 4227 3388 4298 praeben.
3420 4228 3588 4286 verbo
3616 4243 3909 4286 concesso.
3943 4231 4046 4286 Ra-

2459 4314 2533 4371 tio
2555 4321 2764 4372 ·autem
2801 4317 3002 4389 prioris
3040 4315 3210 4390 partis
3245 4317 3513 4390 generalis
3553 4324 3642 4374 est
3677 4333 3852 4390 supra
3877 4325 4041 4390 tacta,

2458 4405 2586 4479 quia
2633 4405 2718 4463 lex
2765 4407 2988 4479 ponitur
3035 4412 3098 4464 ut
3143 4407 3334 4482 regula
3371 4407 3742 4466 humanorum
3795 4416 4038 4482 actuo-3

2458 4495 2677 4570 quando
2712 4503 2895 4556 autem
2929 4498 3216 4556 constituit
3245 4514 3447 4557 novum
3473 4500 3595 4574 ius,
3623 4499 3926 4558 introducit
3951 4517 4042 4558 no-

2458 4603 2581 4645 vam
2603 4587 2870 4674 ‚regulam
2913 4588 3206 4661 operandi:
3249 4605 3382 4664 ergo
3422 4605 3490 4647 ex
3516 4594 3714 4647 natura
3749 4606 3855 4648 sua
3878 4591 4044 4648 fertur

2459 4694 2560 4750 pro
2592 4677 2804 4735 actibus
2835 4678 3055 4754 suturis,
3087 4678 3214 4752 quia
3239 4680 3525 4752 praeteriti
3539 4681 3654 4736 iam
3674 4696 3787 4737 non
3809 4680 4046 4756 indigent

2459 4769 2686 4844 regula,
2731 4770 2840 4826 imo
2882 4785 2985 4827 nec
3024 4777 3154 4827 sunt
3189 4785 3425 4842 capaces
3462 4769 3624 4828 illius.
3661 4771 4044 4843 confirmatur,

2462 4858 2591 4932 quia
2631 4866 3019 4934 praeceptum,
3061 4866 3125 4916 ut
3163 4859 3270 4918 tale
3308 4866 3424 4936 est,
3464 4876 3572 4918 non
3612 4866 3794 4934 potest
3830 4861 3952 4920 dari
3985 4861 4048 4920 de

2457 4951 2752 5021 praeterito
2779 4955 2930 5022 actu,
2962 4949 3058 5007 sed
3085 4950 3152 5008 de
3178 4949 3392 5023 futuro,
3424 4956 3490 5007 ut
3517 4966 3614 5024 per
3635 4967 3694 5008 se
3715 4959 3971 5028 constat3
3995 4959 4048 5010 at

2460 5041 2548 5097 lex
2587 5045 2650 5097 ut
2687 5048 2775 5098 est
2813 5041 3195 5114 constitutiva,
3237 5048 3324 5099 est
3348 5049 3705 5116 praeceptum
3731 5043 4041 5119 quoddam,

2459 5146 2616 5206 ergo.
2646 5131 2760 5189 lmo
2799 5129 2924 5188 hinc
2950 5131 3111 5190 etiam
3136 5132 3478 5208 intelligitur,
3509 5133 3685 5208 legem
3704 5176 3720 5204 ‚
3755 5143 3821 5193 ut
3846 5135 4042 5212 legem,

2461 5221 2710 5280 absolute
2749 5221 3055 5296 loquendo,
3096 5223 3277 5282 solum
3304 5223 3498 5282 cadere
3525 5225 3582 5281 in
3610 5225 3832 5283 futuros
3858 5233 4044 5300 actus,

2459 5329 2569 5372 non
2604 5313 2658 5372 in
2694 5313 3056 5388 praeteritos,
3096 5313 3228 5390 quia
3253 5314 3336 5373 lex
3363 5319 3430 5375 ut
3455 5313 3541 5374 lex
3564 5314 3928 5378 essentialiter
3957 5325 4045 5378 est
