4325 6267
1782 369 1992 418 CAPUT
2021 371 2124 419 111.

317 503 533 565 torum,
575 491 928 549 nihilominus
966 489 1286 564 simpliciter
1325 496 1410 549 est
1449 489 1841 564 metaphorica,
1872 499 1928 550 et

317 583 474 642 valde
511 583 773 655 analoga,
811 589 868 638 et
900 580 1020 638 ideo
1056 582 1226 638 etiam
1254 597 1402 638 nunc
1431 581 1575 638 illam
1604 580 1922 652 omittimus3

321 672 461 730 infra
488 672 633 729 enim
659 670 699 726 l.
734 676 792 740 2,
821 685 875 726 c.
902 669 1040 726 vlu.
1065 657 1385 742 explicando
1407 673 1495 727 ius
1515 669 1779 744 gentium,
1807 685 1930 726 sen-

317 779 446 819 sum
474 762 756 834 proprium
784 757 1000 816 illarum
1021 757 1204 833 legum
1228 760 1556 832 investigare
1577 758 1924 815 conabimur.

399 857 458 908 8.
489 851 600 907 Lex
633 865 768 922 ergo
808 848 1072 905 naturalis
1110 849 1353 920 propria,
1384 866 1527 923 quae
1555 848 1622 906 ad
1658 848 1928 905 moralem

322 941 638 998 doctrinam
663 945 721 995 et
745 938 1076 1011 theologiam
1106 940 1362 1011 pertinet,
1393 946 1481 996 est
1509 940 1620 1008 illa,
1653 954 1795 1012 quae
1825 938 1928 994 hu·

319 1044 516 1088 manae
553 1028 722 1084 menti
763 1025 962 1083 insidet
1002 1026 1070 1083 ad
1111 1027 1538 1085 discernendum
1579 1027 1870 1084 honestum
1899 1041 1932 1081 a

323 1119 501 1190 turpi,
522 1119 674 1173 iuxta
699 1114 845 1172 illud·
857 1115 994 1188 psal.
1021 1120 1076 1174 4:
1112 1119 1260 1192 Quis
1279 1115 1534 1174 ostendit
1554 1117 1722 1174 nobis
1744 1115 1932 1172 bona?

324 1210 650 1280 Siqnatum
670 1210 756 1262 cst
774 1220 954 1279 super
969 1221 1074 1262 nos
1095 1203 1296 1263 lumen
1313 1205 1510 1263 vultus
1525 1209 1631 1274 tui,
1653 1207 1928 1272 Domine;

325 1303 390 1354 ut
423 1293 684 1367 explicuit
721 1293 777 1351 d.
818 1293 1014 1350 Thom.
1046 1294 1103 1351 d.
1135 1311 1192 1368 q.
1227 1300 1323 1365 91,
1356 1302 1462 1353 art.
1495 1301 1550 1364 2,
1583 1294 1676 1351 ubi
1703 1293 1934 1351 conclu-

325 1383 432 1456 dit,
457 1384 629 1456 legem
655 1381 962 1439 naturalem
982 1397 1102 1439 esse
1113 1386 1648 1458 participationem
1669 1381 1811 1456 legis
1833 1397 1934 1438 ae-

325 1476 534 1554 ternae
553 1473 620 1527 in
636 1469 930 1528 rationali
955 1475 1260 1529 creatura.
1285 1474 1356 1528 Et
1374 1474 1428 1528 in
1461 1476 1519 1542 4,
1544 1471 1600 1528 d.
1628 1475 1724 1541 33,
1751 1476 1854 1528 art.
1883 1474 1926 1528 l:

331 1564 498 1636 Quia
535 1562 736 1628 homo,
779 1560 980 1633 inquit,
1011 1563 1163 1618 inter
1189 1568 1433 1619 caetera
1457 1563 1806 1618 animantia
1830 1575 1932 1616 ra-

327 1654 550 1708 tionem
561 1649 714 1722 finis
741 1651 1057 1722 cognoscit,
1093 1653 1149 1706 et
1167 1653 1613 1725 proportionem
1635 1651 1827 1723 operis
1849 1646 1933 1704 ad

306 1740 541 1813 finem,-
579 1737 710 1796 ideo
745 1737 1050 1797 naturalis
1085 1743 1386 1815 conceptio
1421 1743 1478 1796 ei
1512 1737 1737 1803 indita,
1779 1752 1934 1809 quae

323 1829 617 1904 dirigitur
642 1827 728 1888 ad
754 1827 1129 1904 operandum
1157 1831 1592 1896 convenienter,
1630 1827 1729 1883 lex
1755 1830 1934 1884 natu-

320 1916 478 1976 ralis
507 1933 614 1975 seu
639 1920 735 1974 ius
765 1915 1048 1977 naturale
1077 1917 1335 1986 dicitur;
1364 1919 1428 1974 in
1460 1918 1711 1974 caeteris
1732 1919 1935 1987 autem

327 2005 642 2065 naturalis
669 2009 1010 2064 aestimatio
1038 1998 1304 2064 vocatur.
1338 2007 1407 2062 Et
1434 2005 1541 2062 hoc
1565 2005 1725 2063 etiam
1748 2009 1934 2076 aperte

334 2098 505 2153 sensit
541 2096 736 2153 Cicero
779 2095 872 2152 lib.
911 2101 966 2154 2.
999 2093 1072 2153 de
1098 2097 1296 2170 Leqib.
1325 2097 1460 2153 Nam
1490 2100 1618 2167 post
1647 2095 1809 2151 verba
1843 2110 1935 2149 su-

330 2201 430 2258 pra
457 2186 628 2242 citata
653 2184 721 2241 de
749 2185 869 2258 lege
897 2192 1119 2242 aeterna
1147 2185 1367 2243 subdit:
1397 2190 1497 2243 Ea·
1525 2201 1648 2257 qua
1677 2183 1789 2241 illa
1807 2183 1924 2252 Iex,

323 2290 511 2346 quam
539 2277 645 2331 Dii
671 2276 934 2333 humano
955 2278 1157 2347 qeneri
1175 2272 1482 2343 dederunt,
1513 2279 1669 2331 recte
1690 2279 1774 2330 est
1801 2275 1936 2331 lau-

323 2364 516 2432 data,·
559 2369 645 2422 est
679 2367 840 2421 enim
872 2368 1060 2432 ratio,
1109 2381 1386 2439 mensque
1417 2368 1703 2438 sapientis
1731 2362 1816 2421 ad
1841 2367 1934 2420 iu-

325 2452 578 2511 bendum
613 2458 670 2510 et
705 2453 789 2512 ad
813 2452 1228 2512 deterrendum
1253 2453 1494 2512 idonea.
1530 2456 1610 2511 lta
1635 2470 1766 2526 ergo
1797 2453 1932 2510 haec

326 2543 410 2600 lex
441 2542 708 2600 naturalis
734 2543 960 2617 dieitur,
989 2560 1096 2601 non
1121 2545 1301 2602 solum
1323 2551 1494 2617 prout
1514 2545 1764 2601 naturale
1787 2561 1816 2600 a
1839 2561 1932 2600 su-

325 2632 668 2706 pernaturali
705 2629 1096 2706 distinguitur,
1143 2632 1238 2690 sed
1267 2635 1428 2690 etiam
1461 2639 1628 2705 prout
1653 2631 1934 2704 distingui·

327 2729 423 2778 tur
465 2736 498 2777 a
539 2720 729 2779 libero.
774 2722 894 2778 Non
935 2720 1062 2794 quia
1089 2721 1214 2797 eius·
1233 2723 1491 2778 executio
1522 2720 1789 2778 naturalis
1828 2721 1931 2793 sit,

329 2826 428 2867 seu
472 2826 540 2867 ex
579 2813 906 2868 necessitate
945 2810 1072 2883 fiat,
1111 2810 1256 2867 sieut
1279 2810 1530 2868 executio
1558 2809 1826 2867 naturalis
1855 2811 1934 2866 in·

325 2899 633 2956 clinationis
662 2905 746 2956 est
773 2899 826 2954 in
853 2898 1034 2956 brutis
1061 2898 1146 2956 vel
1173 2898 1338 2956 rebus
1367 2899 1647 2967 inanimis,
1681 2897 1775 2956 sed
1805 2898 1934 2972 quia

323 2989 410 3047 lex
451 2988 541 3046 illa
583 2995 668 3046 est
705 2988 877 3045 veluti
913 2987 1221 3061 proprietas
1258 2987 1528 3061 quaedam
1570 2973 1932 3056 naturaeset

323 3079 457 3152 quia
505 3081 650 3135 Deus
698 3079 814 3152 ipse
861 3077 1010 3134 illam
1056 3083 1288 3134 naturae
1324 3065 1579 3134 inseruit.
1618 3079 1690 3135 Et
1725 3092 1791 3132 ex
1828 3075 1932 3132 hae

326 3173 486 3238 parte
524 3166 686 3224 etiam
716 3172 803 3223 est
829 3165 1008 3222 divina
1035 3165 1171 3223 haec
1203 3165 1312 3238 lex,
1346 3173 1612 3239 tanquam
1638 3182 1670 3222 a
1697 3167 1804 3222 Deo
1833 3168 1934 3221 im-

323 3255 559 3313 mediate
599 3255 740 3326 lata,
784 3263 850 3313 ut
885 3255 1058 3312 sensit
1081 3254 1138 3310 d.
1169 3255 1361 3312 Thom.
1392 3255 1545 3313 dicta
1570 3271 1629 3327 q.
1662 3258 1757 3326 91,
1787 3260 1843 3310 et
1870 3269 1927 3326 q.

327 3351 426 3418 94,
465 3352 572 3402 art.
618 3351 674 3418 6,
716 3345 810 3402 ubi
852 3345 1079 3402 adducit
1102 3345 1158 3402 d.
1191 3344 1561 3418 Augustinum
1588 3347 1644 3402 2.
1686 3340 1926 3413 Confes-

329 3439 562 3492 sionum
599 3451 654 3492 c.
687 3440 743 3494 4.
776 3435 1056 3512 dicentem
1087 3435 1158 3492 ad
1185 3439 1388 3492 Deum:
1418 3439 1544 3492 Lea·
1570 3437 1681 3490 tua
1705 3436 1934 3507 scripta

326 3530 412 3582 est
438 3525 505 3580 in
531 3521 800 3580 cordibus
824 3524 1168 3591 hominunm
1189 3521 1338 3596 quod
1360 3524 1572 3580 dictum
1595 3529 1682 3580 est
1703 3528 1930 3594 propter

259 3644 273 3671 ,r
328 3612 506 3686 legem
543 3611 882 3670 naturalem:
927 3611 1070 3671 unde
1099 3610 1233 3668 dixit
1259 3611 1311 3667 in
1341 3610 1464 3667 libr.
1493 3615 1551 3670 2.
1582 3609 1654 3667 de
1680 3626 1930 3666 sermone

249 3689 260 3753 .·'
325 3701 536 3758 Domini
575 3703 626 3758 in
653 3709 838 3758 monte
866 3717 990 3774 cap.
1025 3705 1080 3772 9,
1111 3699 1353 3757 nullam
1378 3716 1502 3757 esse
1529 3703 1832 3767 animam,
1867 3702 1933 3756 in

245 3820 252 3852 :
323 3793 491 3848 cuius
526 3793 886 3848 conscientia
911 3806 1033 3846 non
1060 3788 1344 3863 loquatur
1375 3793 1555 3846 Dens.
1596 3792 1742 3865 Quis
1769 3793 1931 3846 enim

245 3894 252 3905 ·
328 3879 535 3936 scribit
569 3865 640 3936 in}
674 3877 952 3936 cordibus
989 3879 1300 3935 hominum
1337 3876 1686 3936 naturalem
1711 3877 1926 3950 tepent,

247 3992 254 4015 ι
326 3970 448 4024 nisi
473 3968 677 4025 Deus?
703 3967 1138 4040 Expressiusque
1166 3967 1309 4024 hane
1347 3967 1524 4042 legem
1561 3965 1796 4023 divinam
1839 3981 1933 4037 ap-

328 4057 496 4129 pellat
523 4057 719 4114 Isidor.
752 4056 848 4114 lib.
878 4065 933 4116 5.
964 4055 1226 4132 Etymol.
1253 4073 1310 4115 c.
1334 4063 1390 4116 2.
1414 4059 1595 4130 Atque
1615 4071 1678 4113 ex
1705 4056 1788 4112 bis
1814 4062 1931 4113 tan-

327 4146 456 4204 dem
485 4152 734 4218 constat,
765 4163 930 4220 quam
962 4148 1033 4205 sit
1061 4147 1369 4204 necessaria
1393 4154 1451 4204 et
1477 4146 1625 4205 utilis
1655 4147 1790 4203 haec
1820 4146 1928 4218 lex,

329 4252 461 4292 eum
492 4236 544 4290 in
565 4251 632 4292 ea
653 4237 828 4307 posita
851 4237 923 4294 sit
943 4234 1196 4294 discretio
1217 4236 1354 4294 inter
1375 4237 1670 4292 honestum
1693 4241 1750 4292 et
1773 4241 1930 4306 turpe

329 4325 380 4380 in
411 4325 662 4382 rationali
691 4332 914 4382 natura.
940 4325 1328 4383 Verumtamen
1352 4324 1489 4382 haee
1514 4326 1692 4382 omnia
1715 4325 1930 4398 longam

325 4414 619 4487 requirunt
655 4415 1118 4488 declarationem,
1164 4416 1262 4475 sed
1302 4431 1370 4472 ne
1409 4404 1654 4472 ordinem
1696 4417 1931 4471 inverta-

327 4520 452 4560 mus
478 4547 494 4575 ,
537 4511 596 4560 et
633 4503 1039 4562 confundamus
1067 4505 1269 4578 omnia,
1301 4505 1352 4561 in
1383 4505 1582 4562 librum
1611 4510 1930 4577 sequentem

325 4593 472 4651 illam
499 4609 870 4651 reservamus.
1327 4615 1334 4622 ·

407 4684 672 4754 Superest
712 4682 1008 4739 dicendum
1035 4681 1105 4740 de
1131 4682 1366 4756 quadam
1397 4683 1768 4740 subdivisione
1797 4681 1930 4755 legis

327 4771 621 4842 naturalis3
655 4761 828 4842 ¹prius
883 4777 1066 4828 autem
1118 4779 1338 4844 oportet
1385 4774 1590 4845 aliquid
1637 4772 1818 4829 dicere
1863 4772 1930 4829 de

327 4867 526 4933 quarta
553 4861 672 4932 lege
701 4876 730 4916 a
759 4860 982 4917 Platone
1010 4863 1212 4932 posita,
1237 4879 1406 4936 quam
1431 4863 1723 4919 humanam
1747 4862 1931 4934 appel-

330 4949 482 5019 lavit,
515 4955 572 5004 et
597 4949 831 5020 pertinet
857 4948 922 5005 ad
951 4950 1034 5005 ius
1055 4949 1213 5023 illud,
1239 4949 1386 5024 qued
1409 4953 1573 5008 Arist.
1603 4954 1930 5028 vocavitius

331 5034 550 5110 leqale,
595 5037 745 5110 quod
785 5039 900 5109 ipse
936 5040 1012 5094 ita
1050 5037 1378 5112 descripsit:
1418 5044 1528 5096 Est
1554 5043 1674 5108 ius,
1709 5039 1862 5113 quod
1889 5057 1931 5096 a

314 5128 620 5201 principio
661 5123 812 5183 nihil
853 5123 1068 5197 refert:
1089 5132 1409 5207 postquam
1437 5133 1637 5185 autem
1671 5133 1932 5204 positum

325 5221 438 5282 est,
485 5213 747 5274 multum
786 5213 988 5288 refert.
1033 5217 1185 5284 Quod
1223 5233 1286 5274 ex
1325 5224 1479 5292 parte
1519 5218 1774 5276 materiae
1806 5219 1928 5276 talis

3442 355 3517 416 11

1997 493 2134 549 iuris
2177 491 2585 566 intelligendum
2625 501 2743 563 est,
2785 495 2915 568 quia
2953 499 3208 551 versatur
3249 494 3399 551 eirca
3425 496 3596 552 actio·

1997 595 2118 654 nes,
2149 598 2293 655 quae
2321 581 2543 639 secluso
2573 582 2663 638 tali
2690 585 2808 640 iure
2836 599 2944 640 non
2973 589 3159 640 essent
3187 583 3291 640 sub
3316 583 3595 656 obligatio-

1997 687 2093 744 ne3
2126 687 2227 744 per
2254 670 2387 728 illud
2418 677 2599 728 autem
2623 671 2945 730 efficiuntur
2966 674 3325 730 necessariae.
3354 673 3597 745 Denique

1997 759 2067 816 ad
2099 758 2205 816 hoc
2244 760 2553 817 membrum
2593 767 2845 832 spectant
2878 760 2997 817 illae
3034 763 3209 834 leges,
3240 777 3378 835 quas
3404 763 3601 820 Cicero

1996 847 2089 904 lib.
2132 847 2571 922 2.de·Le9ibus,
2609 865 2641 906 a
2670 849 2786 922 lege
2815 857 3035 906 aeterna
3060 859 3117 908 et
3144 851 3379 908 naturali
3407 850 3601 908 distin-

1998 940 2150 1011 guit,
2191 943 2250 994 et
2284 938 2575 1009 populares
2612 947 2793 995 vocat.
2840 941 2950 996 Nos
2988 947 3173 996 autem
3206 955 3355 997 more
3384 941 3597 998 theolo-

1997 1043 2201 1099 gorum
2223 1027 2395 1098 legem
2426 1034 2673 1083 creatam
2701 1044 2801 1084 seu
2827 1029 3181 1101 temporalem
3208 1031 3259 1086 in
3283 1030 3594 1086 naturalem

1997 1124 2056 1175 et
2095 1117 2381 1188 positivam
2420 1115 2733 1189 divisimus,
2779 1119 2909 1190 quia
2949 1118 3180 1189 positiva
3219 1118 3379 1175 latius
3424 1125 3593 1190 patet,

2000 1223 2169 1281 quam
2198 1206 2457 1263 humana.
2489 1207 2588 1263 Est
2613 1207 2753 1262 enim
2783 1206 3212 1274 advertendum,
3240 1206 3591 1278 philosophos

2000 1312 2109 1353 non
2139 1297 2425 1368 agnovisse
2462 1296 2939 1368 supernaturalem
2969 1296 3250 1353 hominum
3280 1297 3472 1369 tinem,
3499 1295 3595 1354 sed

2001 1386 2183 1442 solum
2222 1384 2291 1442 de
2330 1383 2498 1441 huius
2538 1387 2674 1442 vitae
2714 1385 2933 1459 aliquali
2972 1387 3225 1442 felicitate
3249 1428 3263 1454 ,
3298 1387 3382 1442 vel
3414 1386 3597 1457 potius

2001 1474 2348 1530 convenienti
2372 1479 2542 1545 statu,
2572 1472 2641 1530 ad
2672 1473 2815 1530 illam
2843 1475 2895 1530 in
2925 1489 3059 1545 paee
3088 1480 3142 1531 et
3168 1475 3374 1531 iustitia
3402 1475 3594 1531 transi-

1999 1562 2267 1636 gendam,
2312 1569 2616 1631 tractasse,
2646 1565 2783 1620 etin
2826 1562 3012 1621 ordine
3050 1562 3118 1619 ad
3160 1563 3308 1619 hunc
3342 1565 3502 1619 linem
3532 1564 3597 1621 de

2001 1651 2217 1724 legibus
2248 1651 2660 1724 considerasse;
2690 1660 2747 1709 et
2772 1655 2845 1708 ita
2874 1654 3183 1710 naturalem
3210 1653 3387 1726 legem
3416 1654 3601 1722 solum

2003 1742 2071 1798 ab
2094 1741 2367 1814 humana,
2401 1757 2567 1814 quam
2598 1759 2697 1799 nos
2724 1743 2933 1799 civilem
2964 1742 3238 1815 appellare
3268 1757 3593 1815 possumus,
3633 1816 3637 1820 Α

2003 1831 2345 1902 distinxisse,
2383 1829 2450 1887 de
2480 1847 2592 1904 qua
2619 1831 2801 1887 statim
2832 1830 3036 1904 aliquid
3064 1830 3335 1888 dicamne.
3370 1833 3437 1888 At
3466 1847 3599 1887 vero

2003 1937 2134 1977 cum
2176 1919 2308 1976 fides
2348 1918 2578 1992 doceat,
2612 1921 2860 1978 homines
2902 1921 2969 1978 ad
3011 1921 3169 1976 finem
3210 1927 3601 1992 supernatura·

2004 2011 2110 2068 lem
2138 2011 2285 2068 vitae
2314 2010 2535 2067 futurae
2562 2026 2661 2082 per
2690 2011 3065 2067 convenientia
3090 2010 3267 2066 media
3289 2011 3339 2066 in
3364 2010 3469 2067 hac
3494 2012 3603 2066 vita

2002 2098 2323 2172 exequenda
2371 2099 2643 2170 ordinari,
2688 2106 2837 2156 reete
2878 2115 3037 2156 sacra
3083 2100 3355 2172 theologia
3402 2099 3591 2172 infert,

2003 2190 2165 2263 longe
2197 2190 2353 2246 aliter
2380 2203 2501 2246 esse
2522 2189 2887 2245 necessariam
2911 2189 3053 2244 hanc
3077 2189 3247 2260 legem
3270 2187 3595 2259 naturalem,

2002 2286 2058 2336 et
2084 2277 2339 2350 pluribus
2371 2277 2581 2351 legibus
2604 2277 2847 2349 positivis
2870 2271 3115 2334 homines
3138 2277 3402 2350 indigere,
3426 2293 3595 2350 quam

2003 2367 2162 2425 iidem
2194 2365 2499 2439 philosophi
2528 2367 2735 2424 fuerint
2760 2368 3019 2424 assecuti.

2080 2462 2135 2516 9.
2176 2457 2338 2514 Circa
2372 2456 2549 2530 legem
2583 2472 2718 2529 ergo
2754 2456 3063 2514 naturalem
3098 2455 3266 2513 docet
3304 2456 3600 2530 theologia,

2002 2546 2276 2603 hominem
2314 2544 2625 2602 secundum
2662 2543 2940 2618 duplicem
2978 2552 3263 2618 naturam,
3308 2552 3363 2601 et
3400 2544 3604 2618 duplex

2001 2636 2231 2692 rationis
2272 2635 2458 2692 lumen
2485 2634 2827 2700 considerari
2863 2652 3049 2706 posse.
3083 2638 3263 2693 Primo
3297 2634 3605 2692 secundum

2006 2741 2203 2797 puram
2232 2731 2485 2782 naturam
2503 2767 2518 2797 ,
2544 2740 2643 2780 seu
2668 2724 3030 2781 substantiam
3058 2725 3269 2780 animae
3306 2723 3604 2796 rationalis,

2001 2820 2058 2873 et
2093 2820 2501 2887 consequenter
2540 2812 2846 2870 secundum
2892 2812 3115 2870 rationis
3156 2812 3340 2868 lumen
3370 2811 3441 2868 illi
3468 2826 3601 2867 eon-

2003 2900 2291 2974 naturale,
2335 2899 2582 2958 secundo
2637 2899 2789 2958 iuxta
2826 2906 3079 2957 naturam
3120 2901 3326 2974 gratiae
3366 2898 3605 2971 desuper

2004 2990 2209 3048 homini
2250 2990 2492 3061 infusae,
2534 2997 2590 3047 et
2625 2990 2931 3046 secundum
2968 2989 3213 3046 divinum
3243 3004 3307 3045 ac
3340 3003 3602 3060 superna-

2003 3079 2186 3137 turale
2214 3078 2398 3135 lumen
2430 3077 2584 3150 fidei,
2608 3093 2705 3150 per
2732 3078 2881 3150 quod
2913 3094 3010 3150 pro
3042 3085 3191 3135 statu
3222 3077 3336 3134 viae
3364 3067 3599 3149 r'egitur,

2001 3172 2060 3224 et
2096 3167 2461 3249 gubernatur.
2502 3169 2575 3223 Et
2600 3167 2754 3222 iuxta
2791 3165 2925 3222 haec
2968 3165 3081 3222 duo
3118 3166 3383 3238 principia
3409 3165 3603 3222 distin-

2001 3257 2126 3328 guit
2163 3255 2441 3326 duplicem
2484 3255 2657 3327 legem
2695 3254 3040 3325 naturalem,
3082 3255 3241 3311 aliam
3283 3255 3603 3327 simpliciter

2003 3345 2313 3402 naturalem
2352 3350 2614 3417 respectu
2653 3345 2918 3417 hominis,
2950 3344 3142 3416 aliam,
3174 3359 3318 3418 quae
3346 3343 3480 3400 lieet
3506 3360 3602 3399 su-

2001 3435 2365 3508 pernaturalis
2406 3434 2477 3490 sit
2516 3440 2775 3505 respectu
2818 3433 3050 3490 hominis
3083 3433 3239 3507 (quia
3278 3438 3431 3489 totus
3461 3429 3600 3488 ordo

1999 3524 2207 3596 gratiae
2243 3522 2319 3580 illi
2354 3522 2791 3594 supernaturalis
2819 3525 2966 3595 est),
2998 3520 3346 3579 nihilominus
3376 3527 3600 3577 natura-

2002 3614 2067 3670 lis
2107 3612 2218 3669 dici
2262 3619 2447 3685 potest
2486 3618 2743 3684 respectu
2784 3612 3020 3683 gratiae,
3064 3613 3194 3683 quia
3230 3611 3394 3667 etiam
3420 3608 3597 3682 gratia

2001 3701 2167 3760 habet
2208 3718 2366 3760 suam
2417 3702 2692 3773 propriam
2742 3701 3031 3757 essentiam
3077 3705 3136 3756 et
3174 3704 3457 3770 naturam,
3509 3698 3602 3754 eui

2002 3789 2368 3849 connaturale
2397 3796 2488 3847 est
2514 3789 2700 3846 lumen
2728 3787 3003 3859 infusum,
3028 3787 3117 3844 cui
3138 3790 3301 3844 etiam
3328 3791 3598 3844 connatu-

2001 3880 2114 3937 rale
2155 3887 2242 3938 est
2281 3895 2391 3936 non
2433 3879 2611 3935 solum
2639 3877 2874 3950 dirigere
2904 3877 3146 3934 homines
3176 3875 3242 3960 ad
3272 3882 3479 3932 rectam
3498 3916 3512 3940 ,
3544 3883 3603 3932 et

2001 3970 2289 4027 honestam
2306 4011 2321 4041 ,
2354 3983 2417 4024 ae
2449 3967 2685 4024 debitam
2710 3968 3072 4040 operationem
3095 3965 3594 4038 supernaturalem,

2001 4059 2096 4117 sed
2128 4059 2294 4115 etiam
2321 4055 2591 4129 depellere
2620 4055 2871 4113 tenebras
2899 4062 2955 4113 et
2978 4069 3199 4111 errores
3230 4054 3381 4110 eirca
3400 4055 3598 4124 ipsam-

2002 4155 2117 4207 met
2156 4147 2329 4220 legem
2370 4161 2507 4218 pure
2548 4146 2855 4202 naturalem
2882 4187 2897 4218 ,
2940 4151 2997 4200 et
3037 4143 3141 4200 sub
3183 4142 3359 4199 altiori
3398 4143 3600 4200 ratione

2001 4239 2315 4310 praecipere
2357 4235 2643 4308 ipsiusmet
2664 4235 2803 4308 legis
2832 4232 3099 4290 naturalis
3136 4232 3595 4289 observationem.

2001 4329 2089 4384 Sic
2119 4341 2252 4399 ergo
2288 4325 2395 4381 lex·
2416 4323 2681 4382 naturalis
2722 4322 2924 4395 duplex
2955 4321 3211 4392 distingui
3248 4327 3457 4392 potest,
3491 4337 3602 4377 una

2003 4432 2142 4490 pure
2182 4414 2483 4484 naturalis,
2514 4413 2620 4469 alia
2655 4411 2976 4483 simpliciter
3006 4403 3474 4481 supernaturalis,
3506 4425 3603 4466 na·

2005 4505 2201 4562 turalis
2224 4510 2407 4560 autem
2430 4504 2757 4574 respective,
2784 4517 2881 4573 per
2903 4501 3365 4572 comparationem
3389 4496 3456 4553 ad
3477 4514 3599 4569 gra-

2001 4596 2153 4651 tiam.
2180 4579 2331 4650 Unde
2360 4607 2492 4648 cum
2522 4590 2606 4648 lex
2634 4589 2905 4652 naturalis
2938 4591 3104 4646 etiam
3136 4603 3271 4660 pure
3298 4586 3477 4643 divina
3505 4589 3598 4660 sit,

2002 4686 2130 4757 quia
2172 4699 2205 4740 a
2231 4685 2341 4739 Deo
2372 4688 2586 4749 manat,
2618 4680 2796 4737 multo
2826 4679 2997 4752 magis
3027 4678 3111 4734 lex
3141 4676 3406 4733 naturalis
3434 4675 3599 4733 divini

2000 4771 2205 4831 ordinis
2233 4770 2412 4827 divina
2438 4775 2543 4826 est.
2576 4771 2711 4826 Nam
2740 4770 2888 4842 prior
2915 4773 3053 4824 esta
3076 4769 3183 4822 Deo
3208 4764 3477 4822 mediante
3500 4782 3599 4822 na-

2001 4869 2157 4934 tura,
2188 4876 2218 4916 a
2256 4875 2366 4933 qua
2402 4867 2619 4930 manat,
2661 4865 2921 4930 tanquam
2964 4855 3268 4928 proprietas
3310 4853 3462 4910 eius:
3498 4869 3598 4925 po-

2000 4953 2201 5010 sterior
2239 4957 2423 5007 autem
2459 4955 2546 5005 est
2584 4965 2614 5004 a
2658 4951 2765 5004 Deo
2809 4962 2905 5018 per
2936 4961 2993 5001 se
3022 4943 3335 5000 infundente
3362 4945 3596 5015 gratiam

2003 5050 2059 5101 et
2088 5045 2273 5114 ipsum
2306 5037 2729 5111 supernaturale
2756 5036 2938 5093 lumen
2964 5079 2977 5104 ,
3010 5051 3074 5092 ae
3106 5033 3396 5091 actualiter
3436 5035 3598 5090 etiam

1999 5119 2265 5204 dirigente
2295 5129 2545 5186 homines
2574 5125 2643 5184 ad
2673 5126 2961 5183 dictamina
2988 5123 3135 5181 illius
3159 5123 3289 5197 legis
3314 5123 3596 5195 perficien-

2001 5222 2069 5279 da
2099 5235 2199 5292 per
2228 5218 2428 5277 auxilia
2458 5219 2663 5290 gratiae
2691 5215 2977 5274 excitantis
3004 5221 3059 5272 et
3086 5213 3407 5272 adiuvantis.
