4325 6267
1795 316 2003 369 CAPUT
2031 319 2102 364 X.

312 438 440 492 tivo
455 440 694 505 tantum,
711 434 988 505 posterior
1009 434 1168 491 etiam
1191 437 1442 509 positive.
1470 438 1621 494 Prior
1643 454 1770 510 pars
1793 456 1924 496 con-

305 529 450 593 stat,
485 522 617 597 quia
651 522 736 579 lex
767 530 928 579 vetus
957 523 1203 580 stabilem
1233 526 1580 599 multumque
1600 542 1924 598 permanen-

306 618 426 667 tem
469 610 818 667 durationem
857 610 1078 682 hahuit,
1124 627 1233 669 non
1275 618 1452 669 tamen
1485 616 1920 689 irrevocabilem3

305 698 511 755 habuit
537 714 668 771 ergo
699 700 1114 770 perpetuitatem
1145 703 1470 775 negativam,
1501 706 1628 777 qnia
1652 706 1768 761 sine
1790 713 1928 762 tem-

299 789 467 859 poris
496 790 636 846 certi
669 789 986 845 limitatione
1016 790 1194 861 posita
1223 792 1346 864 fuit,
1381 800 1442 849 ut
1468 810 1566 865 per
1591 794 1764 851 multa
1789 802 1920 851 tem·

303 892 452 947 pora
482 875 741 946 duraret,
777 876 997 932 tandem
1026 894 1160 934 vero
1187 887 1446 937 revocata
1475 881 1594 937 fuit.
1628 885 1700 939 At
1728 882 1810 939 lex
1831 900 1926 939 no-

303 981 381 1021 va
425 964 590 1021 habet
630 966 915 1037 positivam
953 970 1402 1039 perpetuitatem,
1433 972 1562 1042 quia
1591 973 1790 1028 mutari
1819 988 1926 1028 non

301 1052 484 1109 debet
511 1068 690 1127 usque
721 1053 790 1109 ad
819 1054 978 1109 tinem
1007 1054 1226 1127 mundi3
1257 1059 1334 1113 ita
1359 1058 1500 1113 enim
1531 1057 1621 1115 hic
1652 1061 1925 1116 sumimus

303 1147 675 1212 perpetuum,
697 1143 1106 1213 comparatione
1127 1143 1268 1199 sacta
1292 1144 1359 1200 ad
1381 1145 1692 1203 subiectum
1715 1164 1811 1204 seu
1834 1163 1927 1220 ge·

303 1244 427 1285 nus
467 1230 801 1300 humanum,
843 1246 950 1286 non
989 1230 1056 1287 ad
1101 1237 1268 1288 totam
1306 1235 1702 1291 aeternitatem.
1736 1236 1924 1293 Solum

303 1325 514 1389 posset
545 1318 670 1390 quis
708 1318 961 1375 dubitare
998 1319 1064 1375 de
1105 1319 1224 1392 lege
1257 1323 1455 1391 veteri,
1485 1326 1612 1396 quia
1641 1339 1751 1380 non
1777 1326 1926 1382 vide-

309 1412 417 1461 tur
445 1403 714 1462 indefinite
747 1406 878 1477 lata,
905 1405 1000 1462 sed
1027 1423 1202 1479 usque
1225 1408 1532 1467 ad'certum
1555 1420 1797 1483 tempus,
1821 1414 1925 1469 sci-

309 1492 457 1549 licet
493 1492 677 1550 donec
713 1498 936 1550 veniret
969 1511 1194 1563 semen,
1239 1504 1306 1553 ut
1333 1498 1536 1555 dicitur
1563 1500 1630 1557 ad
1658 1502 1828 1559 Galat.
1867 1506 1919 1559 3.

309 1583 710 1654 Respondetur
737 1590 950 1650 tamen,
972 1591 1093 1640 esto
1122 1583 1228 1641 hoc
1259 1585 1331 1642 ita
1359 1588 1458 1657 sit,
1491 1588 1743 1646 habuisse
1771 1591 1924 1648 suffi-

307 1673 558 1728 cientem
607 1673 1022 1743 perpetuitatem
1064 1674 1403 1745 negativam,
1446 1677 1575 1748 quia
1605 1680 1778 1748 posita
1805 1685 1921 1751 est,

309 1768 382 1817 ut
408 1762 668 1833 duraret,
701 1760 876 1817 donec
907 1776 1004 1831 per
1034 1761 1198 1816 aliam
1227 1762 1507 1820 meliorem
1537 1765 1707 1837 legem
1735 1766 1924 1823 exelu-

307 1847 564 1919 deretur,
596 1851 709 1905 sive
739 1856 925 1921 postea
953 1852 1302 1907 revocatione
1331 1854 1567 1922 positiva
1594 1854 1920 1928 indiguerit,

312 1939 433 1993 sive
461 1952 561 2008 per
594 1954 656 1993 se
687 1938 1008 2006 cessaverit,
1041 1940 1188 1995 sacta
1216 1942 1514 1998 mutatione
1539 1959 1747 2016 rerum,
1773 1945 1921 2018 quod

311 2032 508 2096 postea
541 2042 644 2081 suo
671 2027 797 2084 loco
824 2028 1146 2084 videbimus.

397 2118 456 2171 4.
490 2114 748 2171 Secundo
774 2114 899 2172 loco
921 2118 1214 2178 dicendum
1239 2130 1326 2179 est
1347 2122 1412 2179 de
1434 2121 1551 2195 lege
1576 2122 1832 2195 humana,
1855 2123 1923 2180 de

309 2218 462 2275 qua,
514 2211 581 2260 ut
629 2211 844 2261 eertum
887 2211 1280 2280 supponimus,
1331 2228 1437 2268 non
1485 2227 1606 2267 esse
1635 2213 1704 2268 ita
1734 2228 1924 2283 perpe-

313 2298 474 2347 tuam
495 2332 512 2357 ,
547 2299 612 2348 ut
647 2296 712 2349 sit
752 2294 1148 2367 irrevocabilis3
1181 2316 1304 2355 nam
1335 2306 1390 2355 et
1417 2302 1694 2372 proximus
1724 2309 1920 2358 auctor

310 2381 438 2436 eius
469 2382 750 2438 mutabilis
776 2391 884 2451 est,
916 2392 972 2441 et
999 2388 1074 2443 ita
1104 2394 1286 2459 potest
1313 2390 1458 2446 illam
1481 2397 1718 2460 mutare,
1741 2399 1801 2448 et
1820 2408 1920 2462 po·

313 2474 428 2525 test
458 2472 626 2526 etiam
663 2472 782 2543 ipse
818 2472 1072 2543 deficere3
1103 2481 1160 2532 et
1186 2493 1482 2534 successor
1506 2479 1646 2548 eius,
1679 2481 1808 2551 quia
1835 2496 1924 2536 ae-

312 2556 500 2629 qualis
539 2564 630 2615 est
667 2564 974 2632 potestatis,
1020 2566 1217 2634 poterit
1255 2565 1402 2622 illam
1439 2574 1684 2635 mutare,
1717 2573 1777 2625 et
1807 2568 1922 2639 ipsa

309 2646 480 2702 etiam
517 2646 605 2703 lex
631 2663 697 2703 ex
727 2665 786 2705 se
811 2657 864 2705 et
891 2652 1100 2707 ratione
1129 2668 1262 2709 suae
1293 2656 1631 2711 materiaeet
1652 2654 1922 2713 humanae

314 2735 742 2793 consuetudinis
781 2738 1014 2797 deficere
1056 2748 1257 2813 potest,
1302 2752 1364 2799 ut
1401 2744 1539 2801 infra
1564 2761 1670 2801 suo
1695 2745 1818 2802 loco
1849 2746 1926 2801 la-

313 2824 432 2879 tius
475 2822 748 2901 dicemus.
779 2827 898 2883 Non
923 2835 1010 2885 est
1035 2845 1167 2903 ergo
1198 2832 1329 2889 haec
1364 2833 1446 2889 lex
1477 2834 1707 2905 positive
1733 2851 1923 2907 perpe-

317 2917 436 2967 tua.
472 2911 710 2969 Dubium
739 2930 868 2987 ergo
897 2916 1076 2973 solum
1101 2933 1222 2975 esse
1252 2926 1433 2991 potest
1458 2919 1526 2977 de
1555 2925 1923 2993 perpetuitate

313 3001 570 3073 negativa
591 3043 606 3071 ,
656 3018 797 3075 quae
833 3011 1050 3061 certum
1091 3022 1157 3063 ae
1186 3006 1464 3065 definitum
1494 3017 1708 3082 tempus
1735 3011 1925 3068 exclu-

313 3087 432 3145 dat.
479 3091 540 3145 ln
590 3105 701 3162 quo
737 3090 905 3149 dubio
944 3092 1088 3149 duae
1130 3102 1364 3166 possunt
1402 3098 1592 3154 referri
1621 3099 1918 3170 opiniones.

313 3177 501 3233 Prima
533 3186 715 3251 negat,
746 3183 1166 3251 perpetuitatem
1193 3183 1428 3256 aliquam
1457 3186 1678 3243 essande
1711 3188 1922 3244 ratione

317 3265 456 3337 legis
488 3267 780 3325 humanae.
812 3271 888 3325 lta
919 3272 1292 3329 sentitGlossa
1323 3279 1370 3341 1,
1395 3274 1446 3329 in
1468 3290 1593 3345 cap.
1628 3278 1675 3333 1.
1703 3276 1770 3332 de
1789 3291 1922 3331 con-

316 3355 496 3411 stitut.
535 3363 810 3427 quatenus
847 3357 1008 3430 dicit,
1052 3360 1264 3433 aliquos
1291 3377 1531 3418 canones
1559 3378 1682 3419 esse
1711 3370 1923 3436 tempo-

316 3441 483 3499 rales.
519 3444 848 3515 Expressius
881 3446 936 3501 id
963 3447 1127 3505 docet
1153 3450 1352 3505 Gomez
1382 3451 1434 3506 in
1461 3453 1700 3508 Prooem.
1738 3452 1803 3507 ad
1837 3468 1922 3508 re·

315 3528 476 3602 gulas
505 3532 746 3589 cancell.
781 3550 838 3607 q.
871 3540 904 3592 2
925 3576 940 3604 ,
984 3536 1051 3591 ad
1079 3542 1112 3594 2
1133 3579 1148 3608 ,
1193 3553 1324 3595 cum
1352 3540 1559 3595 Gemin.
1595 3540 1790 3596 consil.
1824 3544 1919 3608 93,

318 3635 486 3691 quem
515 3622 706 3679 refert.
737 3624 1034 3697 Potestque
1063 3626 1280 3697 probari
1309 3628 1507 3699 primo,
1537 3629 1668 3701 quia
1695 3644 1796 3685 nec
1825 3631 1918 3685 lsi-

315 3707 526 3773 dorus,
563 3726 662 3765 nec
691 3709 748 3766 d.
789 3711 1024 3767 Thomas
1052 3714 1194 3770 hanc
1224 3716 1589 3773 conditionem
1619 3724 1924 3789 posuerunt

317 3797 462 3853 inter
504 3798 768 3870 requisita
809 3800 878 3857 ad
917 3801 1093 3874 legem
1123 3802 1438 3861 humanam.
1472 3806 1760 3877 Secundo,
1791 3808 1920 3879 quia

319 3886 440 3941 sola
493 3886 708 3943 duratio
753 3895 842 3944 est
887 3889 1042 3946 valde
1083 3891 1479 3958 accidentaria,
1521 3893 1828 3968 pendetque
1855 3913 1920 3952 ex

321 3974 584 4045 principis
622 3976 938 4050 voluntate,
975 3977 1118 4035 unde
1148 3981 1192 4035 si
1221 3980 1304 4037 lex
1331 3983 1663 4054 generaliter
1691 3984 1918 4057 seratur,

321 4062 458 4119 licet
492 4080 593 4135 pro
633 4072 786 4122 certo
814 4074 1060 4139 tempore
1090 4067 1325 4139 seratur,
1356 4071 1462 4127 erit
1489 4088 1616 4127 vera
1647 4072 1766 4141 lex,
1797 4089 1919 4129 nam

319 4167 500 4225 aeque
537 4153 826 4226 obligabit,
867 4162 924 4211 et
963 4156 1184 4214 habebit
1215 4174 1402 4214 omnes
1431 4160 1563 4215 alios
1591 4162 1820 4218 effeetus
1851 4162 1923 4219 le·

318 4241 429 4312 gis.
471 4242 656 4297 Tertio
697 4243 999 4301 afferuntur
1041 4246 1291 4317 exempla
1317 4263 1386 4303 ex
1413 4263 1536 4319 cap.
1578 4254 1624 4305 1.
1659 4254 1753 4321 29,
1783 4250 1838 4306 d.
1869 4257 1926 4306 et

318 4344 390 4385 ex
419 4330 718 4403 Extravag.
748 4330 844 4388 Ad
868 4336 1152 4405 reqimem
1187 4334 1254 4390 de
1283 4338 1577 4407 praebend.
1611 4339 1749 4396 inter
1772 4355 1922 4396 com·

319 4433 554 4487 munes,
596 4426 653 4475 et
675 4436 743 4477 ex
769 4422 972 4495 regulis
1001 4422 1394 4497 cancellariae,
1427 4442 1569 4498 quae
1597 4428 1742 4499 leges
1771 4436 1920 4501 sunt,

325 4506 458 4562 licet
487 4524 594 4563 non
624 4510 733 4564 sint
759 4517 1076 4581 perpetuae.

407 4602 462 4653 5.
496 4598 752 4655 Secunda
779 4600 1040 4661 sententia
1070 4601 1326 4671 affirmat,
1360 4604 1778 4676 perpetuitatem
1803 4622 1926 4661 esse

321 4685 392 4741 de
429 4688 640 4741 ratione
675 4686 808 4759 legis
827 4728 842 4755 ,
873 4690 1064 4745 statuti
1092 4706 1190 4746 seu
1220 4692 1645 4750 constitutionis,
1677 4696 1755 4749 lta
1782 4700 1930 4752 tenet

320 4775 518 4832 Glossa
547 4776 756 4847 penult.
793 4778 844 4832 in
873 4780 976 4833 tine
1005 4778 1054 4833 in
1081 4794 1206 4850 cap.
1237 4786 1290 4835 A
1316 4780 1483 4837 nobis
1521 4786 1568 4853 1,
1593 4781 1922 4855 (16.391118111.

321 4863 790 4921 excommunicat.
829 4874 886 4921 et
913 4866 982 4921 ibi
1009 4868 1304 4923 Panormit.
1337 4884 1392 4923 n.
1433 4874 1523 4939 12,
1551 4876 1610 4925 et
1630 4870 1849 4926 Cardia.
1877 4872 1926 4927 in

322 4952 541 5024 repetit.
589 4968 716 5024 cap.
759 4952 1212 5027 Per-pendimus,
1248 4954 1316 5025 <je
1343 4963 1577 5013 sentent.
1610 4973 1930 5015 excommu-

323 5042 440 5096 nic.
471 5047 530 5098 et
551 5042 780 5097 Archid.
811 5044 863 5097 in
897 5058 1022 5113 cap·
1057 5046 1366 5101 Donatum
1401 5050 1457 5116 1,
1488 5060 1542 5118 q.
1582 5048 1609 5103 7
1635 5087 1650 5116 ,
1684 5046 1772 5103 ubi
1799 5064 1932 5103 con-

322 5129 499 5203 iungit
537 5128 629 5186 illa
669 5128 818 5203 duo,
862 5130 1011 5203 quod
1051 5132 1138 5189 lex
1193 5132 1355 5191 debet
1393 5149 1516 5191 esse
1565 5140 1831 5206 perpetua
1874 5144 1933 5193 et

3418 298 3502 358 43

1998 438 2351 507 communis,
2379 441 2433 491 et
2461 436 2596 492 citat
2622 450 2746 506 cap.
2778 438 2916 492 Erit
2942 440 3147 492 autem
3172 434 3295 502 lex,
3330 434 3387 491 d.
3423 439 3480 505 4,
3511 436 3603 491 ubi

1995 528 2064 585 de
2105 526 2467 601 perpetuitate
2506 523 2633 580 nihil
2672 522 2903 594 dicitur,
2949 522 3041 580 sed
3081 522 3147 579 de
3178 525 3597 581 communitate.

1994 616 2146 675 Unde
2180 616 2397 672 videtur
2435 629 2598 670 unam
2628 613 2997 670 conditionem
3024 629 3091 669 ex
3119 613 3292 669 altera
3320 612 3600 685 colligere.

1994 707 2053 761 ln
2097 704 2289 763 eadem
2334 702 2597 760 sententia
2636 709 2723 758 est
2756 702 2961 761 Bartol.
2996 702 3047 757 in
3078 702 3114 757 l.
3146 719 3347 759 omnes
3372 702 3597 777 populi,

1995 796 2052 851 ff.
2086 794 2156 851 de
2187 795 2363 850 iustit.
2395 800 2452 848 et
2481 792 2589 847 iur.
2620 792 2849 847 Navarr.
2880 791 2931 846 in
2958 791 3193 848 manual.
3222 808 3274 847 c.
3302 794 3398 861 27,
3420 808 3478 847 11.
3509 794 3600 849 74.

1997 885 2298 957 Potestque
2336 880 2479 938 sumi
2518 896 2585 935 ex
2623 879 2680 936 d.
2712 881 2919 936 Thoma
2965 885 3012 937 1.
3044 886 3111 949 2,
3143 896 3199 951 q.
3240 884 3374 949 104,
3406 886 3509 936 art.
3547 884 3600 937 3.

1995 971 2063 1027 ad
2094 977 2125 1029 3
2146 1012 2161 1042 ,
2202 977 2480 1044 quatenus
2507 969 2671 1038 dicit,
2710 974 3002 1040 praecepta
3029 967 3299 1025 iudicialia
3330 969 3399 1025 ab
3430 969 3602 1025 horni-

1994 1059 2158 1116 nibus
2188 1060 2439 1116 instituta
2468 1058 2667 1114 habere
2696 1064 3019 1129 perpetuam
3049 1057 3459 1131 obligationem3
3484 1056 3599 1115 ma-

1993 1156 2158 1205 nente
2202 1149 2295 1204 illo
2351 1153 2501 1203 statu
2542 1147 2841 1219 regiminiS.
2882 1145 3237 1218 Fundarique
3274 1148 3415 1203 solet
3462 1147 3598 1204 haec

1995 1238 2260 1295 sententia
2288 1240 2350 1303 iu=
2374 1236 2411 1292 l.
2438 1234 2684 1300 edenda,
2714 1236 2776 1290 C.
2803 1234 2871 1291 de
2894 1232 3127 1302 edendo,
3152 1235 3248 1301 ibi,
3272 1237 3461 1292 Prout
3482 1234 3601 1291 edi·

1995 1331 2074 1383 cti
2095 1329 2367 1400 perpetui
2394 1332 2589 1381 monet
2612 1326 2983 1383 auctoritas:
3006 1321 3103 1378 sed
3126 1322 3320 1379 melius
3344 1324 3399 1378 in
3422 1322 3459 1378 l.
3486 1328 3601 1379 Ar-

1993 1420 2231 1481 rianus,
2266 1416 2329 1471 C.
2354 1414 2423 1471 de
2452 1413 2659 1470 haeret.
2688 1411 2712 1479 ἕ
2748 1419 2796 1483 1,
2819 1415 2993 1468 lustit.
3018 1411 3085 1468 de
3108 1420 3319 1483 perpet.
3350 1419 3407 1468 et
3428 1418 3599 1483 temp.

1993 1506 2197 1560 action.
2243 1503 2458 1574 Optime
2500 1517 2629 1557 vero
2670 1516 2735 1559 ex
2779 1516 2904 1573 cap.
2953 1500 3053 1557 ult.
3099 1499 3166 1556 de
3198 1501 3380 1557 officio
3412 1501 3593 1572 legati,

1995 1592 2086 1647 ubi
2127 1582 2358 1658 dicitur,
2402 1596 2608 1646 statuta
2646 1588 2795 1645 edita
2833 1604 2865 1644 a
2893 1588 3072 1660 legato
3104 1588 3155 1643 iu
3186 1604 3287 1644 sua
3318 1588 3599 1659 provincia

1989 1680 2193 1737 durare
2232 1688 2493 1751 tanquam
2535 1685 2819 1749 perpetua.
2854 1677 2955 1733 Ubi
2993 1684 3081 1733 est
3115 1676 3595 1744 considerandum,

1992 1768 2281 1825 decretum
2313 1760 2447 1824 illud
2476 1766 2875 1824 declarativum
2901 1782 3046 1838 esse,
3081 1782 3185 1821 non
3212 1768 3595 1823 concessivum

1993 1858 2248 1931 specialis
2272 1857 2498 1927 favoris,
2525 1856 2785 1927 supponit
2805 1856 2947 1911 enim
2968 1857 3135 1926 Papa,
3164 1853 3412 1927 legatum
3433 1871 3597 1911 suum

1994 1962 2158 2017 posse
2188 1944 2429 2002 condere
2457 1950 2685 2014 statuta,
2717 1949 2775 2000 et
2800 1942 2924 1999 inde
2952 1959 3017 1998 ex
3042 1942 3247 1998 ratione
3271 1945 3461 1999 statuti
3482 1944 3597 1999 col·

1995 2034 2140 2107 ligit,
2183 2034 2313 2091 talia
2347 2039 2555 2091 statuta
2583 2032 2785 2090 durare
2811 2030 3103 2089 recedente
3134 2031 3337 2103 legato,
3365 2034 3493 2104 quia
3518 2035 3598 2089 ni-

1991 2124 2191 2181 mirum
2219 2124 2287 2181 de
2315 2126 2526 2179 ratione
2556 2122 2744 2178 statuti
2773 2129 2878 2193 est,
2915 2128 2977 2177 ut
3005 2121 3076 2177 sit
3103 2126 3450 2191 perpetuum.

2070 2214 2228 2271 Unde
2268 2214 2431 2270 etiam
2464 2214 2713 2271 sumitur
2752 2212 2921 2281 ratio,
2965 2225 3088 2266 nam
3120 2217 3473 2281 praeceptum
3500 2226 3595 2281 ge-

1993 2302 2178 2359 nerale
2216 2301 2404 2359 datum
2441 2316 2541 2371 pro
2578 2297 2692 2357 tota
2728 2299 3153 2367 communitate,
3190 2305 3247 2353 et
3283 2297 3348 2354 ad
3388 2298 3595 2356 bouum

1993 2406 2293 2449 commune
2316 2432 2331 2459 ,
2375 2391 2495 2445 eius
2537 2404 2645 2444 non
2674 2393 2761 2443 est
2788 2387 2908 2457 lex,
2938 2394 2995 2443 et
3022 2388 3071 2441 iu
3102 2386 3251 2441 nullo
3280 2385 3384 2443 alio
3412 2386 3596 2443 differt

1993 2496 2025 2536 a
2053 2480 2196 2552 lege,
2226 2480 2323 2535 nisi
2352 2480 2403 2535 iu
2433 2479 2833 2549 perpetuitate3
2862 2491 2997 2547 ergo
3026 2476 3244 2547 signum
3270 2482 3380 2539 est,
3406 2490 3599 2546 perpe-

1994 2572 2243 2625 tuitatem
2278 2582 2399 2623 esse
2426 2566 2493 2623 de
2521 2567 2731 2623 ratione
2760 2565 2912 2638 legis.
2942 2565 3107 2621 Maior
3138 2563 3404 2633 probatur
3408 2604 3433 2643 ι,
3465 2564 3595 2638 quia

1992 2656 2195 2712 habent
2231 2654 2463 2711 effectus
2504 2654 2739 2711 morales
2778 2652 2933 2709 valde
2972 2652 3237 2707 diversos.
3277 2654 3414 2708 Nam
3442 2651 3594 2708 diffe-

1993 2746 2230 2816 rentiae,
2274 2758 2374 2799 seu
2414 2742 2615 2799 diversi
2656 2741 2918 2809 effectus,
2961 2756 3103 2812 quos
3132 2740 3308 2795 solent
3337 2747 3593 2797 auctores
3628 2734 3643 2745 '

1995 2832 2239 2889 tribuere
2282 2846 2555 2889 censurae
2597 2831 2735 2887 latae
2776 2844 2871 2902 per
2896 2835 3198 2900 statutum,
3230 2829 3316 2885 vel
3344 2844 3443 2900 per
3468 2845 3592 2885 sen-

1995 2920 2217 2977 tentiam
2258 2918 2605 2992 generalem,
2650 2916 2947 2974 fundantur
2989 2917 3169 2973 solum
3212 2921 3265 2973 in
3292 2918 3593 2975 differentia

1993 3010 2269 3080 praecepti
2310 3014 2367 3063 et
2406 3007 2629 3078 statuti,
2661 3007 2789 3078 quia
2816 3006 3316 3063 excommunicatio
3344 3020 3440 3077 per
3469 3021 3594 3062 sen-

1993 3097 2217 3153 tentiam
2246 3095 2315 3151 ab
2342 3086 2559 3151 horriiue
2578 3100 2683 3162 est,
2707 3101 2762 3150 et
2784 3108 2881 3165 per
2901 3092 3459 3173 solum-praeceptum
3487 3093 3593 3150 ser-

1993 3192 2118 3252 tur,
2158 3199 2259 3256 per
2300 3188 2574 3239 statutum
2614 3188 2796 3238 autem
2836 3188 2921 3238 est
2955 3198 2988 3237 a
3024 3184 3174 3253 iure,
3211 3192 3273 3239 ut
3303 3183 3411 3239 late
3438 3190 3594 3240 notat

1991 3277 2237 3347 Francus
2278 3274 2331 3328 in
2373 3288 2498 3344 cap.
2532 3276 2836 3336 Romana,
2870 3278 2904 3336 s
2930 3276 3205 3337 caveant,
3242 3270 3307 3327 de
3348 3277 3586 3328 sentent.

1992 3363 2397 3420 excommunic.
2434 3360 2487 3417 iu
2520 3363 2585 3429 6,
2613 3366 2671 3415 et
2693 3360 2920 3416 covarr.
2954 3360 3008 3413 in
3036 3374 3161 3430 cap.
3192 3357 3392 3426 Alma,
3432 3376 3486 3430 p.
3527 3362 3589 3426 1,

1989 3458 2024 3518 s
2059 3457 2158 3522 10,
2190 3467 2247 3505 11.
2281 3454 2339 3505 2.
2370 3448 2542 3504 Minor
2578 3452 2761 3505 autem
2801 3453 2981 3519 patet,
3031 3448 3163 3518 quia
3190 3445 3318 3502 lieet
3347 3461 3379 3502 a
3406 3453 3589 3518 poste-

1991 3539 2124 3596 riori
2155 3540 2473 3610 assignetur
2500 3534 2799 3591 differentia
2830 3536 2969 3591 inter
2996 3540 3263 3591 statutum
3282 3539 3342 3590 et
3366 3550 3589 3606 praece-

1990 3632 2146 3700 ptum
2169 3628 2225 3682 in
2247 3625 2555 3695 effectibus,
2577 3640 2631 3679 v.
2650 3640 2706 3697 g.
2732 3624 2861 3696 quia
2882 3630 3153 3680 statutum
3176 3624 3309 3697 ligat
3330 3639 3440 3679 non
3458 3625 3590 3681 sub-

1989 3716 2132 3773 ditos
2161 3715 2215 3771 in
2248 3713 2524 3771 territorio
2552 3714 2881 3783 existentes,
2914 3718 3010 3768 aut
3036 3710 3447 3785 delinquentes,
3480 3729 3587 3769 non

1991 3810 2175 3861 autem
2206 3810 2596 3875 praeceptum,
2629 3804 2780 3858 iuxta
2809 3800 3023 3857 dictum
3060 3817 3187 3872 cap.
3220 3806 3277 3857 Α
3302 3802 3496 3863 nobis,
3538 3806 3587 3859 1.

1988 3894 2058 3949 de
2102 3897 2340 3949 sentent.
2382 3892 2792 3947 excommunic.
2835 3896 2892 3945 et
2920 3888 3215 3960 similibus,
3250 3895 3425 3945 tamen
3458 3890 3595 3945 haec

1989 3982 2279 4039 diversitas
2318 3981 2369 4035 in
2408 3978 2695 4035 effectibus
2735 3978 3001 4050 supponit
3026 3978 3429 4035 distinctionem
3460 3994 3594 4035 cau·

1993 4086 2181 4127 sarum
2229 4071 2278 4124 in
2322 4084 2379 4123 se
2420 4074 2477 4123 et
2520 4068 2570 4122 in
2599 4082 2703 4123 suo
2730 4082 2882 4134 esse,
2916 4065 3063 4123 nulla
3090 4074 3273 4123 autem
3302 4067 3405 4123 alia
3428 4081 3594 4123 exco-

1991 4159 2152 4233 gitari
2184 4165 2389 4229 potest,
2421 4159 2525 4213 nisi
2553 4159 2609 4212 in
2640 4158 3027 4228 perpetuitate.

2073 4253 2126 4306 6.
2158 4250 2308 4304 Haec
2351 4248 2621 4302 sententia
2665 4246 2967 4317 posterior,
2999 4245 3245 4302 absolute
3283 4244 3593 4317 loquendo,

1992 4344 2078 4395 est
2119 4338 2223 4393 luri
2262 4334 2630 4405 conformior3
2661 4335 2791 4405 quia
2818 4340 2998 4390 tamen
3028 4339 3358 4404 potestesse
3384 4334 3595 4391 dissen-

1995 4428 2077 4483 sio
2106 4425 2175 4481 de
2205 4422 2366 4481 modo
2390 4421 2667 4494 loquendi,
2692 4421 2809 4478 ideo
2832 4422 3127 4493 res·magis
3146 4420 3462 4493 explicanda
3484 4429 3593 4495 est,

1993 4521 2051 4572 et
2075 4512 2199 4569 inde
2226 4510 2381 4568 facile
2411 4509 2713 4581 constabit,
2744 4526 2812 4565 an
2840 4512 2987 4581 prior
3017 4512 3284 4566 sententia
3306 4511 3482 4581 possit
3502 4511 3597 4567 ali-

1993 4618 2161 4676 quem
2202 4616 2396 4657 verum
2437 4614 2659 4653 sensum
2692 4597 2911 4655 habere.
2942 4598 3075 4654 Dico
3103 4613 3259 4669 ergo,
3292 4598 3463 4670 legem
3494 4599 3595 4655 hu-

1999 4706 2211 4747 manam
2256 4687 2473 4760 proprie
2518 4684 2721 4743 dictam
2771 4686 3039 4758 triplicem
3086 4686 3281 4741 habere
3330 4687 3595 4743 moralem

1999 4780 2421 4852 perpetuitatem
2460 4791 2559 4830 seu
2599 4774 2971 4832 stabilitatem.
3017 4776 3195 4831 Prima
3234 4782 3409 4832 estex
3440 4780 3595 4846 parte

2001 4868 2249 4937 serentis3
2295 4868 2427 4937 quia
2467 4879 2571 4919 non
2600 4870 2911 4937 amovetur,
2943 4862 3033 4919 illo
3063 4871 3267 4933 amoto,
3299 4878 3401 4919 nec
3432 4864 3601 4919 mori-

2001 4966 2124 5029 tur,
2155 4956 2250 5013 illo
2279 4960 2519 5010 mortue.
2552 4952 2806 5010 Secunda
2832 4960 2914 5009 est
2938 4968 3007 5009 ex
3035 4960 3191 5024 parte
3220 4952 3592 5023 subditorum,

2000 5045 2068 5102 ad
2095 5060 2237 5117 quos
2266 5043 2471 5115 fertur,
2502 5041 2629 5113 quia
2657 5058 2765 5097 non
2795 5048 3007 5098 tantum
3036 5041 3237 5113 obligat
3260 5047 3594 5114 praesentes,

2000 5134 2094 5208 qui
2127 5133 2212 5191 vel
2240 5134 2351 5189 nati
2382 5137 2531 5203 sunt,
2562 5131 2643 5188 vel
2674 5131 3014 5189 territorium
3040 5130 3325 5204 incolunt,
3354 5146 3481 5187 cum
3510 5130 3595 5187 lex
