4325 6267
1745 356 1978 407 CAPUT.
2010 356 2103 407 IV.

286 486 702 561 iurisdictionis,
744 489 879 563 quia
904 496 961 547 et
996 502 1117 547 esse
1157 492 1341 561 potest
1369 488 1487 545 sine
1524 485 1635 545 ulla
1671 484 1892 543 iurisdi-

284 584 469 639 ctione
490 624 505 652 ,
530 580 587 637 id
612 586 698 635 est
723 580 843 637 sine
868 580 1189 651 episcopatu
1206 620 1223 651 ,
1250 588 1313 637 ut
1337 578 1541 635 dicitur
1562 580 1615 633 in
1645 592 1769 649 cap.
1794 578 1893 633 In·

282 676 377 729 ter
402 668 763 747 corporalia,
801 669 869 727 de
897 669 1149 727 translat.
1178 672 1423 741 episcop.
1455 668 1526 725 Et
1550 683 1582 725 e
1608 665 1890 724 contrario

284 760 596 819 iurisdictio
640 758 967 833 episcopalis
1007 766 1193 833 potest
1230 774 1375 831 esse,
1404 765 1461 817 et
1498 759 1741 817 exerceri
1778 756 1893 814 sine

283 854 724 911 consecratione.
759 851 913 909 Unde
947 850 1111 907 etiam
1150 849 1449 924 colligitur,
1492 849 1634 907 hanc
1676 845 1892 904 iurisdi-

281 932 529 1001 ctionem
584 958 693 998 non
744 940 1047 998 consistere
1086 942 1141 999 in
1194 940 1558 1013 applicatione
1606 937 1890 1011 materiae,

280 1048 429 1108 quae
456 1036 535 1091 sit
570 1032 833 1089 distincta
859 1047 891 1087 a
931 1036 1199 1104 potestate
1234 1046 1367 1089 vera
1392 1035 1449 1089 et
1486 1030 1707 1099 morali,
1750 1045 1894 1103 quae

280 1124 451 1182 datur
468 1125 731 1197 episcopo
762 1138 867 1195 per
895 1122 1306 1191 concessionem
1328 1120 1549 1178 omnino
1577 1119 1891 1178 distinctam

282 1232 319 1273 a
358 1215 813 1285 consecratione,
854 1228 951 1287 per
990 1212 1133 1270 hanc
1167 1214 1311 1271 enim
1349 1216 1677 1286 potestatem
1703 1210 1797 1267 ille
1835 1210 1893 1267 fit

282 1306 567 1379 superior,
607 1312 667 1363 et
690 1304 782 1363 alii
808 1304 946 1361 fiunt
970 1302 1202 1376 subditi,
1230 1318 1411 1379 neque
1436 1302 1541 1360 alia
1566 1302 1793 1361 materia
1819 1300 1890 1359 ibi

280 1397 541 1470 cogitari,
572 1402 672 1453 aut
694 1394 991 1453 desiderari
1018 1400 1217 1467 potest.

372 1491 426 1545 9.
457 1484 1099 1558 Tandemconfirmatur,
1120 1489 1177 1541 et
1197 1482 1510 1543 declaratur
1528 1497 1597 1541 ex
1622 1486 1890 1555 potestate

282 1578 601 1653 pontificia,
630 1590 773 1651 quae
800 1583 885 1633 est
919 1574 1087 1635 veluti
1124 1575 1362 1647 primum
1398 1574 1675 1647 exemplar
1712 1573 1889 1631 omnis

283 1667 572 1739 potestatis
616 1666 913 1741 spiritualis
956 1663 1379 1739 iurisdictionis;
1411 1680 1573 1723 nemo
1611 1664 1755 1722 enim
1794 1680 1890 1722 ne-

284 1757 460 1830 gabit,
486 1757 637 1815 illam
662 1772 785 1815 esse
812 1772 999 1815 veram
1028 1762 1354 1829 potestatem
1382 1757 1724 1830 spiritualem
1753 1756 1890 1815 acti·

285 1863 390 1906 vae
410 1848 821 1921 iurisdictionis,
848 1849 961 1906 imo
982 1862 1297 1921 supremam
1320 1848 1375 1903 in
1393 1846 1486 1905 illo
1506 1846 1719 1918 ordine,
1746 1861 1889 1921 quae

284 1939 339 1995 in
366 1941 523 2013 puris
552 1939 863 1997 hominibus
882 1953 1005 1997 esse
1032 1944 1243 2011 potest:
1269 1936 1359 1995 illa
1377 1944 1563 1996 autem
1582 1954 1692 1995 non
1720 1937 1888 1996 datur

286 2030 543 2089 Pontifici
570 2046 669 2104 per
696 2030 869 2089 ullam
894 2030 1391 2102 consecrationem,
1420 2028 1515 2086 sed
1544 2044 1644 2102 per
1668 2028 1891 2087 electio-

286 2139 415 2181 nem
441 2130 503 2181 et
541 2121 749 2181 nudam
774 2124 1187 2181 concessionem
1226 2123 1342 2179 Dei.
1372 2120 1602 2190 Quando
1627 2122 1769 2179 enim
1810 2121 1893 2179 di·

287 2216 373 2272 xit
398 2216 589 2273 Petro:
620 2217 811 2272 Pasce
839 2228 973 2271 oves
996 2227 1188 2273 meas,
1235 2210 1441 2269 nullam
1470 2228 1665 2269 novam
1696 2228 1889 2271 conse-

288 2304 593 2363 crationem
620 2305 709 2363 vel
732 2304 1111 2363 characterem
1138 2302 1216 2360 illi
1244 2303 1540 2377 impressit,
1565 2302 1660 2361 sed
1689 2320 1889 2377 puram

291 2400 623 2469 potestatem
646 2394 1033 2453 iurisdictionis
1048 2394 1123 2452 illi
1144 2393 1415 2467 praebuit.
1430 2397 1521 2453 Sic
1540 2396 1705 2454 etiam
1720 2398 1886 2469 Papa,

291 2502 427 2543 cum
454 2486 559 2543 rite
584 2484 835 2560 eligitur,
886 2486 1065 2543 statim
1103 2492 1194 2543 est
1230 2500 1396 2543 verus
1420 2487 1565 2559 Papa
1591 2484 1776 2560 quoad
1810 2492 1892 2544 ta-

288 2576 399 2637 lem
428 2582 756 2649 potestatem
773 2616 789 2648 ,
817 2583 877 2634 et
908 2576 1119 2634 nullam
1144 2577 1611 2635 consecrationem
1638 2577 1761 2635 inde
1798 2592 1891 2634 ac-

292 2668 461 2741 cipit3
489 2667 601 2725 imo
627 2668 808 2725 sinon
834 2668 906 2724 sit
930 2668 1249 2740 episcopus,
1274 2666 1359 2724 vel
1386 2666 1669 2739 sacerdos,
1699 2673 1893 2740 postea

290 2759 710 2815 consecrandus
735 2765 853 2831 est,
882 2757 969 2815 vel
996 2759 1164 2816 etiam
1190 2756 1527 2816 ordinandus
1546 2798 1562 2831 ,
1592 2764 1651 2815 et
1674 2758 1889 2815 interim

290 2849 649 2907 nihilominus
674 2854 859 2921 potest
891 2864 1083 2905 omues
1108 2855 1269 2906 actus
1295 2846 1465 2906 solius
1499 2848 1892 2907 iurisdictionis

287 2947 551 3013 externae
589 2955 869 2998 exercere.
910 2941 1057 3014 Ergo
1096 2938 1291 2998 eodem
1344 2940 1509 2998 modo
1559 2940 1893 2999 conceditur

290 3032 414 3090 aliis
436 3032 709 3105 episcopis
736 3032 957 3103 propria
979 3034 1219 3103 potestas
1245 3029 1636 3088 iurisdictionis
1657 3046 1758 3104 per
1785 3030 1892 3087 ele-

292 3124 537 3179 ctionem
557 3163 573 3194 ,
603 3121 690 3179 vel
724 3136 921 3193 puram
950 3120 1399 3191 concessionem,
1430 3136 1537 3177 non
1564 3134 1661 3192 per
1696 3136 1895 3178 conse·

290 3215 632 3284 cretionem,
661 3218 751 3269 est
774 3213 919 3268 enim
946 3210 1137 3268 eadem
1164 3212 1329 3268 ratio.
1357 3211 1495 3268 Tum
1519 3211 1649 3284 quia
1674 3212 1892 3283 episco-

290 3303 430 3376 palis
456 3310 706 3377 potestas
731 3318 839 3359 non
866 3306 970 3372 est,
996 3303 1099 3359 nisi
1126 3302 1470 3375 participatio
1499 3301 1769 3375 quaedam
1798 3317 1893 3374 pa·

292 3393 435 3466 palis
474 3393 781 3465 potestatis.
813 3392 950 3449 Tum
988 3394 1154 3450 etiam
1190 3394 1319 3466 quia
1356 3392 1503 3449 sicut
1526 3393 1581 3449 in
1622 3393 1894 3450 constitu-

291 3483 443 3540 tione
480 3484 659 3555 Papae
698 3498 809 3539 non
846 3487 933 3539 est
971 3480 1118 3539 aliud
1157 3481 1431 3555 applicare
1470 3482 1545 3539 iili
1582 3484 1890 3558 materiam,

290 3588 463 3647 quam
492 3573 673 3631 facere
700 3572 777 3629 illi
804 3572 1075 3631 subditam
1104 3574 1413 3631 universam
1439 3574 1762 3647 Ecclesiam3
1788 3589 1891 3632 nec

290 3664 479 3723 facere
506 3663 581 3721 illi
616 3661 893 3721 subditam
920 3669 1005 3719 est
1031 3661 1207 3735 aliud,
1237 3678 1403 3736 quam
1430 3662 1565 3721 dare
1592 3662 1665 3720 illi
1704 3678 1891 3721 veram

294 3762 355 3813 et
386 3769 588 3813 novam
628 3758 953 3826 potestatem
990 3768 1158 3825 supra
1198 3752 1375 3827 illam,
1414 3755 1490 3811 ita
1527 3753 1747 3827 quando
1782 3756 1893 3829 epi-

294 3859 469 3916 scopo
500 3850 831 3901 consecrato
852 3848 1067 3900 tantum
1088 3841 1257 3900 datur
1282 3842 1773 3917 episcopatus,non
1800 3844 1899 3902 ali-

296 3942 384 3992 ter
412 3934 721 4007 applicatur
746 3933 822 3991 illi
846 3934 1072 3991 materia
1092 3974 1108 4003 ,
1138 3932 1239 3989 nisi
1264 3934 1395 4007 quia
1420 3933 1585 4008 aliqui
1610 3933 1793 3993 denuo
1818 3935 1894 3993 illi

294 4026 437 4083 fiunt
464 4025 697 4082 subiecti
715 4066 731 4097 ,
764 4040 867 4081 nec
895 4023 1031 4081 fiunt
1058 4021 1324 4094 subiecti,
1353 4024 1458 4080 nisi
1484 4022 1663 4082 dando
1689 4024 1766 4081 illi
1793 4040 1894 4082 no-

296 4132 425 4173 vam
454 4118 785 4188 potestatem
816 4111 1113 4186 superioris
1140 4111 1454 4169 distinctam
1479 4113 1701 4170 omnino
1727 4129 1760 4171 a
1794 4130 1893 4187 po-

294 4209 497 4263 testate
534 4203 771 4278 ordinis,
815 4218 915 4260 seu
942 4218 976 4260 a
1014 4202 1451 4259 consecratione.
1481 4203 1619 4260 Tum
1659 4202 1894 4278 denique

298 4296 599 4371 quia·sicut
626 4300 789 4352 actus
812 4292 1111 4367 pontificiae
1136 4292 1549 4365 iurisdictionis,
1572 4300 1639 4352 ut
1656 4296 1760 4367 sic,
1784 4311 1895 4353 non

294 4394 433 4445 sunt
464 4392 630 4445 actus
668 4383 909 4458 ordinis,
938 4382 1026 4441 vel
1066 4383 1524 4457 consecrationis,
1552 4399 1655 4443 nec
1695 4386 1763 4443 ab
1800 4386 1893 4444 illa

296 4483 547 4550 manant,
582 4476 659 4533 ita
692 4489 795 4533 nec
823 4482 985 4533 actus
1012 4474 1344 4547 episcopalis
1379 4474 1795 4534 iurisdictionis.
1826 4478 1896 4535 Et

296 4568 473 4626 simile
499 4573 883 4641 argumentum
904 4566 1047 4622 sumi
1076 4572 1257 4638 potest
1276 4581 1343 4623 ex
1370 4564 1741 4625 iurisdictione
1762 4584 1897 4641 apo·-

298 4658 597 4730 stolorum,
629 4663 693 4715 ut
720 4655 1089 4715 consideranti
1117 4655 1273 4714 facile
1300 4656 1525 4728 patebit.

384 4754 473 4809 1⁰.
502 4750 848 4822 Quapropter
884 4745 1085 4804 modus
1123 4746 1209 4804 ille
1246 4746 1587 4818 declarandi,
1619 4754 1673 4805 et
1713 4748 1897 4808 desen-

300 4839 461 4897 dendi
485 4838 633 4896 illam
660 4840 983 4907 sententiam
1010 4836 1312 4895 verisimilis
1334 4853 1440 4894 non
1468 4844 1575 4895 est.
1600 4839 1713 4897 Nec
1741 4847 1896 4898 recte

296 4946 403 5005 pro
422 4930 514 4989 illo
534 4928 837 4988 adducitur
858 4928 1147 5001 promissio
1156 4926 1353 4986 Christi
1374 4927 1563 4985 Matth.
1588 4932 1673 4987 ts:
1701 4932 1899 5007 Quae-

299 5036 551 5095 cumque
578 5017 989 5095 alliqaveritis,
1023 5023 1133 5076 etc.
1158 5018 1297 5075 Nam
1321 5032 1391 5075 ex
1416 5018 1469 5075 vi
1494 5016 1793 5077 verborum
1820 5020 1895 5078 ibi

298 5111 545 5169 nonfuit
582 5109 849 5183 promissa
889 5114 1133 5179 potestas
1162 5107 1369 5165 ordinis
1407 5109 1768 5183 episcopalis,
1798 5111 1899 5169 sed

300 5202 407 5260 suit
457 5201 729 5276 promissa
775 5204 1020 5272 potestas
1072 5196 1354 5256 iudiciaria
1404 5204 1461 5255 et
1509 5198 1897 5257 iurisdictionis

299 5294 583 5350 coactivas
604 5289 923 5363 spiritualis,
948 5304 1089 5360 quae
1117 5288 1183 5345 de
1205 5302 1263 5345 se
1289 5287 1404 5346 dari
1428 5295 1635 5366 posset,
1655 5295 1712 5347 et
1730 5292 1899 5349 inter-

459 5404 657 5459 Suam.
681 5406 742 5453 De
756 5402 940 5459 Leuibus
953 5422 1011 5437 —
1024 5402 1131 5447 Pars
1148 5401 1185 5448 1.

3339 284 3352 317 l

3279 350 3288 357 '
3349 338 3476 405 313

1958 482 2091 541 dum
2144 482 2310 543 datur
2359 484 2477 543 sine
2521 484 2933 542 consecratione
2979 498 3267 557 personae.
3297 487 3559 555 Quamvis

1960 572 2092 629 alias
2117 572 2370 630 Christus
2399 573 2655 646 voluerit,
2676 581 2742 632 ut
2768 576 2865 647 per
2893 589 2950 631 se
2979 576 3153 646 primo
3184 591 3249 632 ac
3277 578 3556 649 principa-

1959 663 2083 721 liter
2110 665 2183 721 sit
2209 665 2260 721 in
2289 666 2580 737 episcopis.
2604 666 2760 722 Ratio
2793 680 2921 723 vero
2951 664 3090 723 illius
3117 668 3412 724 sententiae
3442 683 3556 723 non

1962 760 2142 827 urget,
2168 754 2300 828 quia
2325 753 2502 812 solum
2525 755 2717 811 nititur
2738 756 2792 811 in
2820 754 3061 829 quodam
3083 754 3246 813 modo
3274 754 3558 830 loquendi,

1953 853 2014 901 et
2040 845 2208 919 gratis
2239 861 2303 902 ac
2331 846 2447 902 sine
2475 844 2792 917 probatione
2821 847 3009 917 sumit,
3039 862 3148 903 non
3175 847 3418 920 potuisse
3446 862 3558 904 usu

1956 934 2270 1007 introduci,
2301 942 2367 993 ut
2391 936 2632 1009 episcopi
2660 938 2824 993 etiam
2850 936 2906 993 in
2943 936 3158 995 actibus
3184 954 3318 995 suae
3342 937 3559 995 iurisdi-

1956 1026 2154 1083 ctionis
2183 1024 2484 1083 ordinariae
2511 1025 2777 1098 dicerent,
2799 1029 3157 1085 auctoritate
3194 1028 3346 1085 mihi
3370 1043 3414 1085 a
3457 1032 3514 1085 V
3509 1030 3558 1084 2⁶-

1953 1120 2124 1174 cario
2159 1118 2386 1175 Christi
2414 1130 2720 1185 concessa,
2758 1116 2844 1173 vel
2870 1115 3149 1190 quidpiam
3176 1116 3375 1190 simile,
3407 1117 3557 1174 sicut

1956 1205 2216 1265 ordinarii
2244 1206 2454 1265 iudices
2474 1248 2490 1279 ,
2520 1213 2578 1264 et
2601 1209 3000 1281 gubernatores
3026 1222 3221 1281 regum
3252 1206 3439 1265 dicere
3465 1224 3556 1263 so-

1956 1297 2106 1372 lent,
2128 1300 2434 1373 praecipit
2459 1299 2754 1357 Maiestas
2779 1301 2977 1371 reqia,
3015 1297 3098 1355 vel
3127 1298 3272 1357 aliud
3300 1300 3557 1374 aequiva-

1956 1387 2107 1445 lens:
2157 1390 2240 1447 his
2267 1391 2414 1447 enim
2439 1387 2712 1445 iudicibus
2739 1390 3058 1462 aequiparat
3081 1390 3368 1462 episcopos
3394 1387 3556 1446 divus

1954 1479 2192 1537 Thomas
2223 1484 2290 1554 4,
2320 1478 2450 1537 dist.
2481 1484 2586 1552 20,
2617 1495 2674 1553 q.
2707 1481 2857 1537 unic.
2889 1486 2994 1537 art.
3025 1484 3084 1551 2,
3113 1480 3460 1553 quaestiunc.
3497 1483 3553 1536 3.

1954 1569 2113 1640 Quod
2132 1585 2266 1645 ergo
2287 1569 2394 1627 hoc
2413 1585 2522 1627 non
2545 1569 2689 1627 sitin
2719 1585 2849 1643 usu,
2875 1585 2984 1627 nou
3011 1575 3115 1637 est,
3139 1568 3268 1644 quia
3288 1585 3396 1626 non
3423 1584 3557 1643 pos-

1954 1661 2025 1719 sit
2048 1675 2197 1734 esse,
2219 1665 2320 1717 n'ec
2348 1661 2478 1733 quia
2506 1658 2811 1718 iurisdictio
2837 1660 3228 1734 episcoporum
3257 1658 3423 1717 detur
3451 1659 3550 1715 im-

1954 1750 2186 1808 mediate
2212 1766 2246 1807 a
2274 1752 2408 1822 Deo,
2431 1766 2532 1809 seu
2559 1766 2656 1825 per
2683 1751 3180 1823 consecrationem,
3205 1749 3354 1825 quod
3381 1755 3550 1823 patet,

1954 1840 2084 1914 quia
2109 1839 2177 1899 de
2203 1840 2546 1899 inferioribus
2573 1840 2825 1913 praelatis
2853 1840 3181 1900 habentibus
3216 1838 3553 1899 iurisdictio-

1955 1947 2079 1990 nem
2104 1931 2471 2006 episcopaiem
2498 1934 2616 1990 sine
2645 1932 3059 1991 consecratione
3077 1974 3092 2004 ,
3122 1947 3284 1991 nemo
3310 1932 3548 2005 dubitat,

1954 2022 2085 2097 quin
2107 2022 2346 2082 habeant
2371 2022 2516 2081 illam
2535 2023 2653 2082 iure
2673 2023 2914 2083 humano
2945 2029 3003 2081 et
3021 2038 3054 2080 a
3080 2024 3247 2097 Papa,
3289 2028 3347 2081 et
3367 2030 3554 2081 tamen

1954 2112 2031 2171 illi
2068 2114 2232 2172 etiam
2259 2130 2365 2172 non
2407 2120 2644 2173 utuntur
2669 2115 2762 2173 illo
2801 2114 2967 2172 modo
3002 2112 3289 2189 loquendi3
3320 2130 3429 2172 non
3470 2118 3559 2173 est

1953 2220 2089 2279 ergo
2115 2206 2244 2279 quia
2271 2221 2378 2263 non
2405 2208 2646 2279 possint,
2675 2222 2776 2265 nec
2803 2205 2934 2280 quia
2957 2205 3192 2263 habeant
3223 2203 3558 2263 iurisdictio-

1959 2311 2083 2353 nem
2124 2296 2432 2353 immediate
2473 2313 2506 2354 a
2544 2298 2674 2354 Deo.
2718 2296 2892 2369 igitur
2929 2296 2984 2352 in
3020 2297 3274 2370 utrisque
3311 2302 3424 2371 est,
3467 2296 3556 2353 vel

1954 2392 2184 2460 propter
2211 2386 2536 2445 modestiam
2557 2394 2614 2445 et
2637 2386 3065 2445 moderationem
3084 2386 3429 2460 Pontificum,
3455 2386 3553 2461 qui

1953 2477 2085 2535 licet
2108 2477 2240 2536 dent
2275 2486 2632 2550 potestatem,
2669 2477 2998 2552 intelligunt,
3020 2477 3167 2535 illam
3193 2493 3317 2536 esse
3349 2478 3554 2551 princi·

1955 2566 2148 2640 paliter
2173 2585 2206 2626 a
2244 2568 2488 2644 Christo,
2515 2576 2572 2627 et
2607 2569 2661 2625 in
2687 2568 2843 2627 illum
2870 2584 2994 2627 esse
3027 2569 3210 2627 omnia
3235 2568 3543 2645 referenda,

1954 2658 2083 2731 quia
2106 2658 2197 2716 ille
2223 2667 2310 2718 est
2335 2660 2632 2733 principale
2657 2675 2917 2734 operans,
2947 2661 3048 2735 ipsi
3074 2676 3207 2719 vero
3236 2667 3364 2719 sunt
3387 2660 3554 2721 Vica-

1956 2750 2024 2807 rii
2049 2750 2190 2807 eius.
2218 2749 2316 2809 Vel
2341 2758 2492 2809 certe
2518 2750 2575 2807 id
2611 2751 2705 2824 tit,
2737 2758 2802 2809 ut
2826 2751 3102 2810 distinctio
3127 2758 3376 2810 servetur
3411 2752 3554 2811 inter

1956 2848 2285 2914 potestatem
2311 2840 2616 2917 delegatam
2642 2848 2700 2900 et
2723 2842 3050 2901 ordinariam
3069 2885 3084 2915 ,
3112 2858 3181 2901 ne
3207 2842 3550 2902 confundan-

1956 2940 2082 3006 tur,
2112 2933 2200 2989 vel
2235 2932 2623 3007 ambiguitates
2650 2935 2923 2992 oriantur.
2955 2932 3052 2991 Vel
3089 2942 3273 3002 certe,
3304 2935 3435 3009 quia
3460 2950 3554 2993 or-

1954 3022 2163 3081 dinaria
2191 3028 2434 3095 potestas
2470 3023 2544 3081 ita
2579 3022 2778 3098 datur,
2819 3031 2884 3082 ut
2910 3030 3100 3096 postea
3135 3025 3411 3098 praelatus
3449 3042 3552 3083 suo

1954 3114 2077 3173 iure
2114 3118 2304 3170 utatur
2332 3111 2402 3169 ad
2435 3111 2662 3171 modum
2689 3128 2891 3171 causae
2917 3114 3126 3187 primae
3151 3115 3552 3191 praecipientis,

1956 3201 2077 3261 ideo
2098 3218 2326 3261 necesse
2352 3218 2462 3259 non
2489 3210 2596 3275 est,
2624 3209 2689 3261 ut
2713 3206 2985 3278 exprimat
3007 3206 3062 3262 in
3087 3222 3192 3264 suo
3221 3212 3379 3282 actu,
3403 3208 3554 3281 quod

1956 3294 2153 3353 habeat
2179 3299 2504 3367 potestatem
2530 3293 2598 3351 ad
2627 3293 2807 3368 illam3
2835 3311 2960 3353 nam
2989 3294 3096 3353 hoc
3124 3297 3241 3369 ipso
3269 3296 3390 3355 iure
3416 3314 3550 3359 con-2

1958 3391 2101 3460 stat,
2129 3392 2188 3442 et
2211 3392 2618 3459 consequenter
2644 3400 2747 3443 nec
2784 3392 3004 3458 oportet
3035 3386 3339 3460 exprimere
3368 3404 3400 3445 a
3439 3404 3554 3463 quo

1956 3476 2230 3549 receperit
2256 3476 2544 3549 virtutem,
2575 3476 2704 3549 quia
2730 3475 2837 3533 hoc
2876 3476 3232 3549 impertinens
3257 3485 3345 3535 est
3369 3478 3439 3537 ad
3472 3480 3552 3537 el·-

1955 3565 2188 3625 sectum.
2219 3568 2470 3624 Potestas
2503 3572 2690 3624 autem
2728 3564 2974 3640 delegata
3007 3582 3222 3642 semper
3256 3576 3344 3627 est
3380 3570 3554 3629 veluti

1957 3656 2087 3732 quid
2113 3656 2268 3730 facti3
2296 3664 2354 3715 et
2379 3657 2474 3731 qui
2495 3656 2589 3715 illa
2615 3658 2816 3731 utitur,
2841 3673 2898 3715 se
2926 3657 3088 3717 habet
3113 3657 3182 3716 ad
3212 3660 3438 3720 modum
3464 3662 3546 3718 in-

1958 3746 2250 3815 strumenti
2285 3753 2418 3804 actu
2457 3748 2592 3805 moti
2617 3755 2675 3806 et
2699 3747 2981 3821 pendentis
3009 3748 3076 3807 ab
3108 3749 3322 3808 influxu
3349 3767 3553 3810 causae

1957 3836 2298 3909 principalis,
2327 3843 2386 3894 et
2411 3834 2534 3895 ideo
2561 3842 2626 3895 ut
2649 3835 2717 3894 de
2741 3838 3117 3898 iurisdictione
3143 3847 3386 3914 constet,
3415 3858 3552 3899 con-

1958 3927 2180 3985 veniens
2199 3934 2288 3985 est
2308 3928 2636 4001 exprimere,
2667 3935 2982 3999 operantem
3003 3944 3064 3987 se
3089 3928 3235 3989 illam
3256 3930 3476 4004 habere,
3499 3938 3556 3989 et

1958 4024 2362 4091 consequenter
2384 4017 2529 4083 unde
2554 4018 2704 4075 illam
2729 4018 2945 4078 habeat.
2970 4021 3118 4089 Quae
3140 4020 3440 4081 differentia
3467 4031 3556 4082 est

1959 4107 2183 4165 moralis
2203 4114 2419 4165 tantum
2445 4110 2824 4182 congruentia,
2847 4112 2930 4169 ita
2957 4118 3021 4170 ut
3043 4114 3418 4173 necessarium
3439 4131 3552 4173 non

1959 4190 2274 4271 sit'semper
2301 4200 2526 4258 servari.
2550 4202 2688 4258 Nam
2715 4202 2809 4275 qui
2837 4203 3012 4261 utitur
3037 4211 3307 4277 potestate
3332 4206 3551 4281 delega-

1956 4296 2041 4361 ta,
2072 4306 2182 4347 non
2209 4304 2424 4363 semper
2451 4289 2503 4349 id
2528 4293 2814 4367 exprimit,
2841 4300 2901 4351 et
2925 4296 3206 4366 praelatus
3227 4295 3550 4356 ‚ordinarius

1959 4384 2165 4453 potest,
2195 4380 2240 4437 si
2267 4378 2426 4454 velit,
2454 4380 2508 4438 id
2531 4382 2806 4454 explicare
2826 4425 2843 4459 ,
2870 4389 2926 4441 et
2953 4386 3233 4444 interdum
3257 4388 3399 4446 sorte
3425 4403 3554 4461 pro·

1960 4475 2081 4543 pter
2107 4471 2341 4528 aliorum
2369 4470 2725 4544 ignorantiam
2753 4476 2957 4546 poterit
2982 4493 3104 4534 esse
3135 4478 3446 4550 expediens.

2046 4565 2131 4621 11.
2165 4562 2330 4619 Venio
2357 4562 2426 4620 ad
2466 4562 2690 4622 modum
2719 4564 2885 4623 alium
2913 4567 3246 4642 explicandi,
3275 4577 3332 4628 et
3370 4570 3555 4628 desen-

1959 4650 2124 4709 dendi
2143 4653 2383 4724 priorem
2409 4654 2754 4728 sententiam,
2777 4655 3343 4716 nimirum‘Christum
3373 4661 3554 4719 Domi-

1960 4760 2095 4803 num
2137 4744 2456 4817 instituisse,
2497 4752 2563 4804 ut
2600 4753 2787 4805 essent
2823 4750 2878 4805 in
2919 4748 3168 4809 Ecclesia
3204 4752 3554 4825 episcopatus

1962 4836 2067 4894 sub
2093 4837 2383 4910 Pontifice,
2413 4837 2542 4911 quia
2566 4854 2674 4895 non
2700 4845 2915 4911 poterat
2940 4846 3058 4913 tota
3084 4843 3338 4901 Ecclesia
3366 4844 3556 4903 imme-

1960 4926 2105 4985 diate
2139 4928 2434 5000 gubernari
2459 4942 2558 5001 per
2599 4943 2774 4987 unum
2799 4932 3122 5005 episcopum
3162 4936 3553 5010 universalem,

1961 5016 2137 5092 qualis
2156 5024 2244 5075 est
2264 5034 2514 5076 summus
2535 5019 2804 5092 Pontifex,
2828 5019 3114 5097 voluitque
3135 5023 3278 5081 idem
3302 5023 3557 5083 Christus

1963 5108 2256 5180 Dominus,
2287 5116 2350 5165 ut
2374 5108 2447 5166 illi
2473 5108 2775 5167 intermedii
2798 5112 3196 5184 gubernatores
3224 5122 3411 5172 essent
3445 5132 3558 5173 non

1963 5204 2180 5256 tantum
2199 5196 2450 5270 delegati,
2471 5204 2528 5255 et
2553 5200 2710 5273 quasi
2733 5201 2917 5259 vicarii
2944 5204 3147 5278 Papae,
3169 5202 3264 5260 sed
3287 5210 3350 5261 ut
3375 5214 3559 5263 essent

1962 5290 2078 5348 veri
2118 5296 2372 5362 pastores
2409 5288 2692 5370 ordinarii,
2734 5300 2792 5354 et
2816 5294 3090 5369 principes
3113 5296 3430 5369 spirituales
3453 5296 3558 5363 suh

3023 5400 3082 5449 40
