4325 6267
762 331 886 397 102

681 473 917 546 aliquem
959 471 1154 542 finem,
1200 473 1251 528 in
1295 472 1482 530 ordine
1525 473 1592 530 ad
1619 473 1773 530 illum
1804 489 1912 529 non
1951 480 2277 542 estractus,

681 578 779 618 seu
808 561 874 617 ab
902 561 992 618 illo
1019 561 1271 618 declinat.
1299 562 1452 621 Unde
1482 563 1526 618 si
1556 569 1715 620 actus
1745 564 1816 618 sit
1843 563 2068 621 moralis
2091 570 2149 620 et
2181 563 2280 620 hn-

685 664 880 711 manus
906 667 972 708 eo
1001 653 1142 723 ipso,
1168 651 1318 725 quod
1353 659 1438 709 est
1467 652 1644 708 malus
1665 659 1886 724 propter
1913 653 2275 710 deviationem

681 755 714 796 a
743 747 897 797 recta
938 742 1182 812 ratione,
1228 748 1314 800 est
1352 742 1526 799 etiam
1565 749 1896 814 peccatum,
1940 749 2004 799 ut
2027 742 2196 799 docet
2221 742 2277 799 d.

681 829 871 887 Thom.
911 835 958 887 1.
990 833 1048 901 2,
1079 846 1134 902 q.
1168 834 1263 898 21,
1300 838 1408 887 art.
1449 836 1467 889 1
1495 873 1507 901 ,
1539 831 1667 904 quia
1694 831 1818 887 talis
1850 837 2008 888 actus
2039 830 2221 888 deviat
2248 848 2279 888 a

683 921 786 974 fine
825 925 1013 989 recto,
1057 927 1282 991 propter
1323 936 1490 992 quem
1533 922 1644 976 fieri
1671 919 1933 993 deberet,
1964 931 2020 978 et
2047 921 2169 978 ideo
2198 928 2285 976 est

683 1009 884 1081 malus,
915 1015 971 1066 et
998 1015 1399 1082 consequenter
1423 1016 1732 1082 peccatum.
1761 1009 1911 1067 Unde
1934 1011 2023 1067 alii
2057 1025 2282 1082 respon-

681 1098 840 1169 dent,
863 1114 985 1154 esse
1014 1099 1232 1172 quidem
1265 1110 1576 1171 peccatum,
1610 1100 1704 1156 sed
1733 1113 1838 1156 non
1867 1114 1991 1156 esse
2025 1100 2276 1173 culpam,

683 1189 730 1244 si
770 1204 882 1245 non
925 1189 996 1244 sit
1033 1195 1232 1245 contra
1271 1188 1463 1260 legem.
1497 1187 1602 1245 Sed
1634 1188 1734 1246 hoc
1763 1189 1925 1246 etiam
1958 1187 2171 1245 videtur
2200 1204 2286 1245 re-

684 1292 930 1350 pugnare
959 1276 1016 1334 d.
1047 1277 1283 1334 Thomae
1317 1279 1370 1333 in
1403 1276 1590 1334 eadem
1623 1294 1678 1351 q.
1711 1283 1806 1350 21,
1839 1286 1942 1336 art.
1972 1284 2032 1348 2,
2063 1277 2155 1334 ubi
2183 1278 2281 1350 ait,

685 1367 738 1423 in
767 1367 983 1423 actibus
1016 1366 1194 1422 liberis
1226 1372 1520 1438 peccatum
1549 1374 1607 1423 et
1633 1367 1850 1439 culpam
1880 1369 2160 1438 converti,
2195 1383 2284 1422 so·

686 1455 912 1528 lumque
959 1455 1173 1511 differre
1230 1462 1490 1527 respectu
1537 1461 1592 1512 et
1630 1456 2103 1528 denominatione3
2154 1458 2285 1528 quia

687 1553 846 1602 actus
876 1543 1074 1601 dicitur
1090 1551 1376 1617 peccatum
1400 1561 1496 1618 per
1519 1546 1888 1618 obliquitatem
1913 1561 1945 1602 a
1967 1547 2091 1611 fine,
2121 1542 2285 1616 culpa

687 1649 816 1692 vero
845 1633 1044 1690 dicitur
1066 1651 1163 1707 per
1205 1643 1519 1707 respectum
1541 1635 1606 1692 ad
1630 1650 1815 1708 agens,
1841 1637 1932 1692 cui
1959 1639 2280 1715 imputatum

687 1731 848 1780 actus
869 1731 1052 1781 autem
1076 1725 1210 1781 liber
1246 1739 1312 1782 eo
1343 1727 1484 1796 ipso,
1510 1725 1660 1798 quod
1689 1726 1823 1782 liber
1843 1734 1948 1796 est,
1979 1727 2283 1798 imputatur

687 1814 889 1887 agenti3
919 1831 1050 1887 ergo
1079 1817 1124 1871 si
1166 1823 1254 1872 est
1279 1822 1441 1872 actus
1471 1815 1606 1872 liber
1631 1822 1687 1871 et
1716 1816 1913 1880 malus,
1939 1831 2284 1889 consequen-

687 1909 770 1960 ter
808 1910 895 1961 est
935 1911 1225 1974 peccatum
1270 1913 1328 1962 et
1365 1907 1562 1979 culpa3
1597 1920 1732 1978 ergo
1759 1907 1922 1963 etiam
1948 1907 2000 1962 in
2031 1922 2094 1962 eo
2121 1923 2281 1979 casu,

688 1992 906 2049 seclusa
935 1992 1048 2066 lege
1077 1994 1187 2062 Dei,
1218 2000 1365 2051 esset
1389 2001 1552 2051 actus
1596 1995 1914 2066 culpabilis,
1945 2003 2003 2052 et
2027 1997 2104 2053 ita
2129 2012 2285 2053 ener-

684 2090 883 2139 vantur
911 2097 1098 2139 omnes
1126 2085 1360 2139 rationes
1388 2083 1587 2140 sactae.
1669 2109 1679 2120 ·

772 2177 858 2232 11.
890 2173 1214 2244 Respondeo
1261 2175 1460 2247 igitur,
1501 2175 1554 2230 in
1598 2181 1726 2231 actu
1769 2175 2006 2232 humano
2042 2191 2162 2233 esse
2190 2174 2287 2232 ali-

685 2278 850 2337 quam
879 2261 1172 2320 bonitatem
1214 2264 1305 2319 vel
1347 2264 1606 2321 malitiam
1634 2279 1698 2320 ex
1731 2267 1779 2321 vi
1819 2265 2011 2321 obiecti
2043 2265 2285 2337 praecise

687 2353 920 2424 spectati
940 2394 955 2422 ,
996 2358 1056 2407 ut
1094 2357 1182 2408 est
1207 2366 1516 2409 consonum
1544 2353 1628 2409 vel
1656 2352 1938 2409 dissonum
1966 2353 2166 2410 rationi
2203 2369 2286 2410 re·

686 2452 830 2514 ctae,
859 2449 914 2498 et
934 2441 1237 2500 secundum
1269 2459 1390 2499 eam
1413 2459 1576 2515 posse
1598 2443 1954 2516 denominari,
1979 2450 2035 2500 et
2055 2444 2281 2516 malum,

687 2539 742 2590 et
780 2539 1102 2605 peccatum,
1147 2538 1204 2588 et
1251 2531 1578 2603 culpabilem
1620 2532 1924 2590 secundum
1957 2532 2078 2591 illos
2105 2550 2289 2607 respe-

686 2629 812 2678 ctus
833 2664 847 2693 ,
887 2623 1103 2678 seclusa
1129 2621 1441 2678 habitudine
1475 2623 1542 2680 ad
1573 2625 1852 2695 propriam
1881 2622 2088 2696 legem.
2119 2623 2283 2680 Prae·

689 2719 772 2768 ter
802 2711 938 2768 hanc
967 2727 1100 2767 vero
1129 2710 1294 2768 habet
1321 2716 1482 2767 actus
1509 2711 1786 2768 humanus
1809 2711 2098 2784 specialem
2122 2711 2286 2769 ratio-

687 2817 810 2856 nem
849 2801 972 2858 boni
1008 2809 1065 2858 et
1101 2801 1224 2857 mali
1262 2801 1315 2857 in
1363 2800 1549 2858 ordine
1579 2801 1645 2858 ad
1673 2803 1866 2873 Deum,
1903 2801 2082 2859 addita
2108 2800 2287 2858 divina

687 2890 804 2962 lege
846 2890 1158 2960 prohibente
1188 2891 1269 2946 vel
1303 2891 1698 2964 praecipiente,
1743 2901 1797 2948 et
1827 2890 2134 2948 secundum
2163 2907 2282 2948 eam

686 2978 1062 3036 denominatur
1099 2987 1258 3036 actus
1302 2980 1573 3037 humanus
1611 2981 1830 3053 speciali
1869 2981 2030 3039 modo
2081 2997 2277 3054 pecca-

689 3076 810 3126 tum
849 3069 932 3126 vel
969 3069 1133 3142 culpa
1169 3069 1312 3142 apud
1364 3073 1566 3142 Deum,
1598 3073 1809 3128 ratione
1839 3072 2284 3145 transgressionis

687 3158 822 3232 legis
865 3161 1082 3232 proprie
1121 3160 1288 3232 ipsius
1330 3160 1462 3232 Dei,
1507 3177 1673 3234 quarn
1702 3162 1994 3233 specialem
2026 3163 2283 3219 malitiam

685 3247 900 3307 videtur
929 3249 1130 3306 Paulus
1157 3251 1312 3306 Rom.
1348 3255 1405 3323 4,
1444 3251 1774 3323 significasse
1795 3254 2008 3308 nomine
2023 3269 2285 3327 praevar·

684 3341 1012 3405 ricationis,
1050 3356 1179 3396 cum
1207 3338 1370 3396 dixit:
1413 3340 1525 3399 Ubi
1549 3355 1672 3397 non
1712 3347 1801 3398 est
1825 3341 1942 3407 lea-⁹.
1980 3358 2087 3398 nec
2107 3359 2283 3417 prae-

685 3430 1000 3485 varicatio.
1032 3429 1184 3486 Hanc
1221 3443 1357 3502 ergo
1394 3428 1801 3488 deformitatem
1842 3447 1946 3488 non
1978 3430 2201 3508 haberet
2228 3447 2287 3487 a-

687 3522 814 3572 ctus
850 3516 1120 3574 humanus
1159 3517 1409 3573 rationali
1457 3525 1684 3574 naturae
1724 3519 2067 3589 contrariuS,
2110 3520 2287 3592 posita

686 3605 780 3662 illa
806 3605 1115 3682 hypothesi,
1146 3604 1296 3678 quod
1318 3608 1460 3662 Deus
1498 3606 1652 3663 illum
1672 3624 1779 3664 non
1803 3607 2133 3681 prohiberet;
2163 3610 2289 3682 quia

688 3701 818 3751 tunc
859 3710 967 3749 non
996 3694 1218 3750 haberet
1247 3693 1398 3750 illum
1431 3695 1721 3752 virtualem
1748 3703 2130 3770 contemptum
2162 3701 2284 3772 Dei,

624 3808 630 3816 ·
691 3800 855 3858 quem
897 3786 1140 3841 continet
1169 3785 1529 3856 transgressio
1566 3785 1698 3858 legis
1729 3793 1984 3858 respectu
2014 3787 2287 3862 legislato-

693 3875 790 3946 ris,
821 3881 956 3931 teste
979 3873 1169 3930 Basilio
1199 3874 1252 3928 in
1279 3872 1412 3929 illud
1440 3874 1631 3944 psalmi
1658 3881 1752 3933 28:
1779 3874 2006 3949 Asserte
2033 3880 2289 3934 Domino

688 3962 946 4037 gloriam
995 3968 1051 4020 et
1095 3965 1398 4021 honorem.
1443 3965 1512 4019 Et
1548 3972 1815 4021 consonat
1855 3965 1984 4023 illud
2026 3967 2178 4040 Pauli
2220 3967 2287 4024 ad

692 4055 852 4111 Rom.
885 4059 915 4113 2
941 4071 954 4106 :
988 4056 1106 4111 Per
1126 4057 1712 4128 praevaricationem
1740 4054 1882 4128 leyis
1907 4059 2096 4113 Deum
2121 4059 2287 4114 inho-

691 4161 894 4202 noras.
931 4143 1084 4204 Unde
1126 4142 1261 4200 dixit
1293 4147 1527 4216 August.
1560 4143 1632 4200 de
1658 4161 1801 4202 vera
1826 4146 1996 4218 reliq.
2031 4163 2155 4218 cap.
2190 4152 2283 4221 26,

690 4233 872 4306 leqem
890 4232 1298 4307 prohibentem
1329 4235 1536 4290 omnia
1563 4238 1886 4293 commissa
1909 4240 2287 4309 congemina-

690 4340 775 4380 re.
804 4323 959 4392 Quod
997 4321 1282 4379 declarans
1319 4321 1500 4380 addit:
1533 4328 1666 4381 Non
1695 4328 1852 4382 enim
1879 4326 2131 4400 simplex
2153 4343 2289 4400 pec-

689 4419 893 4471 catum
928 4418 1029 4480 est,
1067 4429 1184 4468 non
1211 4411 1400 4468 solum
1423 4411 1671 4480 malum,
1703 4413 1807 4470 sed
1835 4418 2019 4472 etiam
2041 4419 2285 4473 vetitum

692 4502 1024 4561 adtremere.

767 4597 946 4667 Atque
984 4595 1088 4650 hoc
1127 4593 1294 4651 modo
1324 4592 1549 4650 videtur
1577 4591 1634 4650 d.
1660 4594 1892 4650 Thomas
1930 4599 1977 4652 1.
2011 4599 2069 4668 2,
2099 4612 2154 4669 q.
2192 4599 2283 4668 71,

689 4691 798 4745 art.
831 4689 886 4741 6.
919 4683 983 4741 ad
1011 4689 1065 4754 5,
1091 4683 1430 4757 distinguere
1461 4689 1772 4754 peccatum,
1797 4691 1859 4741 ut
1878 4691 1965 4742 est
1986 4691 2179 4742 contra
2202 4702 2287 4750 ra,-

690 4777 918 4843 tionem,
941 4781 997 4830 et
1023 4780 1085 4830 ut
1109 4782 1192 4831 est
1218 4773 1357 4830 offen
1371 4773 1546 4830 sivum
1567 4774 1684 4845 Dei,
1709 4780 1764 4830 et
1784 4774 1950 4847 priori
1971 4775 2134 4832 modo
2155 4792 2287 4832 con-

691 4865 916 4922 siderari
947 4880 977 4920 a
1008 4863 1330 4942 philosopho
1364 4863 1581 4934 morali,
1607 4864 1896 4937 posteriori
1917 4872 2100 4921 autem
2124 4864 2285 4922 modo

691 4971 724 5011 a
759 4954 1030 5026 theologo.
1064 4957 1120 5012 ln
1152 4952 1238 5010 illo
1271 4970 1404 5028 ergo
1433 4970 1569 5011 casu
1603 4961 1752 5010 esset
1779 4960 1938 5011 actus
1967 4954 2144 5011 malus
2176 4971 2286 5011 mo-

689 5045 871 5101 raliter
891 5050 1179 5116 peccatum
1202 5052 1254 5100 et
1279 5045 1468 5115 culpa,
1500 5061 1608 5099 non
1634 5050 1810 5100 tamen
1834 5043 2162 5118 theologice,
2188 5062 2285 5102 seu

693 5137 746 5193 in
775 5134 966 5192 ordine
992 5133 1058 5190 ad
1089 5137 1293 5206 Deum,
1341 5140 1396 5191 et
1435 5133 1632 5191 eodem
1667 5133 1830 5190 modo
1857 5133 2072 5190 videtur
2098 5134 2290 5192 intelli-

693 5228 969 5302 gendum,
1001 5225 1149 5302 quod
1195 5223 1392 5282 ibidem
1431 5223 1566 5282 dicit
1601 5224 1652 5280 in
1680 5225 1952 5283 solutione
1981 5223 2048 5283 ad
2079 5229 2134 5300 4,
2163 5225 2289 5283 talia

2150 349 2353 398 LIBER
2379 349 2459 396 11.

2352 478 2579 546 peccata
2604 473 2658 529 in
2688 471 2869 530 ordine
2899 471 2966 528 ad
2990 471 3164 544 legem
3187 475 3462 528 aeternam
3485 483 3610 526 esse
3633 467 3799 540 mala,
3824 468 3953 540 quia

2352 562 2657 634 prohibita,
2710 563 2895 636 utique
2936 560 3025 617 illa
3064 559 3265 616 malitia
3308 557 3617 630 theologica
3644 557 3737 630 (ut
3765 559 3842 613 sic
3868 557 3953 612 di·-

2354 653 2532 726 cam),
2564 667 2727 725 quam
2769 668 2875 707 uon
2918 651 3144 708 haberet
3170 656 3333 706 actus
3357 693 3370 720 ,
3402 649 3501 704 nisi
3530 653 3685 704 esset
3710 645 3953 718 prohibi-

2357 747 2468 798 ωε.
2513 743 2583 798 Et
2622 743 2695 798 ita
2722 739 2938 797 videtur
2980 738 3324 812 intelligenda
3348 741 3512 808 ratio,
3544 753 3714 810 quam
3742 735 3952 808 subdit,

2351 847 2493 904 quae
2524 830 2659 887 alias
2687 830 2856 888 videri
2884 837 3067 901 potest
3092 830 3351 885 obscura.
3384 830 3519 885 Nam
3542 843 3677 884 cum
3700 825 3949 892 dixisset,

2354 937 2515 977 omne
2549 928 2841 992 peccatum
2870 935 2991 976 esse
3018 919 3248 992 malum,
3280 919 3405 992 quia
3428 917 3767 991 prohibitum
3790 919 3844 972 in
3862 932 3954 973 or-

2353 1011 2477 1068 dine
2506 1010 2573 1068 ad
2604 1012 2777 1084 legem
2801 1017 3101 1079 aeternam,
3124 1007 3340 1066 subdit:
3362 1014 3461 1067 Ex
3481 1009 3594 1065 hoc
3614 1010 3773 1064 enim
3792 1010 3941 1081 ipso,

2356 1100 2512 1174 quod
2550 1106 2637 1158 est
2675 1099 3087 1157 inordinatum
3105 1144 3118 1165 ,
3165 1101 3285 1156 iuri
3322 1097 3598 1155 naturali
3630 1100 3948 1171 repuqnat.

2351 1191 2499 1258 Quae
2535 1192 2675 1248 ratio
2714 1192 2896 1264 potius
2924 1189 3139 1247 videtur
3170 1190 3400 1262 probare
3434 1205 3557 1256 esse
3586 1188 3951 1260 prohibitum,

2352 1281 2479 1354 quia
2508 1281 2743 1353 malum,
2775 1297 2939 1355 quam
2967 1297 2997 1337 e
3026 1296 3313 1337 converso.
3347 1279 3505 1347 Quod
3536 1294 3729 1335 verum
3756 1285 3847 1334 est
3872 1278 3957 1333 lo-

2360 1371 2580 1444 quendo
2611 1372 2679 1430 de
2708 1371 2909 1429 malitia
2938 1371 3161 1428 moralis
3188 1369 3621 1440 inordinationis3
3654 1373 3839 1424 tamen
3868 1383 3957 1422 ra-

2355 1460 2496 1518 tione
2535 1461 2681 1518 illius
2720 1460 2905 1518 addita
2941 1467 3029 1517 est
3066 1461 3146 1517 lex
3178 1465 3396 1516 aeterna
3423 1465 3481 1515 et
3505 1457 3689 1515 divina
3716 1455 3959 1528 prohibi-

2336 1549 2459 1622 tio,
2500 1551 2569 1608 ad
2605 1568 2770 1625 quam
2813 1551 2975 1608 habet
3014 1549 3118 1606 tale
3147 1557 3436 1621 peccatum
3466 1548 3759 1620 specialem
3788 1563 3956 1618 repu-

2358 1641 2636 1713 gnantiam
2656 1683 2672 1712 ,
2722 1646 2778 1698 et
2824 1646 3229 1713 consequenter
3274 1636 3395 1694 inde
3445 1637 3610 1694 habet
3656 1636 3957 1708 specialem

2356 1727 2847 1802 deordinationem,
2877 1746 3043 1802 quam
3075 1744 3181 1784 non
3212 1727 3459 1796 haberet,
3490 1729 3535 1782 si
3560 1725 3857 1798 prohibitio
3876 1723 3959 1780 di-

2354 1819 2477 1875 vina
2523 1836 2628 1878 non
2670 1821 3083 1890 intervenisset3
3137 1832 3235 1890 per
3274 1833 3439 1891 quam
3481 1816 3959 1872 deordinationem

2352 1909 2661 1982 completur
2702 1913 2839 1967 ratio
2884 1911 3095 1983 peccati
3123 1907 3425 1980 theologice
3454 1904 3691 1977 sumpti,
3722 1911 3780 1960 et
3806 1903 3955 1960 ratio

2353 1999 2549 2079 culpae
2589 1999 2905 2071 simpliciter
2945 1998 3088 2070 apud
3130 2001 3322 2055 Deum.
3354 1998 3423 2054 Et
3450 1997 3501 2052 in
3531 1995 3637 2051 hoc
3666 2011 3837 2051 sensu
3867 1993 3949 2049 vi-

2353 2088 2555 2146 dentur
2594 2089 2741 2163 loqui
2768 2090 2977 2146 Victor.
3008 2095 3065 2144 et
3092 2086 3335 2145 nonnulli
3364 2086 3449 2143 alii
3490 2083 3759 2156 theologi,
3792 2089 3849 2140 et
3876 2084 3953 2138 ita

2352 2194 2460 2234 non
2501 2179 2810 2251 procedunt
2849 2179 3086 2252 replicae
3129 2178 3337 2251 sactae,
3366 2176 3466 2232 nisi
3494 2177 3589 2231 fiat
3614 2174 3775 2230 visin
3806 2173 3947 2230 solis

2352 2269 2551 2325 verbis.

2350 2345 2363 2356 “
2430 2359 2509 2414 Ex
2538 2356 2628 2413 illa
2655 2373 2783 2430 ergo
2814 2355 3099 2434 hypothesi
3127 2357 3233 2413 hoc
3263 2354 3427 2412 modo
3446 2353 3719 2426 explicata
3738 2360 3799 2408 et
3817 2369 3955 2409 eon-

2352 2462 2531 2512 cessa,
2552 2447 2679 2504 nihil
2696 2452 2878 2520 potest
2898 2446 3083 2502 inferri
3104 2451 3301 2502 contra
3324 2450 3570 2501 nostram
3596 2443 3947 2512 sententiam,

2353 2551 2453 2592 nec
2485 2543 2678 2593 contra
2707 2537 2965 2607 rationeS,
2998 2537 3201 2609 quibus
3229 2535 3371 2591 illam
3404 2534 3776 2606 probavimus.
3810 2534 3947 2588 Nam

2355 2627 2589 2684 admissa
2618 2626 2709 2684 illa
2738 2626 3088 2684 conditionali
3118 2626 3169 2682 in
3197 2623 3343 2683 dicto
3374 2640 3563 2696 sensu,
3586 2623 3945 2679 nihilominus

2354 2733 2502 2773 nunc
2534 2716 2620 2773 lex
2646 2715 2909 2772 naturalis
2932 2731 3058 2771 vere
3080 2721 3136 2770 et
3162 2713 3383 2786 proprie
3404 2712 3656 2785 prohibet
3674 2709 3947 2785 quidquid

2356 2804 2663 2862 secundum
2700 2821 2757 2861 se
2790 2803 2997 2860 malum
3026 2818 3123 2859 seu
3147 2801 3517 2859 inordinatum
3538 2807 3625 2857 est
3650 2801 3703 2856 in
3726 2800 3949 2856 actibus

2358 2897 2630 2966 humaniS,
2660 2903 2717 2951 et
2744 2897 2859 2950 sine
2890 2894 2983 2951 tali
3008 2893 3369 2965 prohibitione
3392 2899 3557 2948 actus
3583 2906 3691 2946 non
3717 2889 3949 2946 haberet

2355 2986 2448 3059 (ut
2487 2986 2568 3040 sic
2609 2983 2824 3058 dicam)
2854 2989 3291 3040 consummatam
3331 2981 3413 3037 vel
3445 2980 3745 3051 perfectam
3776 2981 3943 3035 ratio-

2354 3090 2477 3130 nem
2505 3073 2701 3146 culpae
2729 3080 2784 3129 et
2812 3075 3049 3129 offensae
3075 3071 3313 3143 divinae,
3338 3087 3478 3144 quae
3500 3070 3689 3142 negari
3718 3085 3829 3125 non
3851 3084 3949 3140 po-

2355 3170 2460 3221 test
2487 3165 2537 3220 in
2566 3164 2779 3221 actibus
2800 3205 2815 3236 ,
2846 3163 2941 3236 qui
2971 3163 3215 3234 praecise
3241 3167 3373 3218 sunt
3400 3166 3600 3218 contra
3627 3160 3811 3234 legem
3840 3175 3937 3216 na-

2355 3260 2530 3311 turae.

2438 3347 2521 3401 12.
2556 3345 2627 3401 Ut
2668 3350 2853 3400 autem
2894 3343 3115 3399 omnino
3158 3347 3402 3410 constet,
3446 3338 3725 3413 quomodo
3769 3341 3946 3412 possit

2358 3432 2495 3489 haec
2526 3433 2821 3506 prohibitio
2848 3429 3029 3488 divina
3058 3431 3345 3488 intrinsece
3374 3445 3439 3486 ae
3468 3445 3565 3502 per
3586 3446 3647 3486 se
3670 3431 3945 3502 pertinere

2357 3521 2423 3579 ad
2455 3522 2626 3594 legem
2662 3529 2927 3592 naturae,
2958 3527 3175 3592 oportet
3200 3519 3504 3576 secundum
3545 3527 3824 3591 punctum
3850 3537 3948 3576 ex-

2358 3628 2591 3685 ponere,
2630 3610 2914 3678 uidelicet,
2962 3628 3027 3666 an
3071 3609 3385 3687 hypothesis
3426 3609 3518 3666 illa
3547 3609 3822 3681 possibilis
3848 3613 3947 3682 sit,

2357 3703 2407 3759 id
2447 3710 2531 3758 est
2569 3701 2717 3776 quod
2747 3704 2891 3758 Deus
2932 3716 3027 3773 per
3057 3700 3332 3772 proprium
3362 3705 3551 3755 actum
3582 3715 3717 3755 suae
3748 3699 3943 3756 volun-

2358 3794 2479 3849 tatis
2519 3808 2626 3848 non
2669 3790 2977 3847 adiunxerit
3014 3787 3188 3862 legem
3230 3790 3508 3860 propriam
3544 3795 3825 3844 vetantem
3860 3788 3948 3844 vel

2356 3881 2775 3954 praecipientem
2814 3895 2907 3948 ea,
2939 3893 3081 3950 quae
3121 3884 3250 3934 sunt
3288 3876 3353 3934 de
3380 3875 3674 3934 dictamine
3706 3879 3937 3934 rationis

2356 3970 2638 4028 naturalis.
2673 3971 2727 4024 ln
2759 3985 2867 4040 quo
2897 3966 3005 4023 duo
3030 3973 3259 4038 possunt
3278 3967 3509 4039 cogitari
3530 3967 3679 4023 modi
3702 3964 3943 4022 dicendi.

2358 4062 2569 4117 Primus
2610 4065 2723 4130 est,
2770 4061 2937 4114 Deum
2980 4056 3201 4129 quidem
3231 4072 3393 4128 posse
3420 4054 3485 4112 de
3512 4056 3760 4126 potentia
3786 4057 3950 4112 abso-

2358 4151 2471 4207 luta
2500 4149 2818 4206 non-facere
2850 4146 3005 4203 talem
3050 4146 3495 4217 prohibitionem,
3538 4147 3671 4220 quia
3711 4162 3823 4203 non
3854 4162 3947 4218 ap-

2356 4246 2509 4312 paret
2533 4238 2821 4311 implicatio
2844 4236 3311 4306 contradictionis,
3345 4242 3409 4291 ut
3432 4234 3685 4292 videntur
3714 4237 3947 4307 probare

2355 4330 2563 4400 omnia,
2594 4343 2733 4401 quae
2762 4327 2990 4384 Ocham.
3020 4328 3249 4383 Gerson.
3280 4333 3334 4382 et
3360 4326 3447 4382 alii
3477 4341 3576 4396 pro
3601 4341 3705 4382 sua
3727 4335 3943 4382 senten-

2356 4421 2425 4476 tia
2454 4423 2787 4490 congerunt,
2824 4415 3170 4472 nihilominus
3200 4421 3379 4470 tamen
3406 4414 3459 4470 id
3494 4414 3610 4471 (ieri
3639 4431 3748 4472 non
3784 4431 3943 4488 posse

2354 4507 2659 4564 secundum
2680 4505 2854 4579 legem
2878 4503 3206 4560 ordinariam
3228 4503 3438 4561 divinae
3464 4503 3841 4576 providentiae
3862 4521 3951 4562 re-

2356 4613 2478 4654 rum
2508 4597 2718 4653 naturis
2744 4603 3198 4666 consentaneam3
3227 4609 3348 4650 nam
3378 4594 3481 4651 hoc
3505 4593 3573 4650 ad
3602 4596 3790 4651 minus
3818 4613 3947 4668 pro-

2353 4689 2484 4744 bant
2524 4687 2758 4742 rationes
2800 4687 2853 4740 in
2895 4685 3235 4741 contrarium
3263 4685 3441 4742 sactae
3469 4701 3569 4757 pro
3599 4693 3793 4742 nostra
3824 4703 3949 4742 sen-

2354 4776 2549 4845 tentia,
2588 4783 2645 4832 et
2682 4774 2915 4831 multum
2957 4774 3138 4830 favent
3176 4774 3481 4831 testimonia
3522 4775 3841 4845 Scripturas
3889 4783 3951 4832 et

2355 4875 2594 4938 patrum.
2626 4867 2695 4922 Et
2734 4865 2837 4920 hoc
2878 4863 3047 4921 videri
3088 4871 3267 4936 potest
3295 4864 3607 4938 sufficiens,
3640 4872 3705 4922 ut
3735 4864 3821 4923 lex
3855 4883 3952 4922 na-

2355 4956 2546 5012 turalis
2575 4955 2790 5012 dicatur
2818 4951 3102 5013 includere
3130 4958 3412 5028 proprium
3444 4965 3806 5027 praeceptum
3829 4958 3949 5029 Dei,

2356 5049 2484 5120 quia
2512 5047 2596 5103 lex
2622 5046 2884 5106 naturalis
2910 5052 2997 5102 est
3026 5045 3113 5101 illa
3135 5087 3149 5116 ,
3175 5061 3315 5118 quae
3342 5052 3427 5102 est
3452 5045 3751 5102 conformis
3778 5056 3947 5102 natu-

2356 5138 2429 5194 ris
2460 5153 2665 5193 rerum.
3958 5149 3967 5157 ·

2441 5232 2527 5286 13.
2560 5225 2711 5284 Alter
2742 5224 2935 5282 modus
2964 5223 3181 5283 dicendi
3204 5241 3322 5283 esse
3347 5231 3565 5298 potest,
3597 5224 3741 5282 illam
3766 5224 3799 5282 11
3812 5244 3951 5301 ypo-
