4325 6267
148 5183 153 5264 Ι

1835 285 2047 389 aanor
2073 338 2196 388 xx.
2442 289 2447 294 ’
3460 328 3541 395 ’17

368 468 522 526 sauri
559 465 918 526 ecclesiastici
957 463 1198 540 dicitur-3
1226 464 1306 522 sic
1332 464 1498 524 etiam
1522 461 1724 522 dantur
1750 461 1966 538 dispen-

367 560 608 616 sationes
646 558 761 616 voti
797 563 855 615 et
893 556 1209 630 iuramenti,
1241 557 1308 615 de
1347 557 1548 632 quibus
1576 555 1690 614 aliis
1718 555 1856 613 locis
1883 555 1964 613 di-

371 654 530 707 ctum
557 653 663 706 est.
687 649 770 706 lta
793 663 924 723 ergo
946 647 998 704 in
1020 647 1290 720 praesenti
1313 646 1726 706 accommodata
1752 654 1836 705 est
1856 663 1963 705 vox

367 738 787 813 dispensationis
816 739 884 796 ad
919 737 1326 811 significandam
1364 739 1755 811 particularem
1784 746 1965 797 muta-

373 833 582 888 tionem
610 830 742 904 legis
771 845 867 902 per
893 829 1280 887 relaxationem
1308 829 1643 904 obligationis
1671 831 1788 888 eius
1817 830 1967 888 circa

373 937 546 980 unam
585 921 672 978 vel
711 920 868 978 aliam
907 935 1226 993 personam,
1269 926 1353 976 est
1380 921 1520 976 enim
1547 918 1802 993 obligatio
1833 919 1965 995 legis

375 1013 542 1086 quasi
570 1027 710 1068 onus
737 1009 1012 1085 quoddam
1041 1009 1475 1068 distribuendum
1505 1009 1644 1067 inter
1664 1009 1888 1082 multos,
1910 1015 1968 1068 et

383 1101 508 1159 ideo
548 1101 794 1159 liberatio
835 1100 995 1157 unius
1022 1099 1090 1156 ab
1117 1099 1204 1156 illa
1233 1099 1587 1174 obligatione,
1617 1106 1675 1157 et
1699 1115 1804 1157 non
1835 1100 1964 1156 alio-

380 1210 541 1266 rum,
571 1191 838 1267 quaedam
875 1190 1202 1263 dispensatio
1229 1190 1372 1248 illius
1398 1189 1668 1264 appellata
1694 1196 1797 1247 est.
1831 1191 1966 1248 Nam

371 1283 504 1357 quia
548 1283 636 1339 lex
675 1283 727 1338 in
755 1282 1033 1339 communi
1058 1282 1310 1354 ponitur,
1339 1286 1393 1338 et
1422 1281 1472 1337 in
1502 1281 1815 1353 particulari
1845 1295 1967 1353 per-

373 1389 516 1431 sona
541 1378 724 1445 potest
750 1387 1044 1430 occurrere
1071 1372 1318 1444 specialis
1338 1373 1508 1442 ratio,
1532 1370 1619 1428 vel
1647 1371 1963 1442 necessitas,

381 1472 446 1523 ut
472 1480 505 1520 a
527 1463 620 1521 tali
648 1478 814 1521 onere
840 1461 1140 1535 eximatur,
1169 1461 1288 1520 ideo
1313 1476 1486 1535 genus
1517 1460 1622 1518 boc
1654 1461 1966 1518 mutationis

381 1553 657 1612 interdum
683 1553 1054 1613 necessarium
1084 1556 1181 1609 aut
1205 1554 1532 1608 conveniens
1553 1556 1656 1608 est.
1681 1549 1830 1610 Unde
1859 1549 1969 1607 dis-

381 1645 630 1717 pensatio
669 1649 802 1701 tunc
841 1642 1202 1716 propriissime
1239 1643 1325 1712 tit,
1357 1639 1574 1715 quando
1604 1641 1861 1715 obligatio
1891 1641 1968 1699 le·

377 1737 466 1809 gis
486 1778 501 1809 ,
523 1740 854 1814 quae-antea
879 1741 939 1792 et
959 1734 1406 1791 communitatem
1427 1739 1485 1791 et
1504 1733 1664 1790 talem
1683 1747 1968 1805 personam

378 1827 692 1900 obligabat,
722 1825 791 1882 ab
816 1824 922 1882 hac
951 1839 1181 1896 persona
1207 1823 1450 1895 tollitur,
1480 1837 1610 1880 cum
1647 1829 1858 1880 maneat
1883 1822 1968 1879 lex

376 1919 830 1976 communitatem
857 1915 1100 1990 obligans
1129 1915 1279 1971 circa
1305 1913 1552 1972 eamdem
1579 1913 1886 1971 materiam.

455 2013 513 2067 9.
542 2007 712 2065 Aliter
735 2009 902 2065 etiam
922 2005 1060 2064 solet
1079 2006 1216 2064 baec
1239 2007 1470 2063 mutatio
1492 2005 1606 2062 fieri
1626 2021 1724 2079 per
1743 2003 1968 2063 modum

373 2100 820 2172 communitatis,
846 2112 944 2156 seu
971 2097 1458 2170 compensationis,
1483 2111 1624 2170 quae
1645 2112 1702 2154 re
1729 2111 1860 2154 vera
1883 2103 1970 2155 est

383 2191 656 2266 quaedam
692 2189 1054 2264 dispensatio,
1082 2189 1215 2261 quia
1239 2203 1338 2262 per
1364 2187 1508 2246 illam
1535 2186 1696 2246 etiam
1722 2187 1971 2246 aufertur

381 2287 436 2342 in
463 2279 791 2359 particulari
819 2277 1070 2353 obligatio
1101 2277 1266 2352 legis3
1292 2286 1472 2336 tamen
1493 2277 1712 2351 quando
1732 2294 1841 2335 non
1870 2277 1972 2335 tol-

381 2376 513 2433 litur
535 2387 632 2444 per
650 2385 849 2444 puram
869 2367 1226 2441 privationem
1246 2368 1336 2443 (ut
1355 2369 1433 2427 sic
1455 2367 1695 2442 dicam),
1727 2369 1824 2426 sed
1843 2367 1968 2427 loco

379 2465 526 2523 illius
563 2461 788 2536 aliquod
814 2459 962 2518 aliud
1001 2475 1140 2518 onus
1178 2461 1507 2534 imponitur,
1551 2467 1784 2518 vocatur
1817 2475 1972 2518 com—

379 2555 644 2626 mutatio,
665 2551 751 2610 vel
771 2550 1172 2623 compensati03
1197 2555 1258 2606 ut
1279 2547 1496 2624 quando
1521 2549 1680 2608 alicui
1701 2550 1974 2608 relaxatur

382 2645 648 2704 ieiunium
674 2657 804 2700 cum
833 2655 996 2697 onere
1025 2638 1284 2698 recitandi
1314 2641 1614 2712 rosarium,
1637 2640 1723 2698 vel
1745 2639 1875 2728 quid
1900 2641 1970 2697 si-

381 2738 542 2808 mile,
581 2740 637 2792 et
674 2731 894 2807 quando
934 2729 1066 2788 illud
1108 2745 1278 2802 onus,
1308 2730 1458 2805 quod
1485 2729 1608 2790 loco
1636 2729 1974 2804 obligationis

383 2827 520 2902 legis
558 2823 934 2891 substituitur,
973 2819 1348 2894 pecuniarium
1373 2826 1489 2893 est,
1521 2823 1723 2893 poterit
1747 2821 1836 2878 illa
1865 2821 1972 2881 dici

379 2916 686 2988 redemptio
705 2955 720 2986 ,
751 2913 896 2970 sicut
919 2912 974 2968 in
1004 2909 1141 2967 votis
1168 2909 1310 2968 solet
1325 2910 1584 2983 appellari
1598 2926 1766 2968 :mam
1792 2911 1974 2984 quoad

383 3009 493 3066 hoc
521 3013 610 3064 est
634 3004 822 3063 eadem
850 3002 984 3059 ratio
1003 3043 1019 3075 ‚
1046 3006 1262 3059 servata
1284 3003 1654 3075 proportione,
1677 3007 1733 3059 et
1755 3001 1875 3060 ideo
1905 3001 1974 3060 de

385 3100 472 3157 his
493 3097 660 3155 videri
689 3099 951 3169 possunt,
974 3108 1115 3167 quae
1143 3092 1196 3148 iu
1225 3091 1384 3148 simili
1406 3092 1662 3164 diximus,
1686 3091 1973 3152 tractando

381 3189 452 3247 de
478 3195 627 3246 voto.
655 3188 756 3244 Hic
782 3184 1003 3242 demum
1024 3181 1229 3240 adverti
1251 3187 1466 3256 potest,
1489 3183 1666 3240 solere
1690 3181 1829 3242 hanc
1853 3197 1978 3240 mu·

381 3278 648 3338 tationem
689 3275 872 3333 vocari
910 3273 1124 3330 nomine
1143 3273 1556 3347 permissionis
1590 3277 1648 3330 et
1675 3269 1967 3341 licentiae,

385 3385 532 3445 quae
557 3376 738 3426 tamen
759 3381 922 3424 voces
949 3361 1313 3438 generaliores
1341 3370 1501 3436 sunt,
1523 3368 1579 3419 et
1598 3361 1716 3420 ideo
1733 3369 1865 3420 sunt
1882 3378 1980 3420 ex·

381 3458 680 3534 plicandae.
699 3455 989 3514 Permissio
1009 3454 1153 3511 enim
1173 3467 1281 3509 non
1308 3452 1486 3509 solum
1505 3451 1734 3527 dicitur,
1755 3451 1976 3527 quando

385 3549 644 3622 obligatio
665 3547 934 3616 aufertur,
960 3541 1055 3600 sed
1073 3543 1238 3600 etiam
1258 3540 1478 3615 quando
1501 3545 1848 3616 couniretur,
1864 3541 1977 3601 dis-

381 3639 704 3710 simulatur,
734 3643 832 3694 aut
855 3649 985 3693 cum
1011 3635 1243 3692 etl'ectus
1267 3649 1374 3691 non
1402 3633 1727 3709 impeditur,
1750 3649 1850 3692 nec
1873 3651 1975 3708 pu-

381 3730 537 3787 nitur
563 3727 792 3786 violator
823 3725 953 3800 legis
976 3767 992 3799 ,
1018 3730 1075 3781 et
1109 3722 1244 3780 haec
1271 3740 1380 3781 non
1409 3729 1494 3782 est
1517 3723 1878 3800 dispensatio,
1910 3732 1976 3783 ut

383 3835 485 3893 per
523 3835 584 3877 ae
621 3824 814 3875 notum
855 3820 958 3874 est.
1001 3816 1146 3872 Deus
1185 3815 1328 3870 enim
1355 3814 1529 3872 multa
1556 3822 1845 3889 praecepta
1873 3833 1975 3874 sua

379 3909 576 3968 violari
603 3907 900 3982 permittit,
925 3905 976 3962 in
1005 3901 1207 3979 quibus
1237 3919 1345 3961 non
1373 3905 1688 3979 dispensat,
1709 3921 1818 3962 non
1836 3921 1969 3980 ergo

389 4001 573 4061 omnis
593 3999 879 4074 permissio
900 4001 989 4054 est
1006 3994 1333 4068 dispensatio
1355 4037 1371 4067 ,
1396 3993 1489 4051 sed
1509 3993 1839 4068 dispensatio
1860 3995 1970 4058 diei

387 4096 576 4166 potest
595 4087 858 4163 quaedam
878 4085 1184 4160 permissio,
1201 4085 1328 4158 quia
1343 4100 1441 4157 per
1462 4085 1610 4142 illam
1631 4086 1827 4144 sinitur
1846 4088 1971 4162 quis

385 4197 558 4257 agere
586 4186 778 4238 contra
805 4177 1207 4252 praescriptum
1233 4172 1367 4248 legis
1394 4190 1504 4233 non
1523 4175 1704 4232 solum
1727 4176 1970 4251 impune,

384 4273 484 4332 sed
511 4272 679 4331 etiam
699 4267 1069 4328 immaculate.
1095 4267 1252 4326 Sicut
1271 4271 1453 4323 autem
1476 4265 1707 4324 diximus
1728 4265 1794 4324 de
1817 4266 1974 4325 abro-

383 4366 640 4441 gatione,
664 4360 812 4435 quod
839 4364 1021 4434 potest
1046 4357 1180 4430 fieri,
1207 4358 1288 4412 vel
1311 4355 1607 4414 auferendo
1629 4360 1866 4430 tantum,
1889 4356 1974 4414 vel

381 4457 548 4514 etiam
575 4449 942 4528 prohibendo,
972 4454 1072 4507 aut
1098 4444 1479 4520 praecipiendo
1506 4447 1874 4517 contrarium,
1906 4447 1980 4505 ita

385 4547 456 4605 de
476 4543 878 4624 dispensatione
899 4539 1008 4598 dici
1029 4545 1226 4612 potest.
1251 4541 1387 4596 Nam
1409 4534 1682 4594 interdum
1701 4543 1790 4594 est
1812 4551 1974 4610 pura,

381 4644 443 4696 et
465 4643 600 4695 tunc
621 4633 786 4691 habet
813 4629 1036 4690 modum
1061 4628 1427 4703 permissionis
1445 4667 1462 4700 ,
1485 4633 1544 4685 et
1563 4641 1660 4699 per
1679 4641 1738 4684 se
1763 4625 1867 4685 hoc
1889 4643 1979 4684 so-

384 4728 506 4786 lum
540 4723 799 4799 requirit3
839 4719 1116 4778 interdum
1151 4734 1279 4776 vero
1315 4720 1498 4792 potest
1529 4732 1628 4790 per
1662 4715 1981 4789 prohibitio·

380 4833 511 4877 nem
546 4817 691 4888 fieri,
722 4821 787 4872 ut
812 4813 858 4870 si
883 4809 1163 4885 praelatu-s
1200 4825 1309 4867 non
1337 4807 1519 4866 solum
1549 4806 1761 4864 auferat
1791 4821 1824 4864 a
1849 4805 1980 4863 sub-

381 4911 498 4970 dito
536 4906 916 4981 obligationem
945 4899 1195 4960 audiendi
1230 4900 1484 4970 missam,
1516 4915 1568 4955 v.
1599 4913 1657 4971 g.
1689 4895 1786 4955 sed
1814 4897 1977 4955 etiam

385 4999 672 5076 prohibeat
707 4997 858 5055 illam
899 4992 1092 5052 audire
1113 5033 1130 5066 ,
1159 5001 1266 5050 etc.
1299 4993 1504 5049 Nomen
1543 4990 1703 5047 etiam
1730 4989 1980 5048 licentiae

381 5093 550 5151 latius
573 5093 744 5164 patet,
767 5101 932 5160 quam
954 5098 1155 5141 nomen
1169 5079 1620 5155 dispensationis,
1647 5081 1823 5137 omnis
1837 5080 1982 5137 enim

385 5181 719 5256 dispensatio
756 5182 910 5236 recte
951 5173 1152 5232 dicitur
1189 5173 1408 5230 licentia
1435 5170 1736 5246 quaedam,
1766 5187 1875 5229 non
1903 5177 1982 5230 ta-

387 5289 514 5334 men
541 5269 718 5330 omnis
745 5265 962 5328 licentia
987 5270 1073 5324 est
1092 5261 1439 5336 dispensatio.
1463 5263 1595 5320 Nam
1617 5277 1779 5337 saepe
1801 5278 1899 5336 per
1920 5263 1980 5320 li·

2032 465 2267 523 centiam
2294 479 2403 524 non
2428 466 2707 526 relaxatur
2734 467 2991 545 obligatio
3018 467 3173 547 legis,
3204 470 3299 532 sed
3327 471 3508 532 solum
3534 481 3625 535 est

2037 553 2451 614 circumstantia
2465 558 2733 633 quaedam
2746 561 3006 635 requisita
3018 564 3075 620 in
3090 563 3205 636 ipsa
3220 563 3339 639 lege
3352 564 3420 623 ad
3436 571 3623 626 actum

2035 645 2172 701 bene
2212 647 2617 722 exercendum,
2660 655 2725 706 ut
2762 651 2991 709 maxime
3032 653 3085 710 in
3112 654 3375 729 religiosis
3402 659 3621 716 statutis

2031 735 2214 794 videre
2233 735 2531 796 licet.·Nam
2554 740 2836 813 religiosus
2858 758 2967 799 non
2980 742 3143 803 debet
3163 746 3335 820 loqui,
3354 754 3451 805 aut
3470 751 3623 807 exire

2033 825 2195 883 domo
2218 827 2329 884 sine
2357 828 2600 902 licentia3
2630 846 2761 888 cum
2792 838 2971 891 tamen
2996 833 3088 892 illa
3120 833 3311 910 datur,
3341 853 3449 896 non
3488 856 3615 913 pro-

2033 917 2148 989 prie
2186 918 2239 975 in
2276 920 2395 992 lege
2431 920 2805 995 dispensatur,
2842 924 2936 980 sed
2964 926 3147 996 potius
3175 929 3480 1001 completur
3506 946 3623 990 mo-
3652 911 3657 926 ⁸

2035 1006 2140 1064 dus
2170 1009 2428 1082 operandi
2455 1010 2574 1085 lege
2602 1013 3009 1088 praescriptus,
3032 1023 3089 1074 et
3115 1015 3232 1075 ideo
3256 1019 3376 1076 talis
3403 1021 3623 1080 licentia

2035 1113 2142 1154 non
2174 1103 2405 1174 requirit
2432 1116 2655 1159 causam
2676 1103 2919 1162 eiusdem
2947 1109 3203 1180 rationis,
3226 1123 3327 1166 nec
3350 1113 3624 1184 propriam

2034 1194 2364 1262 potestatem
2393 1191 2785 1250 iurisdictionis
2802 1235 2818 1268 ,
2842 1194 2935 1253 sed
2959 1195 3193 1254 alicuius
3216 1197 3626 1260 administratio-

2032 1278 2116 1335 nis
2133 1320 2149 1352 ,
2180 1297 2320 1354 quae
2348 1280 2417 1338 ad
2445 1283 2628 1355 legum
2656 1285 3012 1342 mutationem
3032 1279 3147 1342 'non
3177 1292 3431 1359 pertinet.

2120 1375 2205 1429 to.
2234 1373 2329 1429 His
2355 1371 2601 1430 addenda
2620 1382 2705 1432 est
2724 1378 3132 1450 interpretatio
3154 1378 3287 1453 legis
3308 1421 3323 1450 ,
3349 1397 3515 1453 quam
3534 1382 3629 1440 ali·

2038 1461 2134 1535 qui
2161 1475 2291 1518 cum
2320 1461 2716 1535 dispensatione
2743 1465 3124 1544 confundunt,
3168 1470 3263 1526 sed
3302 1478 3435 1528 sunt
3468 1471 3629 1546 longe

2042 1550 2320 1621 diversae,
2354 1558 2413 1610 ut
2440 1551 2549 1610 dixi
2580 1551 2684 1610 late
2712 1553 2801 1610 lib.
2832 1555 2925 1612 Vt.
2955 1555 3027 1614 de
3051 1563 3208 1629 voto,
3247 1575 3369 1633 cap.
3402 1564 3471 1630 93
3502 1578 3627 1619 nam

2041 1641 2112 1698 ibi
2143 1640 2287 1698 dicta
2309 1641 2377 1698 de
2399 1641 2797 1715 dispensatione
2816 1651 2871 1702 et
2890 1646 3335 1720 interpretatione
3356 1653 3463 1710 voti
3482 1667 3629 1710 eam-

2041 1730 2170 1789 dem
2198 1733 2467 1790 rationem
2497 1732 2697 1790 habent
2720 1735 2773 1791 in
2802 1735 3203 1808 dispensatione
3224 1749 3283 1800 et
3308 1742 3630 1814 interpreta-

2042 1823 2190 1880 tione
2220 1821 2353 1895 legis
2374 1863 2388 1888 ,
2422 1829 2479 1880 et
2514 1823 2635 1880 ideo
2673 1840 2782 1882 non
2824 1835 2957 1885 sunt
2982 1826 3069 1888 hic
3098 1832 3411 1903 repetenda.
3443 1833 3633 1892 Differt

2039 1927 2173 1986 ergo
2201 1913 2577 1985 interpretatio
2614 1930 2645 1970 a
2672 1915 3067 1988 dispensatione
3094 1963 3110 1994 ,
3148 1921 3301 1994 quod
3340 1938 3450 1980 non
3488 1923 3631 1981 tollit

2040 2000 2425 2076 obligationem
2464 2001 2596 2076 legis
2623 2045 2638 2076 ,
2684 2005 2779 2062 sed
2817 2007 3098 2082 declarat,
3139 2010 3311 2084 legem
3358 2012 3629 2070 interdum

2039 2108 2150 2150 non
2179 2092 2439 2168 obligare.
2471 2093 2626 2151 Unde
2651 2093 2981 2168 dispensatio
3009 2114 3042 2156 a
3079 2099 3360 2159 voluntate
3387 2103 3629 2174 proxime

2040 2180 2271 2256 pendet,
2302 2190 2359 2239 et
2382 2185 2591 2257 gratiae
2619 2199 2683 2241 ac
2706 2185 3036 2247 liberalitatis
3056 2191 3323 2248 rationem
3344 2191 3522 2266 habeb,
3548 2195 3631 2250 in-

2041 2273 2360 2346 terpretatio
2390 2273 2701 2332 intellectus
2729 2278 2911 2350 potius
2947 2284 3063 2351 est,
3090 2286 3149 2338 et
3184 2281 3452 2340 rationem
3478 2283 3632 2342 iusti-

2041 2367 2148 2422 tiae
2176 2364 2419 2422 involvit.
2446 2364 2601 2423 Unde
2629 2368 2675 2423 si
2696 2366 2791 2426 fiat
2808 2369 3090 2444 privatim,
3122 2370 3191 2428 ad
3208 2371 3473 2430 iudicium
3498 2389 3633 2446 pru-

2044 2455 2225 2514 dentis
2252 2455 2522 2528 pertinet3
2553 2457 2601 2513 si
2627 2471 2760 2515 vero
2786 2458 2876 2516 fiat
2911 2475 2980 2517 ex
3016 2467 3286 2534 potestate
3309 2504 3326 2535 ,
3363 2469 3450 2521 est
3472 2465 3630 2537 quasi

2047 2544 2281 2603 iuridica
2309 2548 2593 2605 sententia.
2614 2547 2761 2610 linc
2790 2551 2953 2607 etiam
2980 2550 3359 2626 interpretatio
3401 2569 3511 2612 non
3538 2571 3630 2613 so-

2043 2636 2160 2694 lum
2189 2637 2239 2692 in
2272 2635 2590 2709 particulari
2617 2653 2754 2695 casu
2770 2679 2785 2709 ,
2816 2639 2911 2697 sed
2936 2643 3104 2700 etiam
3129 2642 3198 2700 de
3228 2649 3355 2700 tota.
3370 2643 3489 2719 lege
3514 2645 3631 2702 fieri

2044 2733 2259 2801 potest,
2290 2735 2353 2785 ut
2380 2729 2427 2785 si
2454 2729 2547 2786 liat
2572 2729 2942 2804 interpretatio
2967 2773 2982 2804 ,
3020 2733 3171 2807 quod
3198 2733 3284 2792 lex
3311 2735 3383 2792 sit
3406 2737 3631 2810 iniusta,

2049 2823 2107 2874 et
2136 2817 2257 2874 ideo
2287 2818 2505 2875 omnino
2533 2833 2642 2875 non
2674 2818 2909 2894 obliget3
2950 2822 3034 2879 vel
3063 2823 3107 2879 si
3136 2830 3385 2882 cessante
3412 2826 3632 2882 omnino

2044 2908 2259 2966 ratione
2286 2907 2421 2981 legis
2449 2908 2503 2965 in
2534 2910 2829 2969 universali
2868 2921 3270 2988 consequenter
3296 2913 3631 2991 declaretur,

2047 2999 2183 3072 legis
2210 2998 2596 3073 obligationem
2620 3017 2865 3058 cessasse
2883 3045 2898 3076 ,
2929 3019 3057 3063 vera
3078 3005 3136 3062 iit
3164 3005 3556 3079 interpretatio,
3579 3013 3636 3064 et

2051 3096 2236 3147 tamen
2264 3088 2355 3146 illa
2380 3105 2490 3146 non
2512 3089 2727 3150 dicetur
2755 3092 3034 3166 abrogatio
3062 3094 3231 3170 legis,
3262 3095 3357 3154 sed
3385 3099 3627 3172 cognitio

2047 3178 2133 3237 vel
2161 3177 2429 3237 iudicium
2459 3179 2729 3238 nullitatis
2756 3183 2899 3239 eius.
2930 3184 3011 3241 lta
3036 3199 3192 3258 ergo,
3224 3185 3441 3260 quando
3468 3189 3633 3246 inter·

2047 3270 2279 3343 pretatio
2318 3269 2546 3344 legistit
2579 3271 2633 3328 in
2670 3273 2990 3344 particulari
3031 3287 3265 3347 persona
3289 3317 3304 3348 ,
3351 3278 3431 3333 vel
3470 3292 3629 3350 casu,

2049 3359 2196 3434 quod
2228 3358 2281 3416 in
2308 3375 2372 3417 eo
2403 3360 2489 3418 lex
2530 3377 2639 3419 non
2667 3363 2904 3438 obliget,
2938 3380 3043 3421 non
3074 3373 3253 3438 potest
3279 3366 3365 3424 illa
3391 3367 3500 3425 dici
3525 3369 3635 3427 dis-

2007 3507 2012 3512 .
2046 3451 2320 3523 pensatio.
2364 3450 2633 3518 Quocirca
2679 3467 2781 3510 nec
2822 3455 3051 3512 mutatio
3093 3455 3227 3528 legis
3264 3455 3371 3513 dici
3410 3459 3631 3531 poterit,

2048 3541 2181 3614 quia
2210 3546 2339 3598 tunc
2368 3557 2477 3598 non
2508 3547 2753 3600 mutatur
2783 3543 2898 3618 lex;
2928 3560 3055 3602 nam
3084 3546 3201 3618 ipsa
3226 3545 3293 3604 de
3321 3563 3411 3621 se,
3440 3548 3631 3608 eadem

2052 3638 2109 3689 et
2136 3629 2332 3688 eodem
2361 3631 2523 3689 modo
2550 3647 2904 3704 perseverans
2922 3677 2937 3706 ,
2966 3635 3239 3693 invenitur
3260 3652 3369 3694 non
3396 3637 3641 3713 obligans

2051 3738 2151 3796 pro
2180 3723 2273 3780 illo
2300 3738 2436 3780 casu
2462 3765 2477 3795 ,
2516 3724 2647 3798 quia
2682 3724 2769 3781 vel
2795 3726 2913 3782 suis
2950 3725 3131 3783 verbis
3170 3724 3326 3792 illum
3354 3743 3461 3784 non
3489 3743 3640 3787 com-

2051 3810 2372 3887 prehendit,
2403 3812 2488 3870 vel
2514 3828 2546 3870 a
2572 3815 2837 3888 principio
2864 3831 2972 3873 non
3000 3816 3101 3874 suit
3127 3831 3279 3874 mens
3305 3817 3632 3892 legislatoris

2052 3903 2106 3959 in
2135 3901 2225 3959 illo
2247 3942 2264 3974 ,
2306 3917 2405 3959 seu
2432 3918 2533 3975 pro
2573 3903 2664 3960 illo
2705 3903 2967 3978 obligare.
2999 3905 3151 3964 Unde
3178 3907 3548 3980 interpretatio
3576 3911 3635 3966 in

2054 3991 2295 4068 quadam
2324 3992 2704 4066 significatione
2732 3995 2905 4067 magis
2926 3994 3112 4052 stricte
3138 3995 3338 4055 dicitur
3358 3998 3467 4071 illa,
3491 4015 3641 4074 quae

2051 4083 2110 4140 fit
2134 4098 2232 4156 per
2262 4083 2553 4156 specialem
2579 4085 2839 4142 virtutem
2866 4085 3155 4158 aequitatis
3173 4127 3187 4156 ,
3220 4086 3288 4144 de
3314 4102 3424 4162 qua
3451 4088 3639 4172 dispu-

2048 4179 2132 4231 tat
2155 4172 2215 4253 d.
2244 4173 2477 4229 Thomas
2502 4178 2559 4232 2.
2588 4179 2621 4232 2
2646 4215 2661 4246 ,
2690 4189 2747 4248 q.
2787 4179 2912 4233 120.
2940 4175 3201 4250 Illamque
3222 4179 3437 4236 vocavit
3452 4196 3638 4238 emen-

2052 4263 2324 4322 dationem
2353 4263 2485 4339 legis
2510 4305 2527 4338 ,
2565 4280 2664 4323 seu
2692 4263 2971 4338 epiikiam,
3005 4266 3316 4326 Aristoteles
3348 4272 3399 4326 5.
3428 4271 3629 4330 Echio.

2049 4370 2172 4428 cap.
2211 4359 2310 4428 10,
2338 4369 2449 4410 non
2476 4352 2605 4428 quia
2631 4355 2687 4411 iu
2715 4353 2830 4428 lege
2860 4354 3023 4412 suerit
3049 4358 3303 4429 proprius
3329 4372 3507 4428 error,
3538 4359 3635 4434 qui
3692 4352 3697 4364 '

2047 4451 2243 4520 postea
2268 4460 2367 4518 per
2391 4445 2893 4517 interpretationem
2919 4445 3267 4522 emendetur,
3296 4453 3353 4510 et
3372 4447 3447 4506 ita
3462 4449 3548 4508 lex
3568 4466 3636 4508 ex

2048 4542 2204 4609 parte
2240 4541 2532 4608 mutetur,
2578 4533 2675 4592 sed
2714 4533 2911 4592 dicitur
2945 4539 3251 4595 emendatio
3292 4537 3427 4612 legis
3453 4540 3636 4612 quoad

2048 4631 2332 4686 externam
2353 4626 2586 4698 speciem
2600 4666 2616 4698 ,
2638 4631 2696 4682 et
2721 4625 2909 4700 quoad
2928 4623 3235 4699 generalem
3254 4627 3492 4702 vigorem
3517 4645 3636 4686 ver·

2048 4718 2268 4776 borum.
2298 4715 2435 4774 Nam
2462 4715 2545 4773 lex
2568 4714 2898 4790 generaliter
2926 4714 3173 4790 loquitur
3197 4759 3213 4792 ,
3241 4724 3299 4775 et
3320 4717 3496 4775 verbis
3523 4719 3640 4775 suis

2049 4824 2162 4866 non
2193 4813 2374 4882 potest
2401 4805 2704 4880 singulares
2741 4820 2906 4863 casus
2932 4806 3184 4878 excipere
3206 4847 3223 4882 ,
3261 4813 3320 4865 et
3354 4809 3429 4866 ita
3466 4807 3519 4864 in
3545 4824 3639 4865 ex-

2049 4905 2206 4956 terna
2248 4896 2431 4970 specie
2475 4895 2685 4953 videtur
2721 4896 3177 4970 comprehendere
3212 4897 3455 4972 aliquos,
3496 4915 3638 4974 quos

2047 5006 2108 5048 re
2136 5003 2269 5046 vera
2296 5003 2405 5046 non
2431 4986 2866 5061 comprehendit,
2882 4993 2937 5046 et
2961 4990 3090 5062 quia
3115 4987 3222 5048 hoc
3241 4989 3488 5049 declarat
3504 4993 3639 5065 epii-

2045 5080 2162 5154 kia,
2194 5077 2314 5136 ideo
2343 5077 2648 5136 emendatio
2676 5077 2810 5152 legis
2836 5078 3056 5136 dicitur.

2134 5172 2221 5230 11.
2251 5170 2430 5245 Atque
2458 5169 2583 5227 hinc
2614 5171 2779 5227 etiam
2806 5168 2979 5228 obiter
3018 5169 3297 5246 colligitur
3320 5211 3337 5246 ,
3382 5171 3637 5231 variatio-

2047 5277 2206 5335 nem,
2236 5275 2379 5337 quae
2398 5259 2673 5318 interdum
2701 5261 2966 5336 contingit
2986 5260 3038 5318 in
3068 5261 3390 5336 obligatione
3410 5262 3539 5338 legis
3566 5279 3634 5323 ex
