4325 6267
1832 359 2044 409 cAru‘r
2073 360 2245 408 xvu.
2322 344 2328 351 '

405 482 516 538 rari
538 480 699 539 debet
714 525 728 553 ,
756 486 819 540 ut
842 481 1050 539 elevata
1076 480 1143 537 ad
1166 481 1500 552 superiorem
1522 480 1753 553 gradum
1784 496 1879 553 per
1901 482 2001 539 dis·

3478 344 3602 407 149

2073 482 2168 554 (ne
2199 482 2473 549 contentio
2511 482 2580 539 sit
2605 482 2673 539 de
2700 482 2996 557 vocabulo)
3035 483 3361 556 simpliciter
3388 483 3680 541 dicendum

404 572 691 629 serentium
731 571 1073 629 rationalem.
1103 571 1239 639 Quia
1280 572 1363 627 lex
1407 570 1671 627 naturalis
1698 587 1807 627 non
1839 587 2003 641 regu·
2071 572 2192 641 erit,
2227 572 2375 627 iuxta
2422 571 2567 628 illam
2596 574 2918 629 sententiam
2963 575 3045 629 ius
3073 574 3312 646 gentium
3339 586 3461 630 esse
3491 575 3685 633 intrin-

407 660 555 717 latur
584 676 679 732 per
708 660 1137 717 convenientiam
1167 659 1235 717 ad
1256 667 1507 717 naturam
1530 660 1839 716 sensitivam
1861 702 1876 729 ,
1907 661 2001 717 sed

406 748 473 803 ad
504 749 855 816 rationalem;
898 750 1211 807 sensitivam
1254 757 1437 807 autem
1476 750 1700 821 respicit
1727 751 1909 807 solum
1939 758 2000 808 ut

409 843 787 912 contractam,
828 846 885 895 et
924 838 1145 911 speciali
1186 838 1347 895 modo
1388 838 1683 910 perfectam
1726 854 1823 910 per
1852 839 2003 895 diffe-

407 930 639 985 rentiam
664 927 945 998 rationale3
964 942 1099 1001 ergo
1120 926 1209 983 illa
1228 928 1605 984 convenientia
1627 928 1883 999 generice
1906 928 2003 983 irn-

408 1017 691 1086 pertinens
718 1023 804 1072 est
832 1015 900 1071 ad
921 1014 1364 1090 distinguendam
1390 1014 1565 1088 legem
1586 1023 1833 1072 naturae.
1862 1016 2007 1071 Con-

410 1106 697 1176 sequentia
744 1104 960 1161 videtur
1013 1103 1196 1175 clara,
1238 1110 1294 1160 et
1340 1102 1667 1160 antecedens
1710 1103 1997 1175 probatur.

407 1194 549 1249 Tum
592 1195 725 1265 quia
762 1192 983 1266 quando
1024 1192 1109 1250 lex
1152 1199 1381 1249 naturae
1422 1192 1620 1265 aliquid
1661 1194 1927 1264 praecipit
1951 1195 2005 1249 in

412 1280 603 1337 ordine
636 1280 703 1337 ad
731 1279 1165 1337 conservandam
1203 1287 1458 1337 naturam
1488 1280 1831 1351 sensitivam,
1865 1297 2007 1336 sem·

412 1385 515 1441 per
541 1369 769 1426 involvit
794 1368 1017 1427 modum
1044 1370 1359 1426 rationalem
1377 1410 1391 1439 ,
1416 1370 1567 1439 etita
1587 1369 1761 1427 dictat
1780 1370 1847 1427 de
1870 1386 2007 1426 con-

414 1458 691 1514 iunctionc
734 1457 899 1514 maris
936 1463 992 1514 et
1027 1457 1253 1514 feminae
1291 1458 1465 1513 multo
1492 1457 1680 1530 aliter,
1720 1474 1886 1531 quam
1926 1458 2005 1513 in-

417 1544 653 1603 stinctus
691 1546 953 1603 naturalis
992 1547 1314 1617 brutorum,
1356 1554 1418 1603 ut
1461 1554 1681 1605 constat
1717 1548 1785 1604 de
1822 1549 2009 1605 matri-

416 1638 630 1705 monio,
660 1642 720 1693 et
745 1635 886 1692 idem
918 1651 1049 1691 cum
1080 1636 1431 1707 proportione
1458 1643 1544 1692 est
1572 1636 1639 1691 de
1678 1636 2005 1693 educatione

414 1724 647 1780 tiliorum
667 1767 681 1795 ,
719 1730 775 1781 et
814 1723 881 1779 de
922 1724 1339 1781 conservatione
1371 1726 1619 1795 propriae
1649 1726 1821 1797 vitae,
1850 1732 1907 1781 et
1934 1725 2005 1780 si·

415 1813 655 1869 milibus.
681 1815 816 1870 Tum
838 1814 997 1869 etiam
1021 1813 1148 1885 quia
1176 1813 1230 1868 in
1256 1812 1449 1869 eodem
1472 1828 1637 1884 opere
1662 1814 2009 1871 materialiter

410 1902 693 1958 communi
724 1901 937 1979 brutis,
960 1902 1134 1958 multa
1156 1902 1409 1973 probibet
1430 1903 1509 1959 lex
1535 1902 1803 1959 naturalis
1834 1904 1885 1989 in
1907 1903 2007 1973 hn-

410 1990 586 2062 mine,
628 2006 659 2046 a
695 1991 897 2063 quibus
934 1991 1098 2047 bruta
1134 2006 1243 2063 non
1280 1996 1543 2047 arcentur
1582 2007 1681 2063 per
1706 1982 2009 2047 naturalem

410 2080 735 2137 instinctum
760 2121 775 2152 ,
802 2086 867 2136 ut
894 2079 1148 2151 prohibet
1171 2078 1255 2136 lex
1278 2080 1541 2136 naturalis
1568 2095 1764 2152 vagum
1793 2097 2003 2138 concu-

410 2168 616 2239 bitum,
652 2184 749 2225 seu
781 2168 1192 2224 fornicationem
1232 2168 1538 2240 simplicem
1572 2174 1627 2225 et
1666 2170 2003 2226 coniunctio·

412 2273 535 2314 nem
574 2274 704 2315 cum
741 2264 917 2314 matre
940 2300 953 2326 ,
995 2258 1078 2313 vel
1116 2272 1338 2330 sorore;
1370 2272 1509 2330 quae
1539 2258 1871 2330 privationes
1896 2275 2006 2315 non

412 2352 544 2403 sunt
572 2361 897 2403 communes
924 2346 1122 2402 brutis.
1156 2344 1307 2404 Unde
1335 2347 1498 2403 etiam
1536 2362 1739 2405 novum
1770 2363 1869 2404 seu
1900 2354 2007 2405 ter·

414 2436 547 2492 tium
580 2442 967 2509 argumentum
989 2436 1245 2507 insurgit3
1264 2451 1390 2492 nam
1410 2437 1660 2507 sequitur
1680 2453 1747 2494 ex
1770 2437 1856 2494 illa
1880 2454 2005 2495 sen-

414 2524 611 2593 tentia,
644 2524 777 2580 haec
818 2530 1111 2595 praecepta
1145 2526 1395 2596 negativa
1420 2539 1541 2589 esse
1568 2526 1705 2581 iuris
1734 2526 2001 2598 gentium,

410 2619 469 2668 et
496 2628 603 2668 non
632 2611 921 2683 naturalia,
952 2610 1103 2685 quod
1137 2611 1287 2667 valde
1310 2610 1615 2668 absurdum
1636 2619 1740 2669 est.
1767 2615 1839 2670 Et
1860 2621 2009 2686 patet

412 2703 633 2774 sequela
656 2741 671 2768 ,
697 2702 823 2774 quia
846 2708 977 2757 sunt
998 2700 1067 2758 ita
1092 2702 1310 2777 propria
1337 2700 1643 2773 homiuum,
1670 2708 1859 2759 utnon
1882 2719 2009 2774 pos·

412 2792 522 2848 sint
555 2790 665 2849 dici
702 2791 877 2849 brutis
917 2792 1259 2862 communia3
1292 2806 1419 2847 nam
1450 2790 1579 2847 licet
1606 2790 1741 2847 illud
1771 2808 1911 2863 opus
1939 2792 2011 2849 sit

411 2896 515 2938 suo
555 2880 720 2938 modo
762 2896 1059 2938 commune
1102 2878 1317 2951 brutis,
1365 2886 1543 2936 tamen
1582 2880 1801 2937 omissio
1829 2882 2009 2953 operis

412 2985 521 3025 non
551 2976 640 3026 est
668 2970 1013 3041 communis,
1036 2974 1093 3024 et
1122 2966 1257 3024 haec
1286 2973 1370 3025 est
1392 2970 1610 3041 propria
1634 2968 1858 3024 materia
1888 2969 2007 3025 talis

412 3059 569 3131 legis.
618 3060 732 3114 Hoc
772 3073 901 3115 vero
938 3064 1325 3130 argumentum
1361 3056 1667 3113 evidentius
1704 3055 2009 3113 ostenditur

412 3148 463 3203 in
494 3149 801 3220 praeceptis
840 3146 1057 3203 colendi
1091 3148 1294 3215 Deum,
1336 3144 1639 3204 honorandi
1669 3155 1924 3219 parentes
1952 3155 2010 3206 et

410 3237 745 3308 proximum.
762 3237 895 3293 Nam
915 3230 1223 3292 'absurdum
1244 3244 1331 3293 est
1350 3250 1571 3309 negare,
1586 3236 1720 3293 haec
1736 3252 1860 3293 esse
1880 3238 2010 3293 sim-

410 3326 628 3399 pliciter
648 3324 717 3381 de
743 3326 859 3397 iure
882 3324 1138 3395 naturali,
1154 3324 1249 3381 sed
1275 3331 1483 3381 tantum
1500 3324 1568 3381 de
1589 3310 1708 3380 iu're
1738 3325 2005 3397 gentium3

412 3414 664 3492 idemque
712 3422 799 3471 est
839 3416 905 3473 de
946 3421 1241 3487 praecepto
1269 3412 1589 3470 restituendi
1620 3413 1889 3483 alienum,
1924 3412 2006 3470 vel

408 3503 673 3560 reddendi
702 3503 1042 3575 depositum,
1072 3503 1153 3559 vel
1186 3502 1437 3559 servandi
1470 3502 1798 3572 fidelitatem,
1823 3502 2009 3559 dicen-

410 3593 465 3650 di
496 3593 811 3664 veritatem,
844 3599 899 3649 et
934 3591 1230 3661 similibus,
1262 3606 1403 3663 quae
1431 3597 1562 3648 sunt
1589 3592 1808 3663 propria
1836 3592 2009 3649 bomi-

407 3696 541 3738 num
560 3723 575 3753 ,
603 3688 661 3737 et
688 3697 795 3737 non
826 3681 1139 3737 communia
1168 3694 1295 3736 curn
1324 3680 1501 3735 brutis
1523 3679 1684 3736 etiam
1716 3680 2009 3737 materiali-

408 3778 525 3843 ter,
553 3778 609 3828 et
642 3778 821 3828 tamen
851 3768 917 3827 ad
948 3768 1195 3826 naturale
1226 3769 1311 3826 ius
1341 3768 1567 3824 maxime
1586 3771 1883 3840 pertinent.

484 3857 565 3917 Ad
595 3859 733 3915 baec
763 3875 896 3915 vero
925 3858 1240 3929 responderi
1268 3861 1474 3929 potest,
1505 3857 1654 3913 iuxta
1681 3859 1860 3914 civilia
1887 3858 2007 3916 iura

407 3949 493 4005 ius
527 3949 774 4021 gentium
812 3962 871 4004 re
915 3961 1042 4001 vera
1076 3961 1197 4002 esse
1237 3946 1322 4001 ius
1349 3945 1630 4018 naturale,
1662 3947 1819 4002 etita
1844 3962 2005 4019 saepe

406 4038 463 4093 in
490 4038 607 4093 iure
634 4036 775 4093 civili
808 4038 1025 4105 vocari,
1058 4042 1119 4091 ut
1145 4040 1295 4106 patet
1318 4036 1370 4090 in
1404 4034 1506 4106 leg.
1543 4033 1697 4092 bona
1728 4034 1908 4108 fides,
1944 4037 2000 4093 ff.

407 4122 685 4200 depositi,
723 4130 779 4181 et
814 4130 847 4189 s
874 4121 1213 4195 etquidem,
1248 4119 1355 4188 ete
1391 4120 1787 4193 singulorum,
1825 4126 1999 4181 lnstit.

405 4212 477 4269 de
511 4227 698 4270 rerum
737 4212 996 4269 divisione
1016 4253 1030 4281 ,
1071 4218 1125 4266 et
1166 4218 1191 4285 ζ
1217 4209 1429 4282 penult.
1461 4211 1636 4267 Instit.
1668 4209 1737 4268 de
1766 4214 1883 4267 iure
1912 4228 2004 4269 na-

406 4308 520 4359 tur.
550 4303 890 4374 Quapropter
918 4315 1026 4355 non
1054 4301 1157 4355 erit
1181 4299 1481 4356 absurdum
1504 4299 1558 4354 in
1582 4299 1688 4356 hoc
1714 4316 1881 4357 sensu
1906 4318 2003 4358 vo·

404 4407 535 4449 care
576 4397 873 4463 praecepta
908 4395 1371 4458 commemorata,
1404 4388 1510 4445 imo
1540 4396 1596 4445 et
1624 4392 1803 4445 omnia
1833 4393 2000 4447 Deca-

406 4479 514 4554 logi
546 4477 611 4536 de
644 4479 761 4535 iure
789 4480 1035 4551 gentium
1052 4518 1067 4549 ,
1093 4478 1224 4551 quia
1251 4492 1346 4549 per
1371 4476 1477 4533 hoc
1500 4493 1606 4533 non
1629 4486 1859 4550 negatur
1880 4494 2001 4536 esse

403 4569 471 4626 de
498 4569 717 4641 proprio
752 4574 807 4623 et
832 4566 1022 4623 stricto
1052 4568 1171 4622 iure
1200 4565 1461 4637 naturali,
1488 4565 1582 4622 sed
1604 4565 1884 4623 indicatur
1905 4582 1998 4639 pe-

402 4658 627 4715 culiaris
670 4656 900 4725 modus,
943 4661 1000 4711 et
1036 4654 1194 4728 quasi
1235 4656 1534 4727 proprietas
1563 4654 1685 4711 talis
1713 4657 1881 4731 iuria,
1916 4672 1999 4713 re-

402 4756 599 4821 spectu
638 4747 907 4804 humanae
936 4750 1160 4801 naturae
1185 4785 1199 4817 ,
1228 4749 1285 4800 et
1316 4744 1392 4800 ita
1418 4744 1697 4800 contentio
1728 4751 1845 4801 tota
1875 4761 1999 4802 ver-

402 4838 607 4895 sabitur
629 4836 776 4893 circa
804 4834 977 4891 solum
1011 4848 1173 4889 usum
1197 4832 1371 4905 vocis,
1397 4832 1479 4889 vel
1502 4835 1881 4891 necessitatem
1904 4841 2004 4893 aut

402 4925 689 4983 utilitatem
726 4923 868 4979 illius
905 4921 1269 4978 distinctionis
1308 4922 1359 4977 iu
1396 4920 1488 4977 illo
1515 4938 1703 4977 sensu.
1734 4921 1840 4979 Sed
1880 4922 2005 4981 licet

402 5016 508 5072 hoc
530 5014 711 5087 aliqua
738 5029 805 5069 ex
836 5017 983 5083 parte
1005 5010 1079 5066 ita
1100 5010 1198 5083 sit3
1225 5008 1575 5067 nihilo‘minus
1598 5009 1839 5066 secunda
1864 5014 2000 5068 ratio

401 5105 548 5161 facta
575 5103 768 5159 retinet
803 5115 960 5156 suam
992 5099 1132 5168 vim,
1164 5104 1221 5155 et
1248 5097 1485 5154 ostendit
1516 5098 1809 5170 improprie
1852 5098 2001 5157 valde

400 5194 527 5266 dici,
549 5192 665 5250 dari
695 5191 781 5248 ius
812 5187 1059 5246 naturale
1084 5202 1378 5245 commune
1406 5187 1596 5245 brutis.
1631 5188 1699 5244 Et
1720 5194 2003 5260 praeterea

2072 675 2198 715 sece
2234 667 2292 716 et
2329 661 2684 718 essentialiter
2722 663 2808 719 ius
2850 662 3130 733 naturale,
3171 678 3271 719 seu
3297 668 3508 734 partem
3537 664 3678 720 eius.

2073 750 2191 804 Hoc
2235 755 2416 804 autem
2457 748 2522 804 ad
2561 750 2772 820 omnia,
2804 766 2945 822 quae
2983 750 3051 807 de
3089 752 3206 807 iure
3233 753 3474 823 gentium
3505 751 3678 809 addu-

2078 844 2310 909 cuntur,
2335 836 2740 894 accommodari
2759 854 2866 893 non
2889 844 3087 910 potest3
3105 842 3233 913 quia
3257 839 3525 912 quaedam
3547 856 3680 896 con-

2076 926 2248 982 tinent
2287 927 2567 982 materiam
2607 942 2711 982 non
2749 926 2928 983 solum
2967 928 3361 1000 necessariam,
3393 928 3487 985 sed
3515 930 3680 985 etiam

2076 1029 2421 1071 communem
2461 1014 2674 1086 brutis,
2719 1020 2782 1071 ut
2817 1021 3120 1073 monstrant
3157 1024 3476 1089 argumenta
3504 1017 3671 1090 sacta3

2080 1103 2186 1159 alia
2216 1119 2323 1158 nou
2365 1102 2542 1160 solum
2589 1109 2880 1160 versantur
2916 1104 2967 1159 in
3001 1106 3218 1161 materia
3265 1108 3480 1177 propria
3507 1106 3680 1163 homi-

2077 1208 2246 1262 num,
2279 1191 2374 1248 sed
2412 1193 2578 1249 etiam
2616 1208 2723 1248 non
2755 1194 3037 1250 continent
3062 1195 3414 1251 intrinsecam
3441 1196 3680 1253 necessi-

2079 1286 2244 1337 tatem
2267 1322 2281 1350 ,
2314 1287 2374 1337 ut
2399 1296 2466 1337 ex
2495 1281 2852 1353 sequentibus
2881 1281 3173 1339 constabit.
3211 1310 3216 1313 -

2158 1376 2213 1427 4.
2245 1368 2588 1453 Quapropter
2615 1372 2778 1425 etiam
2805 1386 2914 1426 non
2957 1371 3136 1442 placet
3177 1369 3373 1428 modus
3415 1372 3670 1444 loquendi

2082 1456 2392 1530 aliquorum
2425 1457 2842 1531 theologorum,
2875 1456 2980 1531 qui*
3002 1461 3280 1531 sentiunt,
3309 1462 3396 1517 ius
3424 1462 3672 1532 gentium

2082 1546 2279 1603 habere
2307 1548 2663 1603 intrinsecam
2695 1548 3076 1604 necessitatem
3108 1550 3160 1604 in
3201 1549 3314 1604 suis
3346 1551 3673 1621 praeceptis,

2080 1634 2368 1706 solumque
2411 1636 2626 1691 differre
2657 1650 2688 1691 a
2715 1636 2982 1707 naturali,
3012 1636 3141 1709 quia
3170 1636 3253 1691 ius
3285 1636 3532 1693 naturale
3561 1638 3676 1693 sine

2080 1724 2336 1780 discursu
2361 1766 2375 1795 ,
2417 1723 2500 1779 vel
2546 1724 2797 1781 facillimo
2828 1724 3079 1781 discursu
3108 1726 3432 1795 innotescit3
3465 1726 3548 1781 ius
3577 1742 3674 1781 au·

2081 1817 2188 1867 tem
2216 1812 2461 1884 gentium
2492 1827 2588 1884 per
2619 1812 2802 1883 plures
2831 1813 3102 1869 illationes
3123 1820 3179 1868 et
3201 1812 3534 1869 difficiliores
3555 1813 3672 1869 col-

2080 1900 2287 1973 ligitur.
2321 1900 2478 1975 Quod
2507 1908 2688 1972 potest
2718 1903 2860 1957 sumi
2889 1916 2954 1957 ex
2987 1902 3115 1956 Soto
3147 1901 3262 1957 libr.
3307 1906 3353 1971 1,
3385 1916 3440 1973 q.
3477 1906 3533 1973 5,
3557 1907 3665 1956 art.

2082 1995 2113 2048 4
2137 2032 2152 2061 ,
2185 1997 2240 2046 et
2269 1990 2507 2045 indicant
2543 1991 2710 2061 aliqui
2741 1988 2985 2045 moderni
3021 1990 3340 2055 thomistae,
3375 1991 3452 2045 ita
3481 1990 3678 2046 intelli-

2079 2086 2270 2150 gentes
2299 2078 2354 2133 d.
2380 2077 2663 2148 Thomam,
2688 2092 2852 2149 quem
2876 2077 3017 2133 infra
3043 2077 3540 2149 interpretabimur.
3567 2080 3675 2135 No·

2079 2168 2162 2225 bis
2201 2169 2366 2239 igitur
2403 2168 2541 2223 haec
2578 2168 2737 2222 etiam
2781 2168 3043 2223 sententia
3082 2183 3187 2222 non
3219 2168 3428 2239 placet,
3463 2167 3664 2238 primo,

2079 2260 2210 2330 quia
2239 2257 2412 2313 multa
2431 2256 2696 2313 dicuntur
2718 2271 2838 2311 esse
2862 2256 2928 2313 de
2957 2256 3073 2314 iure
3093 2257 3337 2328 gentium
3354 2298 3368 2325 ,
3396 2272 3538 2328 quae
3562 2272 3668 2311 non

2083 2347 2284 2405 habent
2310 2347 2456 2404 illam
2477 2347 2827 2403 intrinsecam
2857 2346 3238 2404 necessitatem
3253 2384 3268 2414 ,
3293 2351 3356 2401 ut
3379 2343 3571 2401 divisio
3593 2360 3676 2401 re-

2079 2452 2235 2508 rum,
2261 2438 2521 2507 servitus,
2545 2444 2600 2492 et
2629 2436 2731 2492 alia
2750 2474 2765 2505 ,
2788 2450 2930 2507 quae
2951 2435 3088 2490 infra
3114 2434 3436 2491 videbimus.
3463 2435 3674 2491 Secun·
3774 2498 3786 2505 ,

2076 2523 2149 2580 do
2185 2540 2251 2580 ac
2297 2523 2620 2596 praecipue,
2653 2526 2780 2595 quia
2807 2526 2891 2579 ius
2919 2522 3162 2596 gentium
3193 2537 3293 2578 nec
3323 2522 3475 2578 circa
3503 2524 3676 2593 prima

2080 2614 2348 2684 principia
2390 2613 2644 2681 moralia,
2675 2627 2778 2669 uec
2806 2613 2956 2667 circa
2985 2611 3405 2681 conclusiones,
3437 2625 3578 2683 quae
3606 2625 3673 2667 ex

2080 2700 2184 2758 illis
2205 2704 2517 2758 necessario
2541 2700 2875 2775 inseruntur,
2891 2703 3097 2757 versari
3120 2704 3317 2771 potes13
3346 2700 3474 2771 quia
3497 2700 3678 2755 omnia

2076 2788 2172 2845 illa
2213 2790 2318 2846 sub
2357 2791 2578 2861 proprio
2607 2790 2722 2845 iure
2751 2790 2982 2845 naturali
3010 2786 3584 2860 comprehenduntur,
3615 2792 3678 2843 ut

2080 2895 2204 2950 cap.
2238 2880 2349 2935 Vll.
2382 2879 2668 2951 probatum
2697 2884 2800 2935 est.
2828 2879 2898 2934 Et
2925 2880 3310 2949 confirmatum
3337 2892 3464 2932 nam
3489 2876 3673 2933 omnia

2079 2974 2406 3040 praecepta,
2451 2983 2594 3039 quae
2633 2982 2666 3023 a
2708 2969 2816 3023 Deo
2859 2973 2988 3021 sunt
3013 2956 3076 3021 in⁸
3095 2964 3358 3021 cordibus
3388 2964 3674 3019 hominum

2080 3058 2290 3128 scripta
2315 3096 2330 3127 ,
2376 3057 2647 3129 pertinent
2684 3054 2753 3111 ad
2793 3056 2882 3110 ius
2923 3053 3203 3122 naturale,
3249 3060 3310 3109 ut
3337 3052 3578 3108 sumitur
3603 3067 3671 3108 ex

2081 3145 2250 3201 Paulo
2290 3144 2357 3200 ad
2398 3147 2624 3201 Roman.
2669 3149 2736 3215 ²3
2783 3142 2876 3199 sed
2914 3142 3094 3197 omnia
3122 3141 3238 3212 illa,
3269 3156 3410 3213 quae
3439 3138 3672 3197 evidenti

2081 3237 2292 3291 ratione
2321 3231 2678 3290 deducuntur
2703 3248 2769 3289 ex
2792 3231 3071 3303 principiis
3099 3236 3350 3301 naturae,
3381 3235 3512 3286 sunt
3537 3230 3672 3286 scri-

2078 3331 2170 3395 pta
2213 3324 2266 3379 in
2307 3320 2594 3390 cordibus,
2641 3336 2770 3393 ergo
2799 3319 2980 3376 omnia
3008 3320 3279 3390 pertinent
3305 3318 3374 3375 ad
3401 3318 3484 3373 ius
3513 3322 3673 3373 natu-

2079 3426 2192 3467 rae.
2225 3412 2341 3467 Ete
2369 3424 2636 3466 converso
2665 3414 2953 3480 praecepta
2980 3406 3113 3464 iuris
3144 3408 3388 3480 gentium
3411 3407 3476 3462 ab
3501 3406 3672 3461 homi-

2082 3501 2245 3556 nibus
2275 3498 2591 3556 introducta
2621 3504 2752 3555 sunt
2791 3513 2888 3568 per
2931 3496 3214 3552 arbitrium
3251 3504 3306 3552 et
3341 3510 3672 3551 consensum

2074 3588 2296 3645 illorum
2320 3629 2336 3661 ,
2359 3590 2472 3644 sive
2499 3586 2552 3641 in
2578 3592 2696 3643 tota
2725 3586 3006 3642 hominum
3029 3583 3418 3641 communitate
3439 3622 3453 3650 ,
3479 3583 3666 3639 sivein

2078 3680 2272 3733 maiori
2318 3682 2501 3749 parte,
2532 3691 2665 3748 ergo
2701 3690 2810 3731 non
2841 3679 3073 3744 possunt
3100 3672 3206 3729 dici
3235 3674 3445 3744 scripta
3466 3673 3520 3727 in
3547 3687 3672 3728 cor-

2076 3765 2239 3822 dibus
2271 3764 2546 3821 hominum
2578 3763 2645 3820 ab
2671 3769 2901 3835 auctore
2929 3768 3191 3831 naturae,
3223 3776 3356 3833 ergo
3379 3767 3511 3817 sunt
3539 3759 3671 3815 iuris

2075 3854 2298 3911 humani
2325 3860 2382 3909 et
2409 3868 2517 3910 non
2544 3852 2828 3908 naturalis.
2861 3848 3016 3917 Quod
3045 3849 3090 3905 si
3115 3847 3182 3904 de
3212 3847 3482 3921 aliquibus
3513 3863 3672 3920 prae·

2074 3944 2246 4016 ceptis
2277 3942 2407 3999 iuris
2435 3942 2683 4014 gentium
2713 3940 2816 3996 hoc
2839 3938 3148 3995 necessario
3170 3936 3454 3995 fatendum
3474 3944 3579 4007 est,
3606 3944 3672 3996 ut

2075 4031 2461 4101 ostendemus,
2493 4047 2599 4087 non
2631 4035 2849 4101 oportet
2889 4030 2976 4084 ius
3013 4029 3250 4099 gentium
3279 4043 3408 4083 cum
3439 4027 3668 4083 naturali

2073 4120 2413 4177 confundere
2430 4160 2444 4186 ,
2471 4134 2571 4175 nec
2595 4126 2820 4189 propter
2839 4116 2986 4173 solas
3007 4116 3272 4173 illationes
3293 4118 3453 4172 etiam
3477 4116 3661 4187 plures

2074 4212 2151 4266 ita
2192 4224 2389 4266 vocare
2431 4210 2518 4264 ius
2559 4207 2689 4264 illud
2709 4248 2724 4279 ,
2755 4206 2902 4279 quod
2933 4205 3251 4277 simpliciter
3280 4204 3529 4262 naturale
3556 4210 3660 4278 est3

2074 4315 2197 4356 nam
2229 4299 2518 4355 discursus
2547 4313 2654 4353 non
2684 4295 2928 4353 excludit
2953 4310 3137 4351 veram
3159 4302 3213 4352 et
3239 4293 3545 4351 naturalem
3573 4308 3670 4349 ne-

2075 4388 2390 4445 cessitatem
2433 4386 2711 4459 praecepti
2741 4384 2820 4439 sic
2850 4383 3080 4455 cogniti,
3110 4390 3166 4439 et
3193 4382 3344 4453 quod
3372 4381 3664 4438 discursus

2072 4478 2143 4533 sit
2184 4491 2281 4548 per
2324 4474 2543 4547 plures,
2587 4473 2672 4530 vel
2713 4472 3004 4545 pauciores
3046 4464 3349 4543 illationes,
3379 4469 3552 4542 magis
3579 4470 3668 4529 vel

2072 4565 2254 4622 minus
2281 4570 2472 4632 notas,
2505 4562 2660 4619 valde
2689 4559 3120 4617 accidentarium
3147 4565 3249 4616 est.

2150 4660 2204 4711 5.
2238 4652 2440 4708 Dicunt
2463 4665 2592 4707 vero
2613 4648 2799 4721 aliqui,
2815 4649 2902 4704 ius
2924 4646 3172 4704 naturale
3195 4646 3664 4718 comprehendere

2069 4740 2456 4798 conclusiones
2483 4742 2559 4795 ita
2587 4736 2948 4809 necessarias,
2975 4742 3039 4793 ut
3067 4735 3216 4792 nulla
3241 4735 3388 4793 sacta
3415 4736 3666 4807 supposi-

2068 4832 2212 4888 tione
2232 4830 2514 4887 societatis
2536 4829 2827 4898 humanae,
2853 4824 2935 4882 vel
2957 4823 3314 4897 dependentis
3333 4840 3366 4881 a
3387 4825 3666 4882 voluntate

2070 4920 2331 4993 humana,
2361 4924 2628 4991 sequatur
2648 4931 2717 4973 ex
2736 4913 3014 4989 principiis
3035 4918 3266 4970 naturae
3287 4912 3592 4985 evidenter,
3607 4917 3668 4969 et

2071 5010 2170 5066 has
2208 5025 2316 5065 non
2355 5013 2608 5079 spectare
2645 5004 2714 5062 ad
2755 5008 2842 5061 ius
2882 5003 3156 5077 gentium:
3197 5018 3321 5058 esse
3363 5018 3494 5059 vero
3533 5002 3666 5058 alias

2068 5097 2481 5167 conclusiones,
2497 5112 2642 5169 quae
2663 5100 2976 5169 sequuntur
2995 5094 3160 5149 etiam
3183 5108 3251 5149 ex
3273 5092 3550 5164 principiis
3573 5106 3664 5147 na-

2070 5196 2228 5246 turae
2256 5185 2588 5261 necessario,
2621 5191 2803 5242 tamen
2823 5197 2930 5241 non
2951 5180 3225 5254 absolute,
3257 5179 3354 5239 sed
3382 5180 3666 5257 supposita

3129 6257 3136 6259 .
3205 6244 3536 6261 *a*
3565 6249 3583 6259 a
3616 6247 3725 6261 Q..-
