4325 6267
1761 368 1971 419 cnm·
1997 360 2093 419 IVS

300 492 613 557 immediate
638 512 670 554 a
694 494 915 554 Christo
942 492 1157 569 habuit,
1198 494 1291 554 sed
1318 512 1423 555 sua
1450 496 1783 555 auctoritate
1808 510 1903 553 ac-

304 588 473 663 cepit,
504 594 561 645 et
587 587 779 645 eadem
807 590 999 659 postea
1024 587 1265 661 reliquit.
1294 586 1481 655 Quoad
1512 585 1613 645 hos
1634 602 1765 659 ergo
1788 586 1903 660 epi-

302 684 567 751 scopatus
599 674 914 735 succedunt
940 677 1202 750 apostolis
1230 678 1509 751 episcopi,
1536 676 1755 750 proprie
1782 675 1903 750 qui-

300 769 445 841 dem,
476 775 534 826 et
566 770 625 825 in
650 768 829 841 rigore
856 766 1037 823 solum
1076 767 1129 823 in
1167 766 1271 825 illis
1304 767 1586 838 ecclesiis,
1627 781 1770 840 quae
1810 764 1904 823 ali·

300 874 463 931 quem
488 874 555 915 ex
583 856 847 931 apostolis
890 856 1203 915 habuerunt
1221 857 1273 914 in
1292 858 1530 930 primum
1552 856 1897 929 episcopum,

300 951 353 1007 in
381 949 611 1022 reliquis
660 963 790 1005 vero
829 948 1011 1006 solum
1052 963 1149 1021 per
1188 946 1485 1022 quamdam
1522 946 1901 1017 imitationem,

301 1040 383 1099 vel
414 1038 880 1113 participationem
897 1080 913 1113 ,
942 1054 1109 1111 quam
1150 1037 1356 1095 bahent
1381 1052 1413 1093 a
1440 1039 1626 1109 Petro,
1654 1051 1763 1092 non
1802 1034 1904 1091 im·

301 1130 535 1189 mediate
570 1146 605 1187 a
635 1128 871 1188 Christo.
914 1126 996 1185 Ad
1024 1126 1189 1184 verba
1216 1126 1415 1184 Christi
1450 1125 1639 1183 Matth.
1678 1130 1765 1184 18.
1796 1125 1905 1182 iam

300 1222 513 1279 dictum
552 1226 667 1287 est,
696 1218 877 1277 solum
907 1218 1077 1276 luisse
1104 1218 1448 1291 promissiva.
1476 1215 1665 1275 Modus
1691 1222 1901 1287 autem,

301 1326 413 1386 quo
443 1310 571 1370 talis
608 1316 855 1383 potestas
880 1314 1027 1366 esset
1044 1306 1223 1365 danda
1247 1302 1565 1381 pastoribus
1602 1306 1901 1377 Ecclesiae,

302 1403 371 1460 ibi
396 1418 509 1459 non
551 1399 896 1459 declaratur.
928 1398 1085 1459 Unde
1112 1398 1241 1456 licet
1263 1400 1510 1472 episcopi
1536 1396 1771 1455 habeant
1806 1412 1906 1471 per

300 1495 526 1550 Petrum
548 1488 1261 1564 potestatem,virlsimilein
1284 1486 1405 1545 illos
1416 1488 1688 1558 convenit,
1712 1492 1903 1565 Quos·

300 1598 553 1659 eumque
585 1580 939 1656 etqaveruis,
976 1586 1087 1637 etc.
1118 1594 1247 1637 cum
1278 1582 1689 1652 participatione
1714 1585 1773 1636 et
1794 1578 1907 1636 dis-

300 1673 597 1732 tributione
640 1670 1027 1731 accommoda.
1068 1670 1299 1744 Reliqua
1333 1670 1644 1728 testimonia
1668 1670 1904 1728 immeri-

301 1773 357 1823 to
385 1764 655 1835 afferunt,
684 1764 816 1837 quia
844 1778 955 1819 non
981 1761 1167 1819 solum
1194 1762 1263 1820 de
1287 1764 1581 1835 episcopis,
1612 1761 1711 1820 sed
1736 1764 1903 1819 etiam

300 1856 367 1913 de
400 1854 658 1912 omnibus
686 1852 1091 1925 superioribus,
1120 1868 1225 1909 seu
1250 1850 1509 1924 praelatis
1548 1851 1903 1909 interioribus

300 1961 496 2002 verum
530 1944 751 2001 babent.
784 1944 853 2001 Et
880 1958 982 2001 suo
1008 1940 1172 2000 modo
1200 1942 1365 1999 etiam
1390 1944 1444 1999 in
1465 1942 1897 2016 magistratibus,

299 2041 356 2093 et
384 2034 727 2107 principibus
750 2031 1160 2105 temporalibus,
1180 2033 1429 2105 quamvis
1450 2040 1665 2091 certum
1686 2033 1775 2105 sit,
1790 2048 1899 2090 non

300 2126 615 2185 immediate
641 2140 675 2182 a
698 2125 845 2195 Deo,
884 2122 983 2181 sed
1024 2138 1124 2196 per
1160 2125 1574 2181 concessionem
1616 2123 1899 2181 bominum

302 2217 505 2273 hahere
547 2231 705 2273 suam
745 2218 1093 2287 potestatem.
1138 2213 1272 2270 Nam
1311 2220 1603 2285 postquam
1644 2211 1765 2269 illas
1804 2212 1902 2271 ha-

300 2308 453 2379 bent,
484 2306 754 2379 incipiunt
776 2320 902 2363 esse
928 2301 1164 2361 ministri
1192 2304 1308 2375 Dei,
1332 2310 1389 2359 et
1408 2302 1530 2361 ideo
1550 2302 1651 2361 illis
1670 2302 1901 2362 debetur

300 2398 623 2456 obedientia.
1366 2408 1369 2413 ·

387 2490 478 2548 17.
508 2486 591 2545 Ad
619 2484 931 2544 secundum
960 2490 1110 2557 patet
1135 2484 1425 2557 responsio
1449 2499 1517 2542 ex
1542 2482 1736 2557 dictis3
1766 2500 1901 2543 con-

302 2596 464 2638 cessa
486 2580 635 2636 enim
670 2577 865 2635 maiori
906 2577 958 2633 in
1001 2577 1145 2633 bono
1186 2590 1383 2646 sensu,
1424 2582 1659 2649 negatur
1696 2576 1897 2649 minor,

304 2673 431 2746 quia
457 2676 703 2744 potestas
726 2666 935 2727 serendi
956 2666 1105 2741 leges
1134 2682 1241 2723 non
1269 2672 1355 2724 est
1382 2664 1449 2723 de
1478 2666 1687 2723 ratione
1712 2666 1903 2725 intrin-

304 2778 435 2820 seca
460 2760 708 2819 muneris
734 2756 1069 2831 episcopalis
1108 2755 1417 2817 secundum
1454 2756 1767 2839 generalem
1812 2773 1899 2814 ra-

304 2854 505 2911 tionem
536 2866 717 2921 suam,
746 2848 1061 2906 secundum
1100 2861 1268 2920 quam
1310 2846 1471 2903 habet
1510 2846 1771 2919 originem
1808 2846 1903 2904 ali-

302 2958 467 3018 quam
501 2958 534 2999 a
552 2941 673 2999 iure
698 2940 899 3010 divin03
923 2945 980 2995 et
998 2937 1122 2995 ideo
1150 2952 1260 2993 non
1280 2942 1367 2993 est
1386 2943 1515 3008 apta
1534 2939 1899 3011 comparatio,

302 3050 445 3107 quae
476 3034 535 3090 fit
562 3031 631 3089 ad
658 3031 977 3105 dignitatem
1003 3027 1365 3101 apostolatus3
1396 3042 1521 3083 nam
1548 3026 1639 3085 illa
1680 3028 1785 3088 suit
1822 3029 1902 3087 di·

301 3124 483 3198 gnitas
518 3121 835 3180 universalis
864 3118 1249 3177 iurisdictionis
1284 3126 1541 3191 respectu
1580 3116 1755 3177 totius
1796 3122 1903 3177 Ec-

302 3215 529 3285 clesiae,
565 3220 622 3270 et
646 3213 715 3269 ab
741 3213 859 3283 ipso
885 3212 1009 3267 iure
1032 3208 1215 3265 divino
1242 3208 1344 3265 l'uit
1371 3207 1731 3267 determinata
1752 3209 1821 3266 ad
1840 3210 1903 3267 il-

302 3307 417 3363 lum
448 3304 689 3380 gradum
716 3301 1082 3374 perfectionis.
1120 3298 1462 3371 Episcopalis
1502 3306 1691 3359 autem
1730 3300 1905 3375 digni-

300 3402 383 3452 tas
410 3393 601 3468 quoad
632 3391 1061 3449 iurisdictionem
1090 3406 1199 3445 non
1224 3394 1311 3446 est
1336 3389 1411 3446 ita
1438 3389 1507 3446 de
1533 3392 1657 3447 iure
1696 3390 1900 3464 divino,

302 3502 403 3544 nec
434 3484 603 3543 habet
634 3482 702 3539 ab
730 3482 821 3539 illo
848 3488 1070 3539 certum
1099 3478 1325 3538 modum
1354 3481 1661 3551 potestatis,
1691 3488 1747 3539 et
1772 3498 1903 3539 oon-

304 3582 607 3649 sequenter
623 3587 725 3628 nec
740 3571 1157 3639 institutionem,
1171 3569 1267 3627 sed
1286 3569 1466 3628 solum
1482 3570 1733 3644 generale
1748 3587 1903 3645 prae·

3355 352 3488 419 317

1969 501 2154 553 tamen
2181 494 2346 554 etiam
2375 494 2460 553 alii
2491 494 2724 569 apostoli
2751 510 2850 569 per
2875 502 3210 569 potestatem
3235 496 3335 555 sibi
3357 512 3390 554 a
3409 496 3566 555 Chri·
3591 508 3598 516 ·

1967 591 2052 643 sto
2078 600 2404 645 concessam
2431 587 2700 645 ecclesias
2725 588 3032 663 erigebant,
3073 594 3133 646 et
3169 589 3462 661 episcopos
3502 590 3560 647 in

1964 678 2046 734 eis
2072 677 2508 750 constituebant,
2539 684 2603 735 ut
2627 680 2696 737 de
2721 678 2891 737 Paulo
2918 678 3132 738 dictum
3157 686 3266 750 est,
3297 687 3358 737 et
3395 678 3463 737 de
3502 695 3562 737 se

1964 768 2083 840 ipse
2108 773 2366 840 testatur,
2397 774 2455 825 et
2479 768 2548 826 de
2570 756 2770 827 loanhe
2797 768 3060 843 Evangel.
3093 772 3170 827 ait
3194 770 3560 847 Hieronymus

1966 854 2033 915 de
2056 857 2428 929 Scriptoribus
2445 857 2856 915 ecclesiasticis:
2877 862 3053 918 Totas
3063 857 3558 929 Asiaefundavit,

1965 950 2238 1021 rexitque
2255 946 2555 1005 ecclesias.
2569 948 2644 1006 Et
2659 949 2975 1006 Tertullian.
2992 949 3083 1006 lib.
3100 940 3383 1007 4.¹contra
3395 951 3566 1009 Mar-

1967 1040 2215 1105 cionem,
2251 1052 2375 1110 cap.
2405 1036 2724 1105 Habemus,
2758 1038 2966 1111 inquit:
2999 1040 3250 1097 Ioannis
3277 1038 3564 1097 alumnas

1966 1127 2278 1197 ecclesias;
2307 1144 2456 1186 nam
2493 1131 2604 1185 etsi
2646 1129 2930 1187 Marcion
2971 1128 3398 1204 Apocalypsim
3434 1132 3564 1187 eius

1964 1222 2210 1295 respuit,
2237 1218 2382 1277 ordo
2410 1224 2614 1279 tamen
2631 1222 3040 1294 episcoporum
3059 1217 3144 1276 ad
3161 1222 3454 1292 oriqinem
3473 1236 3566 1277 re-

1969 1326 2198 1372 census.
2230 1312 2296 1367 in
2325 1316 2612 1370 Ioannem
2635 1308 2822 1367 stabit
2859 1313 3187 1367 auctorem.
3231 1310 3302 1366 Et
3337 1308 3406 1367 de
3443 1307 3564 1367 aliis

1969 1401 2222 1459 similiter
2247 1408 2332 1459 est
2359 1407 2553 1459 notum
2579 1416 2646 1457 ac
2677 1403 3076 1459 necessarium.

2050 1494 2137 1551 18.
2170 1489 2528 1549 Nihilominus
2557 1506 2686 1547 vero
2713 1490 3052 1549 credendum
3078 1495 3198 1561 est,
3229 1506 3418 1547 omnes
3449 1492 3564 1564 epi-

1965 1597 2166 1653 scopos
2182 1581 2248 1639 ab
2265 1581 2526 1653 apostolis
2547 1589 2764 1639 creatos
2785 1581 3041 1639 habuisse
3058 1596 3436 1655 successores,
3451 1598 3564 1639 me-

1966 1671 2055 1730 dia
2080 1674 2228 1730 Petri
2251 1672 2601 1741 auctoritate,
2633 1671 2890 1745 mediate,
2919 1672 3004 1729 vel
3048 1672 3380 1729 immediate.
3423 1674 3560 1731 Nam

1967 1762 2103 1820 ordo
2130 1762 2510 1820 hierarchicas
2537 1763 2954 1836 episcoporum,
2999 1762 3561 1839 archiepiscoporum,

1966 1858 2023 1909 et
2048 1852 2490 1924 patriarcharum
2533 1868 2564 1909 a
2603 1854 2876 1925 principio
2915 1853 3198 1911 Ecclesiae
3237 1853 3464 1930 incepit3
3509 1860 3566 1913 et

1966 1942 2095 2017 quia
2122 1945 2176 1997 in
2203 1942 2454 2001 Ecclesia
2481 1951 2750 2020 perpetuo
2779 1950 2899 2002 erat
2925 1943 3254 2015 duraturus,
3295 1960 3405 2001 non
3447 1945 3562 2002 sine

1966 2032 2291 2089 auctoritate
2319 2033 2462 2090 Petri
2490 2033 2772 2091 institutus
2797 2040 2905 2106 est,
2931 2041 2993 2092 ut
3021 2034 3148 2091 alibi
3170 2037 3279 2092 Deo
3301 2033 3464 2093 dante
3487 2035 3564 2092 la·

1964 2125 2079 2181 tius
2106 2122 2400 2181 dicemus?
2425 2125 2580 2181 Tunc
2606 2140 2738 2198 ergo
2767 2126 2820 2182 in
2848 2125 2996 2195 Asia,
3019 2130 3077 2181 et
3103 2124 3222 2181 aliis
3247 2126 3561 2199 regionibus

1964 2213 2350 2271 remotioribus
2377 2228 2476 2286 per
2501 2212 2824 2272 electionem
2867 2214 3108 2289 aliquam
3149 2230 3256 2271 usu
3295 2220 3352 2271 et
3391 2216 3561 2272 tacito

1966 2319 2243 2361 consensu
2274 2306 2486 2362 romani
2507 2304 2784 2363 pontificis
2809 2304 3012 2363 fiebant
3035 2304 3276 2379 episcopi
3301 2312 3358 2363 et
3397 2320 3561 2377 supe-

1966 2395 2139 2452 riores
2168 2393 2430 2468 praelati‚
2471 2402 2530 2451 et
2567 2394 2800 2452 sortasse
2839 2395 3236 2469 archiepiscopi
3269 2396 3564 2453 confirma-

1964 2483 2096 2541 bant
2112 2485 2404 2557 episcopos
2425 2483 2476 2540 in
2501 2486 2746 2556 Oriente,
2777 2492 2836 2543 et
2855 2486 3168 2559 regionibus
3188 2487 3436 2557 remotis,
3468 2502 3563 2560 pa-

1968 2574 2239 2634 triarchae
2267 2582 2448 2647 autem
2488 2576 2812 2649 episcopos3
2841 2576 2942 2651 ipsi
2981 2591 3111 2633 vero
3142 2574 3490 2649 patriarchae
3529 2592 3562 2633 a

1968 2664 2238 2737 principio
2267 2665 2494 2723 suerunt
2521 2681 2618 2739 per
2643 2668 2868 2724 Petrum
2895 2666 3151 2739 instituti,
3175 2672 3232 2723 et
3251 2672 3444 2739 postea
3460 2681 3560 2723 au-

1968 2757 2227 2812 ctoritate
2255 2770 2511 2813 romanae
2539 2756 2842 2828 Ecclesiae,
2872 2756 2956 2813 vel
2987 2756 3148 2813 modo
3177 2755 3359 2831 aliquo
3382 2755 3450 2813 ab
3473 2755 3560 2813 illa

1968 2846 2314 2918 praescripto
2329 2846 2832 2921 constituebantur3
2847 2853 2903 2905 et
2923 2845 2992 2905 ad
3015 2846 3163 2904 huuc
3177 2848 3403 2904 modum
3422 2862 3566 2905 sem·

1968 2951 2066 3009 per
2092 2942 2396 3008 potuerunt
2420 2938 2666 3009 episcopi
2693 2937 2952 3010 mediate,
2996 2937 3079 2995 vel
3117 2936 3427 2995 immediate
3464 2952 3566 3009 per

1970 3041 2260 3085 romanum
2290 3028 2606 3085 Pontificem
2627 3028 2826 3086 creari.
2855 3030 2928 3086 Et
2951 3027 3079 3086 licet
3105 3044 3202 3100 per
3240 3020 3564 3087 electionem

1967 3118 2052 3175 vel
2081 3118 2502 3191 postulationem
2531 3118 2666 3177 cleri
2709 3127 2804 3177 aut
2841 3119 3027 3193 populi
3068 3120 3278 3193 tierent,
3321 3126 3565 3191 potestas

1970 3208 2089 3280 ipsa
2116 3222 2334 3281 semper
2359 3208 2596 3266 dabatur
2623 3211 2954 3268 auctoritate
2983 3211 3208 3282 capitis,
3241 3210 3326 3266 vel
3355 3225 3452 3282 per
3479 3226 3561 3283 se,

1971 3299 2055 3355 vel
2086 3313 2184 3370 per
2211 3298 2347 3356 alios
2375 3307 2685 3371 operantes3
2716 3299 2868 3373 quod
2895 3316 3068 3375 usque
3110 3299 3267 3357 hodie
3309 3308 3564 3359 servatur

1968 3392 2023 3445 in
2064 3389 2318 3447 Ecclesia
2357 3390 2666 3463 catholica,
2709 3405 3038 3465 semperque
3080 3398 3358 3449 servatum
3392 3391 3564 3450 ruisse

1968 3478 2310 3537 credendum
2336 3487 2442 3538 est.
2463 3481 2623 3552 Nam,
2653 3486 2718 3538 ut
2741 3480 2818 3537 ait
2854 3483 3110 3538 irenaeus
3139 3480 3231 3537 lib.
3260 3486 3315 3553 3,
3343 3497 3468 3554 cap.
3489 3487 3552 3541 32

1970 3566 2065 3626 Ad
2089 3584 2412 3627 romanam
2438 3568 2780 3629 Ecclesiam
2798 3575 3044 3647 propter
3061 3568 3563 3645 principaliorem

302 3674 530 3739 ceptum
560 3661 901 3735 instituendi,
932 3668 991 3719 et
1016 3660 1332 3719 conserendi
1356 3661 1522 3717 illam.
1556 3663 1625 3719 Et
1649 3662 1757 3719 hoc
1786 3679 1903 3721 mo·
1960 3658 2488 3733 principalitatem
2511 3675 2744 3717 necesse
2769 3666 2856 3718 est
2881 3676 3081 3717 omues
3122 3663 3434 3719 convenire
3472 3677 3565 3718 ec-

302 3756 373 3814 do
402 3754 749 3813 sufficienter
776 3753 1124 3825 explicantur
1146 3750 1313 3809 verba
1338 3750 1512 3809 Pauli:
1548 3755 1624 3811 In
1664 3769 1779 3826 quo
1802 3769 1904 3811 vos

306 3849 573 3922 Spiritus
609 3848 855 3902 sanctus
887 3845 1093 3917 posuit
1128 3844 1429 3917 episcopos
1466 3856 1667 3915 reqere
1706 3843 1908 3903 Eccle-

302 3940 467 3993 siam
497 3937 636 3993 Dei.-
662 3950 729 3991 eo
754 3932 839 3990 vel
866 3932 1121 3997 maxime,
1153 3932 1303 4005 quod
1328 3932 1488 3989 etiam
1516 3948 1669 4006 reges
1709 3934 1905 3992 dicun·

304 4034 399 4083 tur
426 4040 661 4099 regnare
688 4039 785 4097 per
812 4026 1006 4093 Deum,
1035 4029 1093 4080 et
1122 4023 1317 4081 habere
1346 4030 1675 4096 potestatem
1704 4040 1735 4081 a
1766 4028 1900 4098 Deo,

303 4117 519 4175 etiamsi
552 4130 650 4187 per
674 4113 925 4171 homines
955 4111 1257 4169 immediate
1284 4111 1387 4169 illis
1428 4112 1628 4171 collata
1668 4116 1779 4171 sint
1819 4130 1904 4173 re-

304 4223 433 4281 gna;
463 4208 542 4263 ita
575 4200 707 4278 ergo
750 4204 880 4261 licet
915 4203 1157 4276 episcopi
1199 4204 1607 4261 constituantur
1644 4220 1676 4262 a
1716 4207 1899 4277 Petro,

306 4298 591 4355 verissime
620 4294 847 4365 dicitur,
878 4294 1087 4366 positos
1125 4308 1249 4349 esse
1287 4307 1319 4349 a
1358 4292 1559 4365 Spiritu
1600 4301 1795 4351 sancto
1833 4294 1901 4353 ad

309 4385 607 4462 regendam
628 4384 951 4456 Ecclesiam,
974 4384 1105 4457 quia
1126 4382 1259 4440 haee
1280 4388 1366 4439 est
1384 4382 1641 4438 voluntas
1666 4385 1902 4455 Spiritus

310 4478 512 4547 sancti,
548 4482 606 4533 et
630 4490 741 4533 non
770 4474 881 4531 sine
908 4474 1079 4547 ipsius
1105 4473 1464 4544 inspiratione
1482 4479 1540 4528 et
1560 4474 1902 4545 cooperatio·

311 4585 377 4626 ne
402 4570 484 4625 fit.
500 4565 753 4640 Reliqua,
768 4580 911 4639 quae
930 4564 1004 4621 ibi
1025 4561 1322 4636 adduntur,
1346 4563 1453 4619 iam
1476 4569 1608 4620 sunt
1624 4563 1897 4635 expedita.

385 4658 473 4717 Ad
504 4658 731 4715 tertium
768 4671 835 4712 ex
876 4670 987 4711 usu
1024 4653 1420 4726 respondetur,
1464 4659 1589 4726 post
1626 4654 1903 4725 apostolos

311 4762 533 4823 semper
558 4746 731 4805 fuisse
756 4748 1049 4818 episcopos
1072 4753 1287 4803 creatos
1308 4758 1407 4817 per
1431 4744 1692 4814 homines,
1714 4750 1773 4801 et
1792 4761 1902 4803 non

310 4838 623 4900 immediate
653 4854 686 4895 a
711 4837 951 4905 christo,
980 4842 1039 4893 et
1064 4835 1343 4909 accepisse
1384 4850 1541 4892 suam
1579 4841 1905 4907 potestatem

312 4931 584 4990 mediante
614 4927 875 4987 Pontifice
914 4940 1131 4984 summo
1171 4926 1355 4999 aliquo
1396 4924 1580 4999 modo,
1622 4923 1755 4982 licet
1790 4942 1901 4983 non

310 5036 528 5094 semper
558 5020 721 5077 suerit
745 5017 887 5075 idem
914 5017 1110 5075 modus
1138 5022 1410 5085 serratus.
1438 5018 1575 5075 Nam
1602 5017 1657 5073 in
1700 5016 1903 5088 prinei·

312 5115 419 5187 pio«
434 5109 707 5170 nascentis
732 5108 1037 5180 Ecclesiae,
1068 5106 1197 5165 licet
1219 5109 1415 5165 Petrus
1442 5123 1543 5165 sua
1570 5106 1899 5165 auctoritate

310 5202 749 5278 quamplurimos
792 5200 1143 5272 episcopatus
1178 5198 1433 5270 erexerit,
1478 5206 1543 5255 ut
1580 5198 1687 5257 late
1729 5198 1899 5255 refert

310 5294 578 5353 Beronius
605 5307 733 5351 ann.
766 5294 860 5365 ⁴4,
890 5304 1044 5348 num.
1084 5294 1171 5364 11,
1202 5293 1297 5363 27,
1322 5296 1381 5347 et
1406 5304 1567 5363 saepe
1588 5288 1709 5346 aliis
1732 5288 1891 5361 locis-3

1970 3747 2202 3817 ctesias,
2237 3750 2349 3807 hoc
2377 3754 2463 3807 est
2485 3765 2683 3807 omnes
2711 3749 2967 3825 undique
2978 3748 3210 3823 fideles.
3253 3750 3413 3819 Quod
3437 3750 3567 3809 licet

1969 3841 2202 3897 maxime
2230 3839 2298 3896 de
2323 3839 2572 3897 doctrina
2599 3839 2718 3897 fidei
2748 3856 2938 3899 verum
2969 3841 3058 3913 sit,
3089 3825 3272 3898 tamen
3297 3844 3462 3901 etiam
3483 3842 3564 3899 lo-

1969 3946 2102 3988 cum
2130 3930 2332 3987 habeat
2355 3930 2408 3986 in
2441 3931 2526 3987 his
2553 3925 2829 4001 omnibus,
2859 3946 2999 4004 quae
3027 3930 3096 3987 ad
3125 3933 3437 3989 universale
3478 3948 3563 3989 re-

1968 4020 2171 4094 gimen,
2202 4028 2261 4079 et
2285 4021 2565 4094 graviores
2591 4024 2710 4079 eius
2735 4030 2899 4079 actus
2927 4022 3222 4095 pertinent,
3248 4024 3392 4080 inter
3419 4040 3564 4097 quos

1970 4119 2328 4184 computatur
2355 4114 2562 4169 cre'atio
2587 4114 3009 4187 episcoporum,
3039 4120 3102 4170 ut
3127 4113 3296 4171 tradit
3331 4116 3558 4188 Gregor.

1972 4202 2026 4258 in
2056 4218 2111 4259 c.
2140 4204 2556 4278 Praeceptum,
2590 4201 2717 4260 dist.
2757 4207 2844 4273 12,
2873 4210 2930 4261 et
2947 4203 3021 4260 ibi
3041 4204 3253 4275 Glossa,
3276 4210 3334 4261 et
3353 4204 3443 4262 alii
3465 4220 3564 4263 no-

1968 4300 2108 4365 tant,
2138 4299 2195 4350 et
2220 4294 2460 4350 sumitur
2479 4307 2547 4349 ex
2569 4308 2692 4366 cap.
2720 4293 3020 4367 Antiquis,
3040 4298 3324 4367 9,quaest.
3343 4294 3563 4368 3,quod

1970 4389 2256 4455 sumptum
2282 4389 2368 4439 est
2391 4398 2458 4439 ex
2497 4381 2728 4455 epistola
2766 4382 3043 4440 Athanasii
3085 4384 3153 4441 ad
3193 4384 3428 4441 Felicem
3469 4400 3564 4456 pa·

1970 4489 2117 4546 pam.
2148 4472 2302 4531 Unde
2329 4475 2496 4531 etiam
2525 4480 2684 4531 notat
2707 4474 2897 4531 Glossa
2921 4476 2976 4531 in
3005 4490 3130 4548 cap.
3169 4478 3554 4551 Quanquam,

1971 4562 2039 4619 de
2065 4563 2232 4621 elect.
2262 4565 2318 4619 in
2350 4566 2406 4633 6,
2435 4562 2584 4637 quod
2611 4562 2678 4620 de
2705 4564 2824 4621 iure
2852 4563 3104 4638 antiquo,
3129 4570 3187 4621 et
3205 4565 3562 4637 dispositione

1970 4653 2252 4711 Ecclesiae
2281 4660 2522 4727 potestas
2562 4653 2876 4711 conserendi
2913 4644 3288 4728 episcopatum
3331 4657 3564 4727 pertinet

1970 4742 2039 4799 ad
2066 4746 2290 4816 Papam,
2314 4751 2374 4802 et
2391 4750 2548 4803 notat
2566 4744 2981 4802 panormitanus
3001 4746 3056 4802 in
3079 4760 3202 4818 cap.
3224 4748 3464 4813 Verum,
3493 4745 3562 4804 de

1969 4832 2074 4891 lor.
2108 4840 2348 4907 compet.
2381 4850 2536 4891 num.
2575 4840 2661 4893 11.

2048 4926 2226 4999 Atque
2253 4926 2382 4983 hinc
2411 4923 2626 4984 tandem
2653 4925 2924 4999 explicata
2949 4933 3008 4984 et
3033 4926 3354 4985 confirmata
3380 4936 3563 4988 manet

1972 5014 2168 5073 ultima
2195 5032 2322 5089 pars
2349 5016 2692 5090 assertionis,
2720 5017 2773 5073 in
2799 5032 2912 5091 qua
2937 5016 3278 5089 dicebamus,
3321 5025 3561 5091 potesta-

1968 5112 2079 5163 tem
2108 5106 2248 5163 hanc
2275 5106 2664 5180 episcoporum
2693 5108 2956 5181 originem
2985 5106 3184 5165 habere
3209 5122 3242 5164 a
3265 5094 3384 5165 iure
3426 5110 3562 5168 divi-

1971 5204 2133 5264 no3et
2156 5206 2512 5271 praeceptum
2533 5198 2731 5256 Christi
2759 5206 2864 5270 est,
2883 5198 3206 5258 utEcclesia
3227 5214 3326 5271 per
3345 5199 3558 5272 episco-

1968 5302 2069 5361 pos
2095 5287 2459 5363 gubernetur,
2489 5296 2546 5347 et
2573 5290 2722 5365 quod
2750 5305 2781 5346 a
2807 5292 2950 5363 Papa
2980 5296 3247 5349 vocentur
3266 5292 3325 5348 in
3346 5297 3558 5365 partem
