4325 6267
1718 335 1932 390 atsur
1953 305 2185 390 “xxvm

331 465 598 527 luntatem
637 468 984 545 iegislatoris,
1018 483 1160 543 quae
1189 483 1299 528 non
1319 482 1532 542 semper
1553 462 1924 524 irrationabilis

329 565 434 616 est.
465 561 620 617 Hanc
643 562 1008 630 assertionem
1022 558 1308 618 intendunt
1325 565 1584 618 auctores
1605 557 1778 627 citati,
1798 570 1925 628 pro-

329 649 608 724 baturque
633 651 790 725 prior
812 666 939 723 pars
965 666 1033 708 ex
1072 667 1183 708 usu
1221 648 1546 724 religionum
1568 689 1585 722 ,
1629 649 1681 704 in
1721 644 1924 720 quibus

331 741 520 814 plures
549 746 678 799 sunt
697 741 1124 798 constitutiones
1145 740 1409 800 cadentes
1429 741 1480 798 in
1507 739 1758 798 materias
1779 735 1847 794 de
1867 750 1924 792 se

333 829 672 888 sufficientes
703 829 770 888 ad
797 830 1148 904 obligandum
1177 831 1283 888 sub
1311 831 1554 901 mortali,
1589 830 1636 886 si
1675 830 1926 902 rigorose

332 913 626 995 praecepta
655 919 723 979 de
751 920 852 979 illis
879 923 1318 995 imponerentur,
1350 927 1414 978 ut
1453 927 1586 978 sunt
1611 937 1662 975 v.
1697 935 1756 992 g.
1793 931 1926 974 con-

333 1014 543 1071 stitutio
567 1010 822 1070 audiendi
851 1013 1072 1070 missam
1101 1011 1367 1086 quotidie,
1399 1011 1484 1068 vel
1515 1007 1788 1070 ieiunandi
1829 1005 1922 1064 tali

327 1103 441 1171 die,
471 1111 583 1163 etc.
615 1104 684 1160 Et
708 1103 1052 1160 nihilominus
1079 1105 1208 1177 quia
1234 1105 1292 1160 in
1319 1103 1560 1176 ipsismet
1586 1100 1919 1172 declaratur,

327 1210 436 1251 non
469 1210 590 1252 esse
617 1194 964 1252 intentionem
991 1194 1265 1268 religionis
1305 1192 1544 1268 obligare
1571 1191 1640 1250 ad
1669 1187 1923 1262 mortale,

323 1300 436 1341 non
476 1287 552 1341 ita
589 1284 856 1358 obligant,
897 1285 1002 1342 sub
1041 1299 1396 1358 quacumque
1435 1285 1609 1342 forma
1636 1283 1928 1340 verborum

327 1375 602 1433 serantur.
635 1377 706 1433 Et
740 1375 868 1432 nihil
907 1382 1177 1448 repugnat
1216 1375 1459 1450 obligare
1497 1373 1570 1432 ad
1609 1372 1838 1442 veniale,
1883 1381 1928 1438 si

325 1465 436 1522 hoc
463 1465 628 1522 etiam
655 1467 708 1522 in
737 1465 869 1539 ipsis
896 1465 1383 1524 constitutionibus
1412 1453 1756 1534 declaretur,
1783 1461 1930 1518 sicut

325 1562 528 1628 potest;
556 1555 708 1613 nulla
735 1557 878 1614 enim
909 1555 1084 1613 afferri
1113 1563 1298 1629 potest
1323 1554 1700 1629 repugnantia,
1725 1568 1931 1626 suppo-

330 1647 434 1702 sita
461 1646 632 1719 priori
655 1648 966 1720 negatione.
983 1647 1054 1705 Et
1080 1645 1316 1706 sortasse
1344 1647 1399 1704 in
1421 1643 1692 1720 aliquibus
1716 1642 1931 1717 religio-

329 1739 492 1796 nibus
520 1740 597 1796 ita
623 1738 858 1813 obligat,
888 1746 955 1797 ut
988 1739 1156 1796 sentit
1181 1737 1236 1796 d.
1267 1737 1500 1796 Thomas
1527 1741 1582 1795 2.
1617 1740 1674 1809 2,
1705 1751 1761 1809 q.
1801 1737 1926 1808 186,

323 1835 436 1886 art.
469 1833 524 1888 9.
557 1826 626 1886 ad
660 1830 710 1886 1.
741 1827 920 1899 Addo,
945 1827 1096 1902 quod
1124 1828 1216 1886 ubi
1241 1834 1444 1886 neutro
1471 1825 1634 1885 modo
1662 1824 1926 1898 obligant,

323 1925 632 1993 utrumque
657 1918 980 1990 exprimitur
1005 1920 1062 1975 in
1089 1918 1216 1991 ipsis
1245 1916 1749 1988 constitutionibus,
1779 1921 1842 1972 ut
1860 1913 1929 1970 de

323 2025 428 2066 sua
449 2009 730 2084 Religione
755 2009 948 2068 retulit
971 2009 1029 2066 d.
1061 2009 1301 2068 Thomas
1325 2011 1496 2068 citato
1517 2008 1660 2082 loco,
1685 2007 1812 2070 etin
1835 2021 1931 2064 no-

326 2107 474 2157 strae
490 2099 774 2158 societatis
793 2100 1286 2158 constitutionibus
1305 2099 1446 2158 idem
1469 2099 1720 2156 habetur.
1741 2099 1800 2154 ln
1823 2096 1928 2154 hoc

325 2199 514 2248 autem
543 2192 663 2265 ipso
690 2189 854 2248 modo
882 2189 1270 2248 declarationis·
1295 2194 1426 2248 satis
1449 2191 1804 2264 significatur,
1831 2203 1929 2261 po·

327 2282 504 2339 tuisse
527 2281 664 2339 tales
685 2281 1106 2338 constitutiones
1129 2281 1180 2338 in
1205 2280 1308 2338 illis
1329 2279 1538 2338 eisdem
1561 2279 1772 2353 legibus
1792 2277 1931 2336 obli-

325 2388 462 2446 gare
489 2371 596 2428 sub
610 2370 822 2444 veniali,
837 2371 1124 2428 etnonsub
1145 2370 1384 2444 mortali,
1401 2369 1522 2427 ideo
1543 2370 1688 2428 enim
1711 2376 1931 2426 utrum-

328 2478 436 2536 que
463 2463 813 2535 exprimitur,
845 2477 914 2518 ne
941 2461 1056 2519 solo
1085 2460 1300 2519 mortali
1319 2460 1568 2534 excluso,
1594 2464 1926 2517 censeantur

329 2553 573 2627 obligare
611 2551 713 2609 sub
743 2552 954 2610 veniali.
985 2555 1166 2626 Atque
1197 2553 1325 2610 hinc
1365 2552 1602 2610 sumitur
1641 2565 1932 2624 argumen-

332 2650 452 2701 tum
477 2642 624 2701 aliud
653 2643 868 2717 exlege
895 2658 1032 2716 pure
1060 2642 1294 2716 poenali,
1322 2659 1434 2718 quo
1462 2648 1700 2700 utuntur
1725 2641 1930 2700 Navar-

331 2751 430 2791 rus
456 2741 512 2792 et
539 2733 650 2807 alii,
679 2749 804 2791 nam
833 2733 918 2791 lex
943 2749 1012 2791 ex
1051 2734 1350 2792 intentione
1390 2733 1710 2807 legislatoris
1751 2739 1930 2806 potest

331 2841 438 2882 non
461 2823 702 2898 obligare
720 2825 794 2881 ad
811 2824 1053 2896 culpam,
1074 2823 1170 2882 sed
1187 2831 1400 2883 tantum
1413 2823 1482 2882 ad
1502 2840 1756 2897 poenam,
1770 2825 1928 2881 etiam

330 2917 382 2972 in
411 2915 632 2972 materia
658 2914 726 2972 de
753 2929 811 2970 se
837 2917 992 2988 gravi
1018 2921 1076 2972 et
1109 2913 1414 2972 sufficiente
1441 2916 1510 2973 ad
1551 2914 1928 2989 obligationem

329 3006 435 3063 sub
461 3005 700 3070 mortali,
730 3011 796 3062 ut
819 3019 884 3062 ex
913 3004 1119 3062 eisdem
1139 3004 1622 3063 constitutionibus
1641 3002 1925 3063 Praedica-

329 3101 518 3153 torum
553 3101 802 3170 constat,
833 3096 968 3154 etin
999 3096 1352 3170 sequentibus
1393 3096 1716 3171 generaliter
1741 3095 1930 3167 dispu-

329 3186 569 3258 tabitur,
611 3203 744 3261 ergo
785 3202 884 3260 per
922 3188 1170 3246 eamdem
1207 3189 1560 3246 intentionem
1600 3186 1927 3260 legislatoris

329 3278 446 3334 fieri
477 3278 700 3352 poterit,
731 3285 796 3336 ut
823 3277 906 3334 lex
939 3278 1141 3353 obliget
1167 3277 1271 3336 sub
1299 3277 1523 3350 veniali,
1564 3277 1774 3335 etiamsi
1815 3293 1930 3339 ma-

329 3367 468 3424 teria
487 3382 660 3440 capax
681 3373 827 3424 esset
847 3369 1065 3425 maioris
1088 3367 1451 3442 obligationis.
1464 3366 1808 3441 Responderi
1832 3383 1930 3440 po·

329 3463 464 3528 test,
490 3457 663 3530 legem
685 3457 969 3532 poenalem
995 3457 1214 3516 tandem
1236 3457 1435 3516 resolvi
1453 3460 1510 3515 in
1534 3458 1775 3532 aliquam
1796 3457 1930 3516 obli-

327 3550 605 3622 gationem
633 3549 1024 3606 conscientiae.
1051 3547 1156 3606 Sed
1187 3556 1403 3621 contra;
1426 3565 1556 3606 nam
1573 3557 1694 3608 este
1715 3549 1820 3608 hoc
1842 3565 1930 3606 ve·

329 3653 460 3694 rum
483 3639 578 3711 sit,
607 3643 789 3710 potest
813 3637 1011 3696 resolvi
1033 3641 1089 3696 in
1111 3638 1284 3697 solam
1307 3639 1690 3714 obligationem
1712 3640 1817 3699 sub
1839 3656 1932 3698 ve-

331 3728 484 3801 niali,
517 3733 581 3786 ut
607 3729 650 3784 si
678 3743 853 3801 poena
879 3734 1026 3786 esset
1050 3729 1203 3803 levis,
1234 3744 1400 3803 quam
1431 3733 1681 3789 omittere
1709 3745 1818 3788 non
1843 3745 1931 3788 es-

329 3825 418 3875 set
443 3819 694 3890 mortale3
715 3827 846 3876 tunc
866 3821 1014 3876 enim
1027 3821 1187 3892 quasi
1210 3819 1442 3878 mediate
1461 3835 1549 3878 res
1569 3820 1748 3894 gravis
1771 3835 1931 3893 prae-

333 3908 540 3980 cipitur
567 3908 672 3966 sub
699 3908 866 3980 culpa
893 3909 1082 3967 veniali
1107 3910 1463 3984 incurrenda,
1487 3913 1593 3967 nisi
1611 3909 1734 3968 talis
1756 3925 1930 3985 poena

333 3998 650 4071 impleatur3
681 4015 816 4074 ergo
843 4001 1006 4058 etiam
1041 3999 1348 4059 immediate
1375 4007 1432 4058 et
1450 3989 1777 4075 simpliciter
1801 4017 1930 4074 pos-

331 4096 424 4146 set
449 4089 530 4147 sic
557 4090 816 4163 praecipi.

411 4185 468 4238 6.
489 4186 536 4238 Α
561 4181 730 4254 priori
758 4197 888 4238 vero
917 4180 1138 4254 probari
1173 4180 1280 4240 hoc
1306 4188 1509 4254 potest.
1549 4184 1728 4240 Primo
1746 4225 1762 4256 ‚
1802 4183 1930 4256 quia

329 4270 454 4328 talis
495 4270 578 4328 lex
605 4287 712 4328 non
737 4278 825 4329 est
849 4271 1068 4344 iniusta,
1099 4287 1276 4346 neque
1301 4272 1486 4330 illicita
1513 4289 1580 4330 ex
1617 4279 1774 4346 parte
1814 4289 1929 4330 ma-

326 4365 518 4432 teriae3
559 4379 686 4422 nam
714 4363 978 4436 praecipit
1005 4378 1120 4419 rem
1160 4362 1466 4436 honestam,
1496 4378 1675 4436 neque
1715 4361 1930 4422 excedit

328 4458 660 4527 potestatem
697 4453 921 4510 ferentis
947 4451 1146 4527 legem,
1175 4453 1272 4510 sed
1298 4454 1482 4525 potius
1509 4460 1594 4510 est
1620 4454 1776 4527 quasi
1815 4455 1927 4511 ina·

329 4545 636 4619 deequatus
670 4551 830 4604 actus
857 4547 996 4618 eius,
1029 4559 1131 4601 cur
1155 4559 1288 4616 ergo
1316 4545 1420 4601 erit
1447 4543 1624 4602 nulla?
1651 4543 1803 4602 Unde
1831 4559 1928 4616 pa-

329 4653 456 4694 rum
486 4638 670 4708 refert,
707 4635 858 4712 quod
887 4637 955 4694 sit
975 4635 1300 4708 indiscreta,
1333 4635 1464 4709 quia
1489 4634 1844 4707 imprudentia
1872 4637 1928 4692 in

327 4727 450 4801 lege
491 4727 711 4785 ferenda
747 4744 854 4784 non
895 4727 1026 4784 iacit
1059 4727 1206 4784 illam
1235 4724 1440 4782 nullam
1463 4767 1478 4795 ,
1521 4727 1623 4781 nisi
1651 4725 1840 4783 reddat
1865 4725 1929 4783 il·

329 4819 438 4876 lam
467 4825 706 4892 turpem,
729 4818 1089 4889 inhonestam,
1114 4825 1214 4874 aut
1233 4819 1494 4874 iniustam
1519 4815 1660 4894 ultra
1688 4823 1928 4889 potesta-

327 4915 440 4966 tem
466 4909 684 4966 serentis
713 4909 880 4966 illam.
906 4910 1018 4965 Nec
1046 4909 1206 4965 etiam
1236 4914 1343 4979 est,
1371 4923 1477 4964 cur
1505 4906 1623 4964 talis
1651 4906 1740 4965 lex
1763 4923 1929 4979 repu-

329 5005 479 5057 tetur
506 4997 884 5072 impossibilis3
914 4998 1042 5071 quia
1067 4999 1114 5053 si
1143 4999 1372 5055 materia
1405 5003 1490 5054 est
1525 5010 1697 5068 capax
1725 4996 1928 5070 obliga·

329 5091 492 5148 tionis
519 5089 765 5161 maioris,
794 5103 900 5146 cur
927 5104 1032 5144 non
1059 5090 1164 5145 erit
1191 5087 1411 5145 minoris
1430 5086 1458 5144 7
1483 5087 1928 5162 quandoquidem

328 5186 566 5254 utraque
592 5186 681 5236 est
705 5179 866 5252 quasi
892 5177 1234 5236 extrinsecus
1261 5175 1550 5235 adveniens
1579 5176 1652 5234 illi
1680 5194 1778 5251 per
1797 5177 1928 5235 libe-

326 5286 450 5334 ram
487 5270 824 5328 voluntatem
855 5269 1200 5343 imperantis,
1232 5269 1456 5329 sicutin
1493 5269 1744 5328 censuris
1775 5285 1831 5328 v.
1865 5285 1925 5346 g.

488 5378 666 5426 suma
676 5409 688 5432 .
707 5379 768 5428 De
781 5379 970 5436 uotam
983 5399 1035 5413 -
1047 5378 1154 5426 Pars
1169 5378 1207 5425 1.

3378 319 3512 386 257

1993 462 2122 524 licet
2147 481 2250 539 pro
2278 467 2625 527 contumacia
2652 466 2709 524 in
2739 465 2886 524 furto
2914 464 3066 540 gravi
3094 463 3269 538 possit
3294 461 3592 521 rationabi-

1992 552 2117 612 liter
2142 557 2342 629 imponi
2367 559 2861 617 excommunicatio
2900 558 3109 630 mai0r3
3154 556 3503 614 nihilominus
3546 554 3593 612 si

1990 643 2202 704 seratur
2228 651 2723 712 excommunicatio
2751 665 2879 708 cum
2906 648 3208 706 intentione
3229 664 3336 705 non
3358 647 3591 704 inseren-

1993 733 2049 791 di
2076 738 2372 812 maiorem,
2412 755 2523 798 non
2552 739 2815 796 inseretur
2854 738 3056 811 maior,
3100 739 3367 796 inferetur
3407 746 3593 795 autem

1991 825 2196 902 minor,
2228 831 2273 885 si
2302 830 2577 902 praelatus
2607 847 2729 889 eam
2768 829 3031 902 intendat,
3062 817 3271 886 etiamsi
3312 829 3454 886 sorte
3495 843 3590 885 ne-

1993 917 2260 992 gligenter
2286 926 2342 977 et
2366 920 2741 994 imprudenter
2768 920 2962 994 saciat,
3006 936 3115 977 non
3157 917 3379 978 ferendo
3421 916 3589 975 maio-

1993 1023 2132 1080 rem,
2166 1010 2243 1068 ita
2268 1026 2401 1086 ergo
2428 1014 2482 1068 in
2512 1013 2793 1086 proposito
2824 1016 3180 1084 praeceptum
3210 1010 3363 1083 quasi
3390 1007 3596 1081 recipit

1995 1100 2199 1175 maius,
2229 1108 2285 1159 et
2314 1102 2491 1160 minus
2518 1118 2585 1159 ex
2611 1109 2767 1176 parte
2794 1101 3090 1160 voluntatis
3129 1100 3456 1176 legislatoris
3498 1114 3594 1155 vo-

1995 1188 2155 1250 lentis
2188 1193 2431 1268 graviter
2457 1200 2556 1252 aut
2582 1192 2771 1252 leviter
2798 1193 3058 1267 obligare.
3090 1193 3237 1262 Quae
3276 1191 3385 1248 dici
3424 1190 3589 1248 etiam

2000 1290 2231 1354 possunt
2258 1291 2610 1359 praeceptum
2640 1284 2976 1358 simpliciter,
3006 1291 3061 1342 et
3088 1282 3393 1342 secundum
3421 1279 3581 1355 quid,

1997 1375 2146 1432 sicut
2161 1372 2217 1432 d.
2236 1374 2470 1432 Thomas
2484 1373 2640 1446 dixit,
2656 1381 2948 1448 peccatum
2962 1373 3169 1431 veniale
3196 1389 3303 1429 non
3322 1387 3443 1428 esse
3464 1385 3599 1427 con-

1997 1473 2086 1524 tra
2113 1473 2474 1539 praeceptum
2500 1465 2838 1539 simpliciter,
2866 1464 2963 1523 sed
2992 1463 3301 1522 secundum
3338 1459 3491 1536 quid,
3536 1466 3593 1517 et

1994 1555 2177 1612 innuit
2208 1571 2373 1632 saepe
2406 1556 2649 1612 Caietan.
2690 1560 2745 1614 2.
2785 1561 2844 1628 2,
2874 1570 2929 1629 q.
2970 1559 3095 1628 104,
3126 1560 3232 1612 art.
3274 1557 3333 1624 2,
3364 1568 3419 1628 q.
3458 1555 3594 1622 186,

1997 1652 2106 1704 art.
2141 1649 2198 1714 9,
2229 1647 2312 1703 tit.
2352 1649 2402 1705 1.
2436 1646 2643 1719 Opusc.
2678 1651 2841 1703 tract.
2868 1650 2963 1718 25,
2994 1661 3051 1719 q.
3086 1651 3134 1704 1.
3162 1646 3253 1702 Sic
3280 1659 3437 1718 ergo,
3464 1641 3597 1699 licet
3677 1683 3685 1690 .

1997 1738 2227 1794 materia
2253 1737 2321 1796 sit
2346 1751 2521 1811 capax
2547 1738 2824 1810 praecepti
2852 1736 3189 1811 simpliciter,
3220 1740 3400 1809 potest
3426 1732 3591 1808 legis-

1971 1825 2139 1888 lator
2179 1843 2279 1900 pro
2320 1843 2423 1885 sua
2460 1825 2709 1885 libertate
2745 1825 2883 1885 velle
2925 1828 3201 1899 imponere
3236 1829 3595 1898 praeceptum
3640 1817 3655 1828 ’

1999 1917 2308 1976 secundum
2334 1916 2490 1992 quid,
2520 1923 2578 1976 ct
2604 1933 2713 1975 non
2740 1917 3091 1992 simpliciter,
3121 1923 3178 1975 et
3204 1917 3351 1976 sicut
3376 1915 3468 1974 illa
3494 1931 3590 1972 vo-

2000 2007 2185 2067 luntas
2214 2009 2413 2068 efficax
2440 2015 2525 2067 est
2550 2007 2733 2083 quoad
2761 2009 3041 2067 obiectum
3077 2008 3410 2083 negativum,
3456 2005 3603 2064 sicut

1997 2107 2085 2157 est
2113 2106 2419 2174 ostensum,
2461 2101 2537 2157 ita
2573 2100 2737 2158 etiam
2775 2098 2957 2174 quoad
2998 2098 3421 2172 affirmativum,
3464 2097 3595 2171 quia

1998 2190 2150 2248 nulla
2174 2197 2263 2248 est
2280 2191 2665 2265 repugnantia,
2681 2207 2785 2250 nec
2808 2190 3046 2248 rationes
3067 2190 3265 2265 prioris
3286 2190 3591 2248 sententiae

1999 2280 2147 2340 illam
2176 2280 2505 2354 ostendunt,
2540 2288 2603 2338 ut
2626 2297 2695 2340 ex
2724 2281 2883 2339 dictis
2910 2288 3083 2354 patet.
3113 2283 3182 2338 Et
3208 2281 3587 2353 confirmatum

1997 2388 2123 2430 nam
2153 2387 2250 2444 per
2278 2389 2399 2430 sese
2427 2371 2641 2429 videtur
2671 2372 2801 2429 satis
2828 2371 3106 2445 credibile,
3137 2371 3287 2445 quod
3314 2373 3461 2428 sicut
3486 2371 3595 2428 Ec-

1997 2461 2169 2521 clesia
2194 2463 2459 2535 praecipit
2487 2462 2745 2518 ieiunium
2765 2461 2850 2518 vel
2876 2463 3095 2518 missam
3117 2460 3220 2519 sub
3245 2460 3478 2533 mortali,
3494 2476 3593 2533 po-

1998 2554 2106 2611 tuit
2133 2555 2299 2610 etiam
2328 2554 2642 2626 praecipere
2664 2552 2769 2609 sub
2790 2551 2907 2610 solo
2932 2552 3152 2625 veniali,
3174 2553 3218 2609 si
3238 2553 3487 2626 expedire
3508 2553 3594 2609 iu-

1997 2643 2224 2702 dicaret.
2258 2644 2397 2713 Quia
2420 2643 2662 2701 ieiunare
2690 2651 2745 2701 et
2770 2643 2962 2701 audire
2992 2645 3213 2702 missam
3236 2643 3306 2701 de
3336 2660 3395 2701 se
3422 2649 3509 2702 est
3534 2659 3595 2700 o-

1998 2750 2104 2808 pus
2133 2735 2425 2792 honestum
2452 2741 2507 2792 et
2531 2749 2717 2807 grave,
2750 2740 2807 2792 et
2832 2733 3180 2792 nihilominus
3209 2749 3319 2792 non
3358 2740 3448 2791 est
3482 2731 3592 2790 sub

1998 2825 2327 2883 necessitate
2368 2823 2563 2882 salutis
2603 2831 2727 2882 ante
2768 2832 3159 2898 praeceptum,
3200 2825 3295 2884 sed
3334 2825 3588 2882 voluntas

1997 2916 2227 2990 praelati
2242 2917 2475 2988 imponit
2488 2917 2891 2990 necessitatem
2908 2932 3039 2990 ergo
3060 2922 3241 2989 potest
3254 2933 3359 2974 non
3379 2931 3596 2974 omnem

1998 3007 2381 3064 necessitatem
2400 3007 2699 3079 imponere,
2715 3008 2879 3064 cuius
2899 3023 3041 3080 opus
3063 3014 3146 3065 est
3166 3023 3359 3082 capax,
3374 3006 3471 3064 sed
3493 3009 3595 3065 mi-

1998 3115 2211 3171 norem,
2243 3098 2318 3154 ita
2344 3104 2408 3155 ut
2434 3113 2542 3155 non
2570 3097 2887 3170 simpliciter
2915 3097 2983 3155 ad
3004 3098 3261 3171 salutem,
3286 3097 3383 3156 sed
3402 3096 3469 3155 ad
3499 3113 3594 3155 ca-

1996 3187 2233 3246 vendam
2260 3203 2477 3246 omnem
2504 3187 2749 3262 culpam,
2780 3189 2945 3245 etiam
2983 3187 3188 3261 levem,
3232 3190 3304 3246 sit
3340 3203 3593 3248 necessa-

1999 3281 2166 3351 rium,
2198 3280 2309 3337 sive
2333 3277 2583 3352 ponendo
2607 3278 2785 3336 solum
2809 3287 3165 3354 praeceptum
3188 3280 3523 3338 obedientiae
3544 3282 3598 3338 in

1997 3384 2064 3426 eo
2093 3368 2292 3443 gradu,
2326 3369 2436 3426 sive
2467 3371 2611 3427 intra
2638 3369 2975 3428 latitudinem
3005 3371 3310 3446 religionis,
3340 3372 3426 3430 vel
3454 3378 3590 3430 tem-

2000 3463 2296 3533 perantiae,
2327 3459 2579 3519 faciendo
2609 3461 2769 3518 talem
2796 3460 3319 3536 determinationem,
3344 3465 3455 3521 sive
3478 3464 3587 3522 cir-

1999 3553 2389 3610 cumstantiam
2417 3553 2675 3626 temporis
2704 3553 2809 3610 sub
2834 3551 2939 3611 levi
2960 3554 3285 3628 obligatione
3308 3557 3590 3627 imponen-

1998 3640 2097 3714 do,
2127 3641 2329 3700 utendo
2358 3643 2449 3700 illo
2478 3641 2655 3701 medio
2682 3644 2751 3701 ad
2778 3645 2938 3702 finem
2968 3645 3089 3703 talis
3116 3646 3356 3720 virtutis,
3381 3663 3489 3704 non
3518 3653 3586 3705 ut

1997 3735 2153 3806 gravi
2180 3748 2245 3790 ac
2273 3733 2621 3803 necessario,
2650 3733 2747 3792 sed
2777 3741 2839 3792 ut
2863 3734 2966 3792 levi
2995 3735 3338 3809 dispositione
3366 3736 3435 3794 ad
3463 3752 3590 3811 gra·

1999 3823 2150 3881 viora
2176 3831 2497 3896 praecepta,
2526 3825 2683 3883 iuxta
2718 3824 3003 3884 doctinam
3043 3825 3097 3884 d.
3138 3825 3403 3902 Thomas,
3446 3826 3595 3887 dicta

1997 3929 2053 3988 q.
2093 3919 2220 3985 108,
2252 3920 2356 3971 art.
2391 3915 2446 3983 7,
2476 3920 2533 3972 et
2560 3919 2616 3974 9.

2072 4002 2269 4062 Addidi
2297 4002 2537 4077 tandem,
2572 4003 2735 4062 talem
2761 4003 3097 4064 voluntatem
3125 4006 3400 4082 talemque
3428 4023 3587 4080 prae-

1996 4093 2230 4166 cipiendi
2256 4093 2481 4152 modum
2502 4110 2613 4152 non
2642 4095 2859 4169 semper
2877 4111 3001 4153 esse
3021 4097 3467 4172 irrationabilem,
3490 4104 3589 4157 aut

1996 4183 2198 4242 habere
2226 4185 2487 4242 malitiam
2517 4185 2775 4260 aliquam.
2816 4185 2875 4242 ld
2914 4187 3058 4244 enim
3094 4187 3258 4244 etiam
3300 4188 3595 4260 persuadet

1998 4273 2341 4331 consuetudo
2378 4274 2699 4347 religionum
2740 4281 2795 4332 et
2833 4277 3004 4350 ratio,
3036 4273 3165 4350 quia
3200 4279 3253 4334 in
3291 4277 3387 4335 tali
3426 4276 3589 4336 modo

1997 4364 2365 4438 praecipiendi
2394 4365 2541 4422 nulla
2570 4367 2859 4423 intrinseca
2897 4366 3203 4425 indecentia
3240 4368 3455 4425 ostendi
3494 4385 3593 4442 po-

2000 4461 2125 4527 test,
2155 4471 2259 4512 nec
2284 4455 2616 4529 trangressio
2637 4456 2869 4514 alicuius
2892 4457 3254 4531 obligationis,
3276 4460 3405 4532 quia
3427 4475 3591 4532 supe·-

1997 4548 2122 4604 rior.
2137 4561 2247 4603 non
2274 4551 2491 4604 tenetur
2513 4550 2828 4620 praecipere
2852 4561 3065 4621 semper
3086 4556 3360 4621 quantum
3382 4557 3583 4624 potest,

1997 4652 2173 4710 neque
2200 4638 2365 4693 etiam
2396 4642 2611 4694 tenetur
2638 4637 2910 4694 abstinere
2940 4655 2971 4694 a
2998 4638 3376 4711 praecipiendo
3407 4625 3595 4698 leviori

1999 4727 2163 4785 modo
2183 4769 2199 4801 ,
2228 4727 2446 4800 quando
2474 4743 2580 4784 non
2607 4726 2727 4784 vult
2762 4733 2874 4784 toto
2915 4730 3097 4801 rigore
3123 4731 3459 4803 praecipere.
3490 4731 3593 4791 Ubi

1998 4819 2141 4875 enim
2169 4826 2255 4875 est
2284 4817 2405 4875 talis
2432 4817 2753 4890 prohibitio,
2786 4826 2883 4876 aut
2908 4819 2962 4874 in
2989 4835 3099 4892 quo
3128 4820 3345 4880 fundari
3377 4822 3592 4895 potest?

1995 4907 2214 4981 Alioqui
2238 4923 2369 4964 vero
2396 4914 2578 4981 potest
2604 4907 2801 4965 habere
2832 4907 2990 4966 linem
3018 4917 3073 4966 et
3100 4925 3328 4968 causam
3354 4911 3592 4969 rationa-

1997 4998 2156 5055 bilem
2180 4997 2247 5054 ad
2267 5013 2375 5056 non
2399 4997 2841 5071 praecipiendum
2863 5014 2994 5056 cum
3013 5001 3216 5076 rigore,
3240 5017 3417 5076 neque
3438 5003 3592 5062 omit-

1998 5089 2227 5148 tendum
2254 5091 2475 5148 omnino
2504 5096 2880 5163 praeceptum,
2902 5092 3031 5164 quia
3057 5092 3331 5165 imponere
3350 5092 3589 5166 aliquam

1999 5179 2337 5238 moderatam
2358 5179 2763 5253 obligationem,
2776 5181 2889 5238 sine
2905 5180 3151 5254 periculo
3170 5182 3350 5255 gravis
3372 5181 3582 5256 lapsus,

1995 5277 2329 5350 potestesse
2358 5269 2493 5330 utile
2516 5269 2583 5328 ad
2612 5270 2949 5341 spiritualem
2976 5270 3329 5332 directionem
3354 5273 3581 5334 subditi.

3077 5377 3131 5422 33
