4325 6267
746 337 868 399 162

666 485 762 534 tur
788 479 1021 536 societas
1042 476 1275 534 liliorum
1297 490 1425 533 cum
1449 474 1787 547 parentibus,
1813 475 1940 547 quia
1963 476 2110 547 prior
2138 492 2272 533 eon-

666 566 871 623 iunctio
918 566 984 621 ad
1027 566 1261 622 filiorum
1302 565 1683 622 educationem
1712 564 2031 637 ordinatur;
2064 566 2149 622 filii
2179 583 2276 623 au-

664 663 774 712 tem
802 656 997 711 saltem
1028 656 1081 711 in
1114 655 1408 727 principio,
1432 663 1489 713 et
1508 670 1605 725 per
1628 654 1863 711 multum
1887 661 2101 727 tempus
2131 663 2277 713 aeta-

662 748 729 801 tis
756 744 997 817 indigent
1026 745 1415 801 coniunctione
1450 750 1509 800 et
1528 744 1787 801 societate
1808 751 2121 816 parentum,
2146 746 2277 817 quia

663 833 798 891 alias
826 850 927 890 nec
952 836 1156 904 vivere,
1182 848 1282 889 nec
1306 833 1694 890 convenienter
1714 832 1960 903 educari,
1987 849 2088 889 nec
2119 841 2272 890 recte

662 922 859 979 instrui
890 928 1133 994 possent.
1168 923 1261 991 His
1290 928 1473 979 autem
1506 924 1688 978 statim
1712 920 1929 978 accedit
1954 922 2272 978 coniunctio

662 1010 844 1081 aliqua
872 1010 1176 1080 servitutis,
1203 1026 1301 1065 seu
1326 1010 1639 1080 famulatus,
1658 1016 1714 1066 et
1733 1009 1977 1081 dominii,
2002 1012 2131 1081 quia
2156 1026 2271 1066 mo-

660 1099 853 1155 raliter
903 1098 1207 1171 loquendo,
1253 1098 1494 1171 indigent
1520 1098 2065 1156 homines-adiutorio
2094 1105 2150 1155 et
2181 1098 2274 1155 mi·

664 1188 888 1244 nisterio
924 1188 1151 1244 aliorum
1183 1188 1483 1243 hominum.
1509 1188 1588 1243 Ex
1619 1186 1701 1242 his
1721 1193 1905 1243 autem
1938 1188 2112 1243 tribus
2141 1202 2279 1243 con-

664 1276 1034 1332 iunctionibus
1068 1276 1358 1348 consurgit
1378 1278 1553 1347 prima
1574 1277 1937 1331 communitas
1963 1274 2269 1345 bominum,

664 1379 805 1437 quae
838 1364 1157 1436 imperfecta
1193 1364 1398 1419 dicitur
1426 1370 1683 1435 respectu
1712 1364 1960 1436 politiae3
1986 1370 2070 1419 est
2091 1370 2274 1419 autem

665 1454 718 1508 in
762 1468 821 1509 se
864 1453 1061 1509 familia
1099 1452 1343 1524 perfecta
1371 1455 1424 1508 in
1456 1452 1642 1509 ordine
1680 1452 1749 1508 ad
1784 1452 2141 1510 domesticam
2181 1469 2280 1509 seu

668 1543 1076 1599 oeconomicam
1119 1541 1590 1615 gubernationem.
1622 1543 1769 1597 Haec
1810 1548 1997 1597 autem
2026 1557 2277 1597 commu-

668 1635 841 1703 nitas,
875 1639 937 1688 ut
974 1646 1140 1703 supra
1166 1632 1329 1687 etiam
1363 1632 1551 1705 tetigi,
1584 1647 1691 1687 non
1722 1637 1808 1687 est
1833 1631 1933 1686 sibi
1961 1630 2268 1701 sufficiens,

665 1729 724 1778 et
750 1721 870 1777 ideo
896 1736 964 1777 ex
991 1728 1189 1777 natura
1216 1722 1295 1776 rei
1324 1720 1632 1776 necessaria
1661 1719 1894 1776 ulterius
1923 1725 2008 1775 est
2037 1721 2088 1775 in
2116 1734 2282 1792 gene-

670 1825 729 1865 re
759 1810 999 1866 humano
1026 1808 1392 1865 communitas
1421 1808 1666 1880 politica,
1696 1822 1837 1881 quae
1865 1809 2142 1864 civitatem
2173 1808 2281 1865 sal-

672 1905 781 1971 tem
802 1898 1127 1964 constituat,
1152 1903 1208 1953 et
1228 1912 1293 1953 ex
1318 1897 1568 1969 pluribus
1592 1897 1806 1954 familiis
1826 1897 2133 1969 coalescat3
2156 1898 2283 1971 qnia

672 1986 822 2043 nulla
862 1985 1061 2042 familia
1087 1990 1269 2058 potest
1289 1988 1342 2041 in
1384 2002 1446 2042 se
1474 1986 1673 2042 hahere
1706 1987 1887 2043 omnia
1914 1985 2205 2043 ministeria
2230 1994 2286 2042 et

672 2090 865 2131 omnes
892 2081 1035 2131 artes
1064 2073 1404 2131 necessarias
1429 2074 1497 2132 ad
1524 2076 1693 2131 vitam
1722 2075 2037 2149 humanam,
2054 2083 2112 2133 et
2140 2076 2284 2133 mul-

672 2170 729 2221 to
762 2164 941 2219 minus
982 2170 1165 2234 potest
1202 2163 1461 2220 sufficere
1502 2162 1569 2221 ad
1600 2164 1999 2238 assequendam
2040 2166 2284 2223 omnium

672 2268 861 2310 rerum
892 2253 1329 2309 necessariarum
1358 2253 1747 2326 cognitionem.
1781 2256 1914 2311 Item
1944 2255 2073 2327 quia
2100 2256 2146 2311 si
2178 2257 2287 2310 sin-

673 2342 832 2415 gulae
862 2342 1091 2398 iamiliae
1122 2348 1306 2398 essent
1332 2344 1474 2398 inter
1501 2359 1559 2399 se
1589 2342 1826 2415 divisae,
1852 2346 1939 2400 vix
1969 2350 2151 2416 posset
2181 2360 2284 2416 pax

674 2432 818 2488 inter
846 2431 1091 2489 homines
1119 2432 1455 2503 conservari,
1478 2448 1655 2504 neque
1680 2434 1909 2489 iniuriae
1939 2439 2163 2504 possent
2192 2449 2284 2489 or-

676 2519 857 2576 dinate
900 2520 1237 2593 propulsari,
1278 2527 1377 2576 aut
1414 2520 1715 2594 vindicari,
1749 2528 1806 2578 et
1845 2520 1965 2578 ideo
2004 2522 2198 2579 Cicero
2233 2524 2286 2577 in

674 2610 768 2666 lib.
802 2608 874 2665 de
900 2611 1191 2667 Amicitia·
1214 2608 1367 2681 dixit,
1392 2609 1543 2665 nihil
1563 2613 1830 2684 principi
1861 2614 1983 2667 Deo
2023 2613 2088 2666 in
2114 2611 2289 2668 rebus

673 2700 959 2756 humanis
980 2714 1103 2754 esse
1124 2700 1376 2769 pratitas,
1406 2713 1589 2770 quam
1609 2700 1871 2755 homines
1892 2698 2109 2755 habere
2137 2702 2290 2756 inter

678 2804 739 2843 se
770 2789 1109 2843 societatem
1136 2784 1485 2841 ordinatam
1510 2791 1565 2843 et
1582 2784 1931 2860 perfectam,
1968 2802 2121 2858 quae
2148 2790 2290 2844 civi-

677 2882 803 2943 tas,
839 2878 1043 2948 inquit,
1074 2874 1313 2931 dicitur.
1348 2877 1494 2932 Haec
1524 2881 1708 2931 autem
1746 2877 2110 2931 communitas
2153 2876 2290 2932 ulte-

681 2966 799 3023 rius
826 2966 1014 3038 augeri
1042 2970 1223 3036 potest
1252 2965 1303 3020 in
1330 2979 1558 3038 regnum
1583 2964 1666 3021 vel
1689 2958 2059 3036 principatum
2078 2980 2179 3036 per
2201 2980 2290 3021 so-

681 3054 931 3111 cietatem
975 3055 1214 3127 plurium
1256 3054 1584 3125 civitatum,
1628 3069 1770 3126 quae
1809 3054 1967 3110 etiam
2010 3062 2095 3110 est
2136 3055 2292 3110 valde

682 3144 1013 3201 conveniens
1058 3143 1297 3199 humano
1338 3144 1556 3215 generi,
1602 3141 1794 3199 saltem
1822 3142 1888 3199 ad
1916 3143 2111 3200 melius
2137 3158 2291 3213 esse,

684 3238 907 3304 propter
931 3232 1149 3289 easdem
1174 3232 1413 3288 rationes
1434 3247 1563 3288 cum
1589 3233 1941 3303 proportione
1964 3232 2290 3305 applicatae,

687 3322 937 3393 quamvis
964 3321 1261 3377 necessitas
1294 3336 1397 3375 non
1430 3322 1500 3376 sit
1528 3322 1745 3377 omnino
1774 3321 2039 3393 aequalis.

758 3414 818 3467 4.
852 3408 1170 3466 Secundum
1201 3408 1523 3480 principium
1546 3415 1659 3479 est,
1684 3410 1736 3464 in
1757 3410 2147 3465 communitate
2171 3425 2295 3481 per-

683 3500 828 3555 fecta
854 3499 1373 3555 necessariam-esse
1402 3504 1756 3568 potestatem,
1786 3498 1851 3553 ad
1884 3514 2051 3570 quam
2082 3505 2298 3570 spectet

687 3588 1013 3660 gubernatio
1054 3586 1497 3658 communitatis,
1540 3585 1687 3658 quod
1730 3588 1893 3643 etiam
1934 3602 2001 3643 ex
2052 3588 2297 3644 terminis

688 3676 907 3732 videtur
938 3690 1033 3747 per
1062 3692 1121 3731 se
1148 3680 1365 3731 notum.
1398 3678 1533 3732 Nam
1550 3716 1565 3747 ,
1590 3683 1651 3731 ut
1680 3677 1754 3731 ait
1781 3676 2004 3747 Sapiens
2028 3676 2290 3733 Proverb.

696 3768 753 3821 11
782 3786 794 3822 z
838 3765 945 3825 Ubi
972 3780 1090 3821 non
1118 3769 1205 3820 est
1224 3763 1615 3835 puber-nator,
1647 3769 1884 3820 corruet
1896 3764 2180 3840 populus:
2201 3781 2296 3821 na-

690 3860 817 3909 tura
839 3860 1023 3909 autem
1048 3868 1155 3909 non
1178 3852 1359 3907 delicit
1379 3854 1431 3907 in
1456 3854 1951 3927 necessariis3ergo
1976 3856 2123 3910 sicut
2146 3869 2298 3909 com·

690 3942 932 3998 munitas
962 3942 1205 4012 perfecta
1232 3948 1319 3996 est
1356 3940 1552 3997 rationi
1580 3951 1637 3997 et
1665 3942 1898 3997 naturali
1926 3942 2037 3998 iuri
2062 3956 2299 3998 consen·

693 4038 880 4103 tanea,
912 4032 983 4087 ita
1012 4036 1067 4087 et
1095 4036 1337 4102 potestas
1366 4030 1703 4102 gubernandi
1730 4030 1900 4102 illam,
1933 4030 2046 4086 sine
2074 4046 2186 4103 qua
2213 4046 2301 4085 es·

694 4127 777 4176 set
818 4135 1033 4176 summa
1061 4119 1311 4175 confusio
1338 4121 1392 4175 in
1432 4120 1521 4175 tali
1542 4121 1968 4180 communitate.
2000 4121 2300 4177 Confirma-

694 4218 786 4269 tur
826 4225 891 4265 ex
936 4210 1285 4280 proportione
1313 4205 1382 4263 ad
1410 4222 1627 4264 omnem
1656 4208 1816 4265 aliam
1847 4210 2169 4267 societatem
2198 4210 2300 4267 hu-

694 4312 943 4366 manam3
989 4313 1115 4353 nam
1156 4297 1282 4369 quia
1318 4298 1641 4353 coniunctio
1674 4298 1769 4353 viri
1796 4306 1854 4355 et
1882 4299 2114 4357 feminae
2142 4306 2302 4357 natu-

694 4386 824 4442 ralis
863 4392 984 4456 est,
1029 4385 1149 4442 ideo
1190 4385 1239 4441 in
1279 4400 1343 4441 ea
1372 4393 1542 4456 caput
1570 4386 1872 4458 invenitur,
1904 4387 2053 4459 quod
2080 4395 2169 4445 est
2195 4389 2300 4461 vir,

694 4475 845 4531 iuxta
884 4474 1020 4531 illud
1060 4476 1253 4531 Genes.
1301 4479 1354 4531 3:
1386 4474 1509 4531 Sub
1537 4478 1654 4531 virt
1677 4480 1968 4549 potestate
1996 4480 2136 4533 eris.
2172 4480 2303 4534 Pro-

695 4570 820 4634 pter
847 4562 999 4637 quod
1028 4563 1103 4620 ait
1128 4564 1281 4621 Paul.
1317 4562 1384 4619 ad
1411 4563 1588 4619 Titum
1617 4570 1683 4622 2:
1716 4564 2006 4623 Mulieres
2032 4566 2306 4625 subditae

695 4654 815 4709 sint
834 4654 979 4708 viris
1000 4654 1148 4708 suis.
1166 4652 1266 4709 Ubi
1290 4649 1444 4708 addit
1462 4652 1848 4725 Hieronymus:
1864 4660 2163 4712 communi
2184 4655 2307 4729 leqe

699 4746 979 4798 naturae.
1016 4740 1269 4797 Similiter
1298 4743 1348 4795 in
1380 4740 1482 4796 alia
1513 4741 1895 4798 coniunctione
1936 4750 2225 4815 parentum
2255 4751 2311 4801 et

699 4830 968 4902 tiliorum,
1003 4836 1156 4901 pater
1190 4828 1411 4885 habeta
1438 4836 1635 4885 natura
1662 4837 1989 4902 potestatem
2021 4832 2070 4887 in
2113 4833 2300 4889 tilium:

702 4926 758 4976 et
779 4922 830 4974 in
857 4923 1037 4989 tertia,
1064 4934 1205 4991 quae
1225 4926 1312 4974 est
1341 4934 1628 4975 servorum
1658 4919 1725 4976 ad
1753 4919 2059 4994 dominum,
2089 4928 2308 4979 constat

700 5009 863 5063 etiam
884 5048 898 5077 ,
932 5014 1258 5078 potestatem
1299 5007 1642 5080 gubernandi
1671 5022 1795 5064 esse
1824 5009 1967 5081 apud
1998 5011 2304 5083 dominum,

704 5104 766 5153 ut
791 5097 841 5152 in
871 5097 1063 5154 eodem
1106 5097 1229 5155 loco
1266 5096 1477 5153 Paulus
1501 5096 1700 5169 tradit,
1732 5105 1788 5155 et
1817 5100 2018 5171 Ephes.
2055 5105 2087 5157 6
2107 5140 2123 5173 ,
2154 5108 2212 5158 et
2239 5103 2307 5160 ad

701 5187 911 5243 ColosS.
933 5185 1213 5259 3,dicens‚
1244 5200 1435 5241 servos
1465 5182 1665 5242 debere
1694 5184 1925 5244 dominis
1953 5190 2204 5263 obedire,
2238 5198 2299 5249 ut

2150 354 2350 403 LIBER
2392 353 2496 403 111.

2342 480 2475 534 Deo.
2508 477 2641 546 Quia
2679 475 2807 533 licet
2833 477 3154 533 coniunctio
3183 476 3466 533 servitutis
3495 492 3599 532 non
3631 477 3701 534 sit
3727 477 3952 534 omnino

2343 572 2630 635 enatura,
2666 563 2758 621 sed
2798 580 2893 637 per
2923 566 3256 622 voluntatem
3293 564 3610 638 hamanum,
3645 572 3822 622 tamen
3853 566 3950 622 illa

2345 656 2628 727 supposita
2659 653 3034 711 subordinatis
3067 660 3123 710 et
3157 654 3428 710 subiectio
3458 655 3575 727 lege
3603 660 3830 711 naturae
3855 653 3953 711 de-

2344 746 2458 801 bita
2480 752 2566 802 est
2589 745 2744 801 titulo
2767 744 3022 801 iustitiae.
3040 744 3318 803 subiectio
3333 750 3518 801 autem
3535 744 3768 801 tiliorum
3786 744 3952 800 etiam

2343 838 2526 906 ipsum
2570 834 2850 891 vinculum
2901 840 2958 891 et
3007 833 3428 891 fundamentum
3475 833 3723 890 naturale
3761 832 3947 917 habet,

2347 922 2560 980 scilicet
2599 924 2860 994 originem
2903 922 3240 993 naturalem,
3285 921 3431 978 unde
3457 928 3516 978 et
3543 921 3837 993 perfectior
3863 926 3952 977 est

2344 1028 2410 1069 ex
2455 1012 2616 1069 titulo
2657 1012 2903 1084 pietatis,
2948 1017 3004 1067 et
3045 1013 3279 1068 maxime
3318 1013 3370 1067 in
3412 1017 3612 1083 quarto
3651 1019 3946 1083 praecepto

2346 1102 2601 1174 Decalogi
2628 1102 2959 1158 declaratur.
2985 1098 3140 1157 Unde
3167 1100 3227 1156 lit
3252 1098 3494 1170 tandem,
3519 1102 3658 1156 utin
3679 1098 3952 1155 domesti-

2347 1205 2414 1247 ca
2443 1204 2538 1245 seu
2572 1189 2818 1245 familiari
2849 1190 3244 1245 communitate
3271 1190 3436 1243 etiam
3464 1188 3534 1243 sit
3553 1203 3618 1245 ex
3651 1194 3846 1243 natura
3873 1189 3952 1243 rei

2349 1284 2594 1349 potestas
2617 1278 3032 1348 proportionata
3048 1276 3117 1333 ad
3137 1276 3429 1349 regendam
3449 1275 3620 1346 illam,
3634 1291 3778 1347 quae
3798 1277 3947 1345 prin-

2347 1366 2595 1437 cipaliter
2636 1366 2686 1421 in
2729 1364 3111 1437 patrefamilias
3153 1366 3374 1422 residet.
3405 1363 3663 1436 Idemque
3703 1365 3950 1421 invenire

2345 1470 2572 1510 necesse
2600 1460 2684 1511 est
2722 1455 2772 1509 in
2812 1468 3164 1526 quacumque
3201 1454 3600 1510 communitate
3639 1456 3804 1509 unius
3833 1460 3952 1510 tan·

2347 1548 2465 1599 tum
2495 1544 2726 1613 domus,
2757 1543 2886 1599 licet
2911 1558 3018 1599 non
3051 1540 3311 1598 fundetur
3337 1544 3392 1597 in
3429 1541 3648 1598 vinculo
3677 1542 3956 1599 matrimo-

2347 1632 2457 1696 nii,
2505 1632 2601 1687 sed
2641 1634 2692 1687 in
2721 1630 2824 1687 alio
2857 1647 3057 1703 genere
3086 1632 3368 1688 societatis
3397 1630 3688 1688 humanae:
3721 1647 3854 1705 ergo
3883 1634 3955 1688 si-

2349 1721 2461 1776 mili
2485 1721 2650 1778 modo
2673 1721 2725 1777 in
2749 1722 3139 1777 communitate
3163 1720 3410 1791 perfecta
3429 1722 3738 1779 necessaria
3757 1727 3844 1777 est
3859 1736 3956 1793 po·

2350 1815 2521 1865 testas
2549 1810 2912 1882 gubernativa
2939 1808 3013 1865 illi
3044 1810 3474 1881 proportionata.

2432 1904 2486 1955 5.
2519 1900 2674 1955 Ratio
2717 1899 2953 1970 denique
2995 1914 3024 1954 a
3066 1898 3232 1970 priori
3271 1904 3386 1967 est,
3430 1913 3596 1971 quam
3635 1896 3690 1954 d.
3723 1896 3958 1953 Thomas

2353 1990 2534 2062 tetigit
2571 1992 2625 2045 in
2667 1988 2816 2045 dieto
2856 2003 3050 2061 opusc.
3094 1988 3222 2060 quia
3258 1986 3471 2043 nullum
3519 2002 3730 2057 corpus
3774 1992 3958 2059 potest

2352 2078 2696 2149 conservari,
2722 2077 2822 2133 nisi
2852 2080 2921 2133 sit
2947 2075 3169 2149 aliquod
3192 2076 3546 2148 principium,
3569 2075 3637 2131 ad
3659 2075 3810 2149 quod
3832 2090 3954 2148 per·

2357 2167 2527 2223 tineat
2549 2172 2946 2239 procurare,et
2964 2163 3242 2221 intendere
3265 2179 3559 2221 commune
3587 2164 3790 2220 bonum
3813 2164 3954 2234 eius,

2357 2262 2424 2313 ut
2463 2257 2516 2311 in
2559 2271 2792 2328 corpore
2834 2254 3070 2311 naturali
3113 2259 3359 2325 constat,
3389 2254 3523 2310 etin
3553 2251 3781 2325 politico
3810 2252 3955 2312 idem

2354 2346 2518 2404 docet
2559 2346 2908 2417 experientia.
2957 2345 3027 2400 Et
3068 2344 3206 2400 ratio
3247 2342 3396 2398 clara
3433 2348 3552 2413 est,
3579 2342 3708 2414 quia
3735 2340 3956 2414 singula

2355 2438 2566 2508 privata
2593 2436 2838 2491 membra
2866 2435 3088 2507 privatis
3119 2431 3427 2489 commodis
3453 2430 3780 2501 consulunt,
3811 2446 3956 2508 quae

2362 2540 2524 2597 saepe
2570 2524 2844 2581 contraria
2886 2530 3016 2579 sunt
3063 2523 3204 2578 bono
3241 2519 3552 2590 communi,
3593 2525 3650 2576 et
3685 2518 3956 2577 interdum

2361 2613 2534 2671 multa
2565 2620 2694 2670 sunt
2733 2613 3044 2669 necessaria
3071 2609 3350 2666 communi
3378 2609 3551 2678 bone,
3584 2622 3728 2679 quae
3755 2606 3821 2664 ad
3851 2608 3961 2663 sin-

2361 2702 2524 2775 gulos
2555 2718 2659 2758 non
2690 2702 2762 2757 ita
2790 2702 3094 2773 pertinent3
3127 2705 3183 2755 et
3211 2697 3460 2771 quamvis
3487 2695 3764 2753 interdum
3793 2697 3964 2769 perti-

2361 2796 2554 2861 neant,
2601 2806 2706 2845 non
2751 2796 3090 2861 procurante
3132 2804 3232 2858 eo,
3276 2786 3424 2859 quod
3462 2786 3810 2857 communia,
3861 2784 3962 2841 sed

2359 2878 2510 2952 quod
2551 2879 2774 2950 propria
2815 2878 2977 2949 sunt}
3021 2892 3158 2949 ergo
3197 2878 3249 2932 in
3292 2876 3684 2931 communitate
3722 2874 3966 2947 perfecta

2360 2970 2668 3025 necessaria
2707 2972 2791 3023 est
2830 2966 3048 3037 publica
3085 2970 3357 3037 potestas,
3390 2964 3456 3021 ad
3487 2978 3652 3037 quam
3679 2978 3748 3019 ex
3779 2962 3964 3019 officio

2362 3057 2632 3128 pertineat
2659 3070 2952 3112 commune
2979 3056 3181 3111 bonum
3212 3052 3513 3125 intendere,
3539 3068 3604 3109 ae
3631 3066 3962 3125 procurare.

2364 3146 2441 3200 Ex
2485 3144 2567 3200 his
2607 3159 2740 3216 ergo
2778 3143 3058 3199 evidenter
3097 3140 3452 3199 concluditur
3492 3142 3752 3198 honestas
3789 3146 3845 3197 et
3872 3154 3968 3196 ne-

2364 3233 2593 3289 cessitas
2636 3232 2992 3305 magistratus
3033 3230 3240 3301 civilis,
3281 3230 3408 3303 quia
3447 3228 3554 3286 hoc
3596 3228 3810 3285 nomine
3841 3228 3968 3285 nihil

2365 3321 2508 3379 aliud
2539 3323 2906 3395 significatur,
2938 3322 3041 3377 nisi
3069 3320 3232 3377 homo
3252 3361 3267 3389 ,
3294 3320 3378 3375 vel
3407 3320 3687 3376 hominum
3719 3318 3968 3375 multitu·

2366 3412 2436 3469 do
2457 3453 2471 3477 ,
2499 3412 2643 3483 apud
2673 3427 2836 3483 quam
2864 3416 2952 3466 est
2977 3408 3256 3481 praedicta
3285 3414 3530 3481 potestas
3559 3406 3780 3480 regendi
3808 3422 3965 3465 com-

2367 3501 2693 3557 munitatem
2725 3500 3052 3572 perfectam3
3083 3503 3301 3553 constat
3323 3498 3492 3565 enim,
3531 3496 3694 3554 talem
3725 3501 3968 3567 potesta·

2368 3594 2477 3645 tem
2519 3590 2571 3645 in
2615 3587 2924 3645 hominibus
2963 3602 3084 3643 esse
3113 3586 3340 3657 debere,
3372 3587 3502 3658 quia
3530 3585 3778 3641 homines
3808 3592 3968 3641 natu-

2367 3675 2556 3733 raliter
2593 3694 2700 3733 non
2730 3677 3108 3749 gubernantur
3135 3674 3352 3746 politice
3379 3689 3476 3748 per
3504 3674 3759 3747 angelos„
3790 3688 3970 3747 neque

2367 3766 2677 3823 immediate
2707 3782 2805 3839 per
2835 3770 3004 3823 Deum
3035 3766 3248 3837 ipsum,
3273 3764 3367 3836 qui
3397 3762 3512 3836 lege
3543 3764 3811 3821 ordinaria
3839 3779 3970 3837 ope·

2367 3862 2525 3910 ratur
2550 3870 2651 3925 per
2677 3868 2878 3911 causas
2906 3854 3180 3911 secundas
3215 3852 3685 3925 proportionatas3
3715 3867 3848 3924 ergo
3879 3867 3973 3908 ne·

2369 3945 2672 4001 cessarium
2712 3959 2776 4000 ac
2815 3942 3062 4000 naturale
3099 3948 3215 4009 est,
3257 3948 3322 4001 ut
3359 3955 3458 4013 per
3495 3940 3743 3997 homines
3769 3941 3973 4013 guber-

2370 4040 2594 4090 nentur.

2449 4125 2503 4178 6.
2536 4122 2670 4177 Dico
2699 4120 2974 4177 secundo:
3006 4120 3356 4191 Magistratus
3387 4117 3683 4189 humanus,
3707 4119 3753 4174 si
3781 4118 3834 4172 in
3863 4134 3967 4173 suo

2372 4210 2564 4267 ordine
2591 4225 2886 4281 supremus
2916 4212 3007 4281 sit,
3039 4208 3201 4266 habet
3227 4213 3551 4281 potestatem
3581 4208 3788 4263 serendi
3817 4207 3971 4280 leges

2372 4299 2472 4355 sibi
2513 4300 2989 4372 proportionatas,
3035 4298 3252 4354 scilicet
3291 4296 3473 4353 civiles
3521 4311 3620 4353 seu
3662 4296 3968 4365 humanas,

2373 4405 2510 4462 quas
2549 4404 2614 4444 ex
2645 4390 2694 4444 vi
2737 4389 2867 4444 iuris
2905 4387 3164 4444 naturalis
3201 4391 3255 4441 et
3284 4385 3456 4442 valide
3485 4393 3541 4442 et
3569 4387 3710 4442 iuste
3738 4384 3975 4441 condere

2375 4483 2589 4549 potest,
2632 4477 2861 4533 servatis
2899 4476 3017 4532 aliis
3055 4474 3456 4532 conditionibus
3486 4474 3552 4531 ad
3580 4474 3756 4548 legem
3787 4488 3975 4530 neces·

2375 4568 2554 4622 sariis.
2599 4566 2894 4623 Conclusio
2930 4572 3018 4621 est
3057 4570 3236 4633 certa,
3280 4579 3450 4636 quam
3476 4564 3636 4620 etiam
3668 4562 3974 4636 philosophi

2378 4656 2738 4713 tradiderunt.
2757 4653 3079 4712 Aristoteles
3109 4658 3158 4712 1.
3184 4651 3417 4710 Politic.
3443 4668 3540 4724 per
3561 4659 3773 4724 totum,
3798 4657 3855 4707 et
3887 4656 3972 4710 10.

2379 4747 2575 4803 Ethic.
2603 4760 2728 4817 cap.
2753 4744 2965 4817 ultimo,
2993 4742 3141 4800 Plato
3171 4744 3222 4798 in
3246 4742 3474 4815 dialogis
3501 4739 3575 4797 de
3600 4740 3798 4812 Leqs'b.
3827 4746 3880 4797 et
3905 4738 3979 4796 de

2375 4835 2578 4909 repub.
2601 4836 2795 4891 Cicero
2818 4833 2909 4891 lib.
2935 4838 2984 4891 1.
3009 4830 3080 4887 de
3109 4835 3335 4889 Invent.
3359 4837 3415 4885 et
3437 4830 3485 4885 in
3511 4830 3654 4885 libris
3678 4828 3751 4886 dc
3769 4830 3967 4902 Leqib.

2375 4925 2720 4982 Conveniunt
2745 4924 2905 4981 etiam
2935 4921 3194 4993 theologi,
3219 4926 3275 4975 et
3299 4921 3390 4976 alii
3411 4919 3692 4989 doctores,
3716 4932 3860 4990 quos
3882 4934 3978 4974 su-

2378 5030 2477 5084 pra
2515 5015 2606 5070 lib.
2639 5016 2682 5082 l,
2715 5029 2837 5085 cap.
2871 5012 3006 5068 Vlll.
3043 5010 3224 5080 retuli,
3253 5015 3313 5065 et
3341 5006 3511 5064 multa
3541 5006 3980 5077 rideri-possunt

2378 5104 2428 5160 in
2461 5103 2685 5159 Covarr.
2719 5118 2846 5173 cap.
2890 5105 2934 5158 l.
2971 5099 3200 5172 practic.
3241 5097 3551 5169 quaestion.
3592 5102 3647 5152 et
3676 5096 3728 5151 in
3757 5096 3968 5169 regula,

2370 5198 2686 5267 peccatum
2727 5196 2795 5266 2,
2839 5206 2896 5262 p.
2926 5192 2950 5261 ἓ
2977 5194 3044 5262 9,
3075 5204 3130 5244 n.
3168 5191 3222 5244 6.
3255 5188 3413 5245 Ratio
3451 5192 3640 5243 autem
3681 5193 3802 5269 est,
3845 5186 3978 5258 quia
