4325 6267
871 727 1975 854 BENEVOLO
2107 733 3007 860 LECTORI

1319 1032 1704 1116 EDITOR
1765 1033 2545 1120 NEAPOLITANUS

1835 1303 1912 1368 R.
1959 1303 2030 1370 C.

376 2207 526 2278 Etsi
559 2229 704 2278 non
739 2215 1022 2301 praeter
1056 2205 1618 2300 expectationem
1653 2205 1993 2298 contigit,
2036 2213 2114 2277 ut
2149 2207 2271 2300 qui
2307 2207 2806 2294 ecclesiasticis
2844 2207 3233 2303 disciplinis
3268 2232 3557 2303 operam

271 2356 534 2419 navant
571 2351 1022 2437 Defensionem
1058 2349 1248 2417 Fide-i
1279 2348 1719 2418 celeberrimi
1756 2348 2092 2440 Theologi
2123 2349 2388 2418 Suarez
2435 2371 2475 2418 e
2521 2347 2871 2420 Societate
2916 2351 3085 2422 Jesu
3118 2349 3301 2422 bene
3352 2373 3561 2424 exce-

269 2490 537 2582 perint3
581 2511 726 2560 non
777 2489 930 2562 sine
983 2510 1239 2580 magna
1281 2497 1511 2560 tamen
1567 2491 1778 2560 animi
1822 2490 2050 2560 nostri
2090 2489 2160 2559 id
2212 2489 2467 2560 accidit
2502 2490 2885 2583 voluptate.
2929 2491 3101 2562 Inde
3138 2494 3327 2563 enim
3364 2493 3563 2564 colli-

269 2641 437 2720 ge're
475 2629 640 2717 fuit,
673 2652 815 2701 non
845 2631 940 2702 ita
977 2631 1270 2721 hujusce
1311 2632 1645 2724 temporis
1684 2629 2336 2724 perturbationibus
2374 2637 2783 2702 nostrorum
2812 2632 3243 2703 Clerioorum
3280 2635 3554 2708 animos

267 2795 428 2844 esse
454 2794 870 2859 concussos,
891 2779 1436 2866 utpraetereant
1455 2775 2063 2868 praeclarissimos
2090 2773 2519 2844 christianae
2547 2775 2644 2844 rei
2668 2774 3077 2867 scriptores.
3106 2774 3285 2847 Illud
3312 2779 3551 2864 etiam,

265 2925 584 3010 spectata
619 2919 978 2990 Ecclesiae
1031 2918 1476 3002 conditione,
1521 2919 1826 2990 fortasse
1870 2917 2034 2990 addi
2082 2913 2371 3011 posset,
2413 2938 2538 2987 eos
2574 2918 2891 3012 apprime
2927 2920 3364 2995 intellexisse
3399 2928 3554 2996 nul·

263 3059 408 3128 lum
447 3081 666 3154 prope
701 3058 910 3130 alium
949 3059 1206 3130 librum
1243 3058 1333 3131 ad
1371 3057 1704 3130 tuendam
1745 3060 2160 3130 catholicam
2197 3057 2407 3130 fidem
2442 3079 2603 3130 esse
2637 3058 3031 3147 utiliorem3
3078 3062 3427 3158 siquidem
3465 3087 3557 3138 ex

263 3220 350 3270 eo
381 3206 739 3294 tamquam
768 3223 859 3274 ex
887 3201 1192 3297 quodam
1231 3200 1773 3272 armamentario
1803 3201 1938 3272 tela
1967 3200 2478 3295 cujuscumque
2515 3200 2797 3290 generis
2829 3220 3109 3272 sumere
3137 3203 3381 3274 datum
3408 3215 3547 3294 est,

261 3342 522 3437 quibus
559 3345 960 3416 teterrimos
995 3346 1150 3435 ejus
1187 3345 1431 3418 hostes
1465 3343 1676 3416 liceat
1710 3342 2114 3437 profligare.
2157 3342 2338 3414 Hinc
2374 3344 2635 3412 factum
2672 3349 2808 3427 est,
2850 3349 2928 3412 ut
2964 3342 3023 3414 si
3058 3363 3196 3438 qua
3230 3345 3304 3415 in
3341 3345 3551 3420 nobis

261 3491 374 3554 est
409 3486 727 3572 facultaS,
763 3507 1044 3558 summa
1071 3508 1204 3580 ope
1235 3485 1600 3558 nitendum
1628 3507 1790 3558 esse
1826 3484 2272 3572 duxerimus,
2307 3491 2663 3556 uteorum
2696 3483 3069 3555 consilium
3096 3483 3539 3577 adjuvemus.

260 3627 732 3712 Quamobrem
781 3627 1220 3722 superiorem
1251 3629 1397 3718 jam
1434 3629 1698 3700 nostris
1739 3626 1923 3720 typis
1970 3625 2239 3698 editum
2274 3625 2574 3714 librum,
2619 3625 2935 3716 ejusdem
2989 3629 3299 3702 auctoris
3334 3631 3545 3701 alium

258 3767 340 3838 de
375 3770 652 3862 Leqibus
685 3770 1016 3864 excipiet.
1059 3774 1210 3859 Qua
1244 3770 1530 3867 quidem
1567 3771 1639 3840 in
1676 3791 1781 3856 re,
1814 3775 1894 3840 ut
1928 3775 2249 3841 nostram
2286 3768 2498 3840 etiam
2532 3770 2779 3842 lectori
2816 3769 3251 3862 diligentiam
3290 3771 3548 3866 proba-

259 3928 536 3997 remus,
578 3917 652 3981 et
703 3910 980 3984 mendis
1033 3910 1360 3984 omnibus
1399 3932 1675 3984 summa
1709 3931 1879 3982 cura
1933 3910 2430 4002 purgavimuS,
2472 3930 2655 4005 quae
2690 3909 3137 3982 librariorum
3172 3911 3547 3984 oscitantia

258 4048 326 4117 in
357 4070 534 4143 opus
563 4051 1041 4145 irrepserant,
1085 4051 1337 4126 biblica
1377 4053 1782 4124 testimonia
1817 4073 1976 4120 cum
2009 4055 2208 4121 textu
2237 4057 2579 4144 perpetuo
2615 4051 3070 4137 contulimuS,
3106 4052 3547 4148 singulisque

255 4188 602 4282 capitibus
640 4194 1099 4265 summarium
1127 4193 1668 4288 praeposuimus
1693 4247 1715 4280 ,
1758 4190 2355 4288 quemadmodum
2391 4199 2462 4262 et
2498 4191 2572 4262 in
2604 4189 2787 4262 libro
2822 4191 2902 4261 de
2937 4191 3321 4280 Defert-sione
3356 4193 3548 4264 Fidei

253 4337 462 4401 antea
497 4333 830 4422 fecimus,
873 4356 1018 4429 quo
1053 4335 1222 4422 nihil
1259 4341 1370 4406 est
1396 4335 1712 4429 profecto
1758 4335 2267 4428 opportunius,
2308 4338 2390 4403 ut
2415 4330 2563 4422 jam
2599 4333 2827 4425 prima
2862 4333 3095 4404 fronte
3130 4339 3202 4404 et
3238 4354 3354 4406 res
3390 4333 3547 4427 ipsa

252 4463 720 4564 percipiatur,
763 4495 990 4568 quave
1029 4475 1302 4547 ratione
1339 4496 1496 4545 eam
1532 4473 1852 4567 Scriptor
1884 4473 2290 4566 digesserit.
2334 4473 2565 4559 Haec,
2606 4472 2832 4546 lector
2864 4469 3244 4559 benevole,
3293 4479 3359 4546 te
3396 4496 3547 4546 mo-

249 4611 480 4682 nitum
517 4613 865 4686 volebam.
910 4617 1014 4688 Tu
1049 4615 1244 4688 hisce
1282 4615 1546 4688 divitiis
1583 4623 1784 4688 utere
1818 4589 2103 4690 et'vale.

643 4897 946 4991 Neapoli,
993 4898 1132 4969 Cal.
1178 4896 1838 4992 septembviswaw.
