4325 6267
778 240 897 303 184

2142 250 2342 299 LIBER
2371 250 2475 297 111.

692 382 857 451 ritus,
890 380 969 436 vel
998 380 1041 436 si
1064 396 1160 452 pro
1178 378 1378 437 delicto
1400 382 1687 452 imponunt
1712 390 2149 451 poenam,quam
2172 390 2279 431 non
2353 378 2410 429 et
2440 388 2596 431 uxor.
2629 374 2681 429 in
2713 374 2868 431 rubr.
2898 390 2995 431 seu
3027 374 3450 449 introductione,
3481 394 3642 451 quem
3673 382 3863 455 refert,
3885 392 3944 441 et

688 470 975 542 imponunt
1004 469 1149 542 leges
1170 470 1474 541 Hispaniae,
1500 484 1606 525 non
1641 468 1909 525 tenebitur
1942 464 2100 521 iudex
2122 480 2186 521 ex
2211 464 2283 519 ri-

2353 464 2606 535 sequitur
2633 464 2858 535 Gregor.
2889 464 3022 536 Lop.
3057 464 3106 520 in
3139 465 3174 521 l.
3205 472 3258 539 8,
3285 466 3368 523 tit.
3404 470 3488 533 14,
3510 468 3692 539 partit.
3721 476 3773 530 5.
3799 488 3857 527 n.
3881 477 3942 543 2,

687 575 819 632 gore
848 558 979 631 legis
1020 558 1165 615 illam
1208 574 1435 631 poenam
1478 559 1778 631 imponere,
1824 556 1918 613 sed
1961 558 2039 613 uti
2082 556 2284 627 poterit
2350 556 2408 607 et
2433 550 2638 606 Salzed.
2667 568 2854 623 supra,
2883 552 3118 610 referens
3147 554 3330 624 plures
3365 554 3493 613 alios
3523 556 3782 629 hispanos
3804 562 3944 617 scri-

688 648 938 719 prudenti
964 647 1213 719 arbitri03
1239 646 1489 721 idemque
1508 653 1593 704 est
1614 650 1664 702 iu
1683 647 1797 703 aliis
1813 644 2276 718 dispositionibus,

682 752 823 810 quae
854 735 1087 807 pendent
1113 752 1179 793 ex
1209 742 1473 809 potestate
1502 736 1886 793 iurisdictionis
1913 742 1970 793 et
1993 734 2273 791 voluntate

682 826 959 897 principis.
993 827 1271 895 Quatenus
1310 842 1441 883 vero
1470 825 1591 883 illae
1618 826 1765 899 leges
1794 828 1847 881 in
1877 824 2062 882 multis
2102 825 2274 881 conti-

683 922 831 981 nent,
852 921 910 973 ει
934 914 1213 971 declarant
1242 917 1413 988 ipsam
1436 915 1737 972 naturalem
1760 914 1957 987 legem,
1977 912 2274 969 servandae

678 1011 843 1060 erunt
870 1006 925 1060 in
950 1006 999 1061 vi
1033 1004 1165 1077 legis
1200 1006 1497 1075 naturalis,
1528 1021 1632 1061 non
1664 1006 1713 1060 in
1745 1006 1793 1061 vi
1822 1005 1950 1077 legis
1980 1004 2272 1073 humanae,

683 1099 745 1150 ut
772 1101 925 1151 recte
950 1097 1161 1151 notavit
1186 1096 1417 1167 Gregor.
1448 1096 1581 1167 Lop.
1608 1109 1777 1165 supra
1798 1109 1863 1149 ex
1896 1094 2191 1149 Panormit.
2221 1091 2272 1147 in

676 1200 803 1255 cap.
836 1182 1133 1241 Ecclesiae
1158 1188 1406 1241 sanctae
1444 1185 1714 1249 Mariae,
1756 1182 1825 1239 de
1865 1182 2086 1239 constit.
2133 1182 2270 1238 item

678 1274 929 1347 quamvis
952 1290 1057 1329 non
1082 1274 1391 1330 contineant
1413 1272 1713 1329 naturalem
1738 1271 2141 1357 obligationem,
2171 1286 2270 1326 nec

678 1362 840 1419 etiam
871 1378 966 1434 ρει·
994 1379 1050 1418 εε
1080 1361 1342 1436 obligent,
1374 1361 1645 1419 deservire
1668 1367 1901 1433 possunt
1924 1376 2019 1432 per
2042 1358 2268 1416 modum

678 1452 1066 1525 exemplarium
1096 1452 1164 1509 ad
1206 1451 1517 1509 imitandam
1554 1452 1895 1524 prudentiam
1932 1459 1989 1507 et
2028 1452 2272 1523 aequita-
2297 1500 2310 1513 .

678 1548 811 1613 tem,
849 1558 1013 1615 quam
1057 1542 1395 1615 frequentius
1437 1542 1739 1613 continent,
1784 1541 1898 1596 sive
1934 1541 1982 1596 in
2022 1539 2272 1597 taxandis

679 1634 895 1704 poenis,
928 1632 1037 1689 sive
1066 1634 1117 1689 in
1146 1632 1563 1704 interpretandis
1594 1632 1957 1702 testamentis,
1988 1630 2039 1686 in
2084 1632 2270 1687 conie-

676 1721 945 1778 cturanda
974 1728 1154 1779 mente
1181 1722 1426 1779 defuncti
1452 1728 1509 1778 et
1536 1721 1819 1778 similibus.

756 1817 811 1869 5.
842 1812 1065 1869 Addunt
1088 1828 1217 1869 vero
1245 1812 1434 1885 aliqui,
1458 1811 1855 1869 consuetudine
1878 1821 2159 1885 receptum
2181 1832 2268 1872 es·

678 1915 735 1955 se
761 1900 811 1957 in
838 1901 1110 1973 Hispania,
1144 1909 1203 1958 ut
1229 1904 1319 1959 ius
1340 1901 1497 1958 civile
1518 1909 1795 1969 servetur,
1822 1902 1917 1959 ubi
1944 1904 2089 1975 leges
2114 1908 2268 1978 regni

676 1990 894 2047 desunt.
927 1994 1005 2048 lta
1042 1999 1188 2047 tenet
1220 1993 1432 2064 Burgos
1470 1991 1538 2048 de
1572 1993 1675 2049 Paz
1704 1994 1755 2048 in
1786 1990 1920 2049 libro
1960 2000 2007 2052 1.
2052 1997 2256 2063 Tauri,

679 2096 733 2135 n.
772 2086 899 2149 520,
932 2080 1025 2137 ubi
1058 2082 1222 2137 etiam
1253 2084 1447 2137 Anton.
1480 2082 1633 2137 Gom.
1668 2097 1721 2137 n.
1767 2088 1850 2139 10.
1898 2083 2083 2153 sentit,
2126 2082 2268 2157 leges

678 2169 867 2226 civiles
896 2169 1091 2225 habere
1128 2170 1234 2225 vim
1267 2169 1397 2243 legis
1425 2172 1477 2226 in
1516 2168 1788 2242 Hispania,
1831 2170 2111 2229 deficiente
2154 2173 2268 2247 lege

679 2258 853 2331 regni3
885 2275 991 2315 non
1020 2266 1197 2315 tamen
1229 2259 1382 2315 affert
1411 2259 1517 2329 ius,
1548 2262 1740 2332 inquo
1768 2260 1819 2315 id
1850 2260 2131 2334 fundetur,
2165 2280 2263 2321 nec

676 2348 1086 2405 consuetudinis
1119 2348 1441 2405 mentionem
1471 2348 1622 2420 t'acit,
1654 2349 1749 2406 sed
1780 2355 1991 2407 tantum
2020 2342 2115 2423 ait,
2142 2368 2265 2410 esse

676 2454 1023 2493 communem
1048 2437 1368 2509 opinionem.
1394 2439 1471 2493 Re
1496 2445 1669 2495 tamen
1684 2454 1807 2495 vera
1832 2455 1936 2495 non
1966 2440 2124 2497 babet
2146 2443 2259 2498 sus-

680 2526 862 2582 ficiens
890 2525 1319 2599 fundamentum3
1352 2542 1476 2583 nam
1504 2534 1713 2584 constat
1739 2542 1807 2584 ex
1830 2528 2008 2598 dictis,
2042 2530 2161 2585 illas
2188 2531 2262 2587 le-

673 2632 770 2687 ges
796 2631 860 2672 ex
891 2617 941 2671 vi
980 2630 1114 2672 suae
1140 2618 1361 2689 originis
1390 2633 1495 2672 non
1527 2616 1725 2673 babere
1755 2620 1862 2673 vim
1890 2620 1938 2674 in
1981 2620 2251 2691 Hispania.

671 2708 894 2762 Constat
922 2706 1083 2762 etiam
1108 2722 1213 2763 non
1240 2708 1519 2777 accepisse
1542 2705 1689 2763 illam
1712 2721 1775 2762 ex
1800 2704 1852 2763 ‘vi
1877 2707 2110 2765 alicuius
2127 2709 2262 2784 legis

672 2796 977 2867 Hispaniae,
1008 2795 1112 2851 imo
1142 2810 1237 2867 per
1266 2796 1381 2852 illas
1406 2794 1659 2852 exclusas
1700 2812 1843 2865 esse,
1878 2804 1938 2853 ut
1963 2798 2261 2871 allegatum

670 2888 862 2942 est.De
878 2884 1269 2942 consuetudine
1293 2891 1475 2942 autem
1499 2884 1827 2957 sufficiente,
1847 2902 2009 2959 quae,
2028 2904 2260 2945 consen-

669 2974 924 3030 tientibus
952 2974 1192 3047 regibus,
1226 2974 1308 3029 vel
1336 2973 1649 3042 scientibus,
1678 2974 1988 3031 introducta
2027 2977 2123 3047 sit,
2156 2994 2262 3034 non

670 3069 905 3119 constat.
930 3064 1255 3119 Praesertim
1282 3078 1411 3119 cum
1442 3064 1729 3119 novissime
1752 3080 1848 3135 per
1870 3065 2172 3137 Philippum
2195 3069 2260 3123 ll.

671 3159 955 3209 renovatae
984 3154 1037 3208 in
1075 3152 1174 3208 bac
1194 3160 1343 3224 parte
1374 3154 1479 3209 sint
1500 3153 1809 3223 superiores
1832 3154 1998 3227 leges.
2016 3158 2123 3213 Nec
2149 3157 2264 3213 sut-

669 3242 799 3310 ticit,
830 3241 980 3315 quod
1014 3241 1225 3298 iudices
1266 3242 1316 3297 in
1357 3241 1625 3298 similibus
1666 3244 1883 3299 casibus
1927 3243 2264 3318 frequentius

668 3332 905 3389 iudicent
933 3348 1027 3404 per
1057 3333 1200 3405 leges
1228 3332 1449 3393 civiles.
1485 3348 1607 3389 nam
1637 3332 1970 3389 credendum
1996 3342 2097 3405 est,
2115 3335 2165 3391 id
2189 3336 2263 3392 l'a-

668 3437 793 3478 cere
819 3422 1133 3482 imitatione.
1170 3438 1273 3477 non
1304 3420 1657 3494 obligatione.
1699 3423 1813 3477 Non
1856 3424 2023 3479 credo
2060 3432 2259 3497 tamen,

666 3526 785 3567 esse
813 3510 1263 3567 consuetudinem
1292 3510 1555 3581 puniendi
1582 3511 1815 3583 aliquem
1838 3520 2057 3583 propter
2080 3521 2260 3571 traus-

666 3599 999 3672 gressionem
1032 3599 1221 3655 talium
1244 3599 1453 3672 legum,
1486 3600 1527 3654 si
1548 3607 1702 3655 actus
1726 3616 1831 3654 non
1856 3600 1944 3671 sit,
1966 3600 2047 3658 vel
2070 3611 2262 3660 contra

664 3688 810 3761 leges
846 3688 1139 3757 naturales,
1174 3688 1255 3745 vel
1287 3696 1477 3745 contra
1506 3689 1650 3761 leges
1668 3692 1845 3762 regni.
1874 3692 1944 3747 Et
1962 3691 2150 3748 eadem
2177 3711 2258 3749 ra-

666 3778 805 3849 tione
835 3794 941 3832 non
971 3776 1196 3848 debent,
1226 3792 1325 3833 nec
1356 3784 1590 3848 possunt
1629 3778 1839 3835 iudices
1881 3780 2092 3837 irritare
2129 3798 2261 3839 con-

666 3872 900 3921 tractum
930 3866 1187 3940 aliquem,
1211 3882 1275 3922 eo
1303 3867 1449 3939 quod
1472 3860 1541 3923 sit
1564 3875 1753 3923 contra
1780 3868 1862 3925 ius
1884 3870 2059 3941 civile,
2078 3875 2123 3928 si
2150 3890 2257 3930 non

666 3956 736 4011 sit
762 3955 948 4013 irritus
979 3972 1073 4028 per
1104 3956 1248 4028 leges
1280 3958 1449 4029 regni,
1482 3958 1565 4014 vel
1595 3960 1713 4013 iure
1743 3966 1991 4031 naturae,
2017 3969 2114 4018 aut
2144 3980 2260 4021 me-

662 4053 851 4101 reatur
876 4046 1093 4101 irritari.
1128 4048 1195 4102 Et
1224 4049 1295 4104 ita
1324 4047 1481 4102 sentit
1506 4048 1730 4119 Gregor.
1765 4049 1941 4120 Lopez
1972 4068 2134 4123 supra
2158 4094 2176 4119 ,
2201 4062 2259 4110 et

664 4138 937 4192 Francisc.
972 4136 1135 4208 Varg.
1167 4143 1329 4193 tract.
1362 4136 1433 4193 de
1466 4142 1753 4211 potestate
1792 4139 2067 4212 Pontific.
2114 4142 2259 4198 axio-

666 4230 802 4280 mate
830 4228 880 4287 7,
914 4241 967 4280 n.
1004 4230 1088 4294 10,
1114 4226 1367 4282 Bernard.
1404 4228 1529 4282 Diaz
1553 4228 1603 4282 in
1634 4230 1839 4285 Pract.
1866 4245 1921 4301 q.
1955 4234 2082 4301 144,
2110 4232 2257 4287 circa

664 4316 841 4383 tinem,
878 4314 965 4370 ubi
997 4314 1203 4371 Salzed.
1237 4315 1317 4372 lit.
1350 4317 1388 4373 C
1443 4316 1574 4372 alios
1604 4316 1821 4389 allegat.

742 4408 795 4461 6.
821 4405 899 4459 Ex
930 4405 1126 4475 quibus
1159 4405 1372 4462 tandem
1397 4413 1576 4477 potest
1596 4407 1803 4463 deliniri
1826 4407 2079 4481 dubium,
2104 4409 2256 4483 quod

664 4493 717 4547 in
747 4492 844 4548 tine
874 4494 1064 4564 capitis
1095 4495 1467 4566 praecedentis
1497 4496 1602 4551 huc
1622 4497 1962 4569 remisimus,
1995 4515 2061 4554 an
2091 4501 2142 4555 in
2175 4516 2258 4555 re-

663 4582 783 4655 gnis
811 4600 918 4639 non
948 4583 1208 4640 subiectis
1240 4586 1607 4657 temporaliter
1632 4588 1837 4660 Papae,
1870 4603 1971 4644 nec
2000 4589 2250 4663 imperio,

664 4672 1000 4745 sequendum
1032 4678 1104 4730 sit
1132 4677 1217 4730 ius
1247 4674 1579 4746 pontificium
1606 4678 1660 4731 in
1692 4677 1912 4733 materia
1942 4694 2088 4733 mere
2117 4679 2246 4735 civi-

665 4764 697 4818 li
728 4777 826 4818 seu
855 4764 1167 4833 temporali3
1203 4762 1283 4821 vel
1313 4764 1581 4836 imperiale
1602 4806 1617 4836 ,
1648 4765 1699 4821 in
1727 4766 1971 4832 casibus,
2016 4767 2111 4839 qui
2152 4783 2248 4838 per

665 4852 945 4922 proprium
961 4852 1046 4907 ius
1064 4851 1399 4924 regnidecidi
1421 4870 1527 4909 non
1546 4862 1799 4925 possunt.
1822 4856 1890 4910 Et
1912 4871 2009 4926 per
2032 4863 2250 4912 utrum·

665 4944 772 5015 que
801 4940 929 4997 illud
961 4942 1043 4997 ius
1071 4942 1288 4999 diverso
1318 4942 1478 5000 modo
1519 4943 1868 5001 deciduntur.
1914 4945 2066 5001 Tunc
2108 4947 2250 5001 enim

668 5030 755 5091 ius
784 5030 1113 5101 pontificium
1142 5030 1476 5103 sequendum
1504 5047 1625 5088 esse
1664 5034 1842 5090 tenuit
1877 5035 2024 5089 loan.
2067 5036 2253 5105 Lupus

670 5120 718 5175 in
750 5120 961 5191 repetit.
996 5136 1115 5191 cap.
1151 5123 1268 5178 Per
1293 5124 1539 5183 vestras,
1574 5121 1639 5176 de
1668 5122 1855 5179 donat.
1890 5123 2031 5178 inter
2074 5125 2250 5181 virum

2352 647 2552 712 ptores.
2581 642 2964 701 Verumtamen
3005 644 3108 700 boc
3149 645 3556 718 intelligendum
3594 648 3809 705 videtur
3841 666 3944 722 per

2352 730 2571 789 modum
2601 732 2811 790 consilii
2839 739 2894 789 et
2919 736 3226 807 aequitatis.
3257 736 3390 791 Nam
3431 737 3568 793 ratio
3595 737 3938 811 obligationis

2347 828 2446 877 aut
2478 824 2814 879 necessitatis
2843 822 2992 879 nulla
3019 831 3200 897 potest
3224 826 3507 899 assignari.
3549 828 3686 894 Quia
3713 830 3861 885 sicut
3885 832 3942 886 in

2347 922 2413 963 eo
2441 924 2574 965 casu
2603 910 2850 969 absolute
2878 928 2984 969 non
3013 914 3250 986 obligant
3277 916 3327 971 in
3352 915 3455 972 boc
3477 930 3644 989 regno
3667 916 3814 991 leges
3835 920 3938 975 im-

2350 998 2614 1069 periales,
2649 1001 2722 1055 ita
2750 1016 2926 1073 neque
2953 1002 3110 1059 etiam
3139 1004 3442 1075 pontificiae
3481 1020 3625 1061 mere
3668 1012 3938 1078 tempora-

2343 1086 2445 1156 les,
2479 1096 2539 1145 ut
2567 1090 2742 1161 capite
2769 1092 3038 1161 superiori
3066 1091 3274 1150 dictum
3303 1100 3407 1161 εει,
3449 1101 3506 1150 et
3541 1112 3607 1151 cx
3649 1095 3736 1153 bic
3777 1096 3938 1155 dictis

2343 1192 2472 1233 cum
2503 1180 2853 1251 proportione
2884 1188 3050 1253 patet,
3082 1199 3214 1255 ergo
3249 1184 3458 1240 etiamsi
3503 1192 3796 1259 utrumqne
3825 1188 3935 1259 ius,

2343 1268 2676 1337 pontificium
2707 1276 2764 1325 et
2791 1270 3088 1342 imperiale,
3121 1280 3460 1329 concurrant
3485 1275 3540 1329 in
3563 1290 3627 1331 eo
3651 1290 3816 1347 casu,
3837 1292 3932 1349 po-

2341 1356 2468 1413 terit
2486 1364 2781 1431 utrumque
2805 1362 3067 1430 omitti,et
3091 1362 3306 1419 tertium
3324 1362 3606 1419 arbitrium
3629 1364 3934 1439 sumi,quia

2348 1450 2602 1503 neutrum
2633 1446 2854 1520 obligat:
2887 1464 3018 1521 ergo
3045 1450 3206 1505 etiam
3235 1452 3342 1506 erit
3377 1450 3604 1507 liberum
3641 1451 3802 1509 iudici
3837 1454 3935 1511 eli-

2338 1552 2466 1609 gere
2497 1536 2644 1610 quod
2678 1538 2932 1609 voluerit,
2963 1540 3007 1595 si
3037 1538 3269 1595 alterum
3301 1539 3517 1597 illorum
3559 1542 3752 1598 imitari
3782 1542 3930 1599 velit.

2338 1624 2474 1692 Quin
2504 1629 2689 1697 potius
2717 1630 2767 1683 in
2791 1627 3000 1701 legibus
3023 1628 3186 1685 buius
3207 1632 3360 1702 regni
3384 1631 3686 1688 Lusitaniae
3708 1638 3933 1689 cautum

2339 1721 2444 1785 est,
2483 1718 2622 1783 utin
2655 1716 2746 1773 tali
2776 1734 2912 1774 casu
2939 1717 3200 1775 iudicium
3228 1719 3430 1776 seratur
3457 1722 3608 1777 iuxta
3628 1722 3932 1793 imperiales

2339 1803 2508 1879 leges,
2541 1806 2666 1864 licet
2697 1808 3008 1881 pontificiae
3035 1810 3372 1867 contrarium
3403 1810 3714 1882 disponant,
3749 1810 3842 1868 lib.
3869 1816 3926 1869 3.

2339 1894 2582 1952 Ordinat.
2618 1898 2702 1953 tit.
2739 1902 2829 1956 6⁴.
2863 1900 2974 1953 lmo
3003 1897 3219 1956 additur
3249 1899 3318 1955 ibi
3345 1897 3370 1965 ἓ
3400 1904 3456 1969 3,
3484 1898 3629 1972 quod
3671 1900 3714 1955 si
3755 1900 3806 1956 in
3835 1899 3934 1956 ali-

2339 2000 2450 2057 quo
2479 2002 2613 2043 casu
2647 1989 2734 2043 ius
2767 1990 2916 2059 regni
2943 1995 2998 2045 et
3023 1989 3296 2061 imperiale
3325 1988 3454 2045 nihil
3483 1988 3736 2061 disponit,
3759 1996 3816 2046 ει
3835 2005 3930 2061 ρει·

2343 2074 2426 2130 ius
2455 2078 2782 2134 canonicum
2810 2076 3111 2149 disponitur
3133 2094 3242 2135 uno
3269 2077 3452 2147 modo,
3475 2094 3570 2151 per
3591 2079 3808 2136 Glossas
3830 2095 3932 2137 au·

2339 2170 2472 2234 tem,
2501 2173 2559 2221 et
2588 2167 2912 2239 interpretes
2942 2166 3124 2239 legum
3163 2168 3404 2225 civilium
3442 2168 3546 2225 alio
3584 2169 3778 2237 modo;
3815 2186 3922 2226 non

2337 2260 2468 2309 sunt
2495 2256 2758 2311 canonica
2791 2256 2906 2311 iura
2937 2256 3308 2327 praeferenda,
3339 2257 3432 2314 sed
3463 2272 3556 2315 rex
3584 2258 3695 2329 ipse
3731 2275 3929 2315 consu-

2339 2343 2556 2401 landus.
2577 2346 2749 2417 Igitur
2775 2346 2826 2401 in
2857 2345 2941 2401 his
2962 2348 3269 2415 eventibus,
3287 2346 3368 2403 vel
3393 2347 3442 2403 id
3469 2348 3796 2405 servandum
3815 2356 3922 2419 est,

2335 2434 2480 2505 quod
2511 2434 2630 2490 iura
2660 2436 2810 2508 regni
2841 2435 3156 2507 disponunt3
3193 2438 3278 2493 vel
3307 2438 3351 2493 si
3379 2436 3502 2493 nihil
3524 2436 3924 2510 disponunt-,li-

2335 2522 2526 2579 berum
2555 2524 2658 2580 erit
2685 2525 2910 2597 eligere,
2943 2525 3090 2598 quod
3116 2528 3266 2583 iuxta
3295 2535 3648 2584 occurrentes
3675 2530 3916 2585 circum-

2335 2614 2568 2671 stantias
2595 2616 2792 2672 rationi
2820 2622 2875 2673 et
2904 2617 3161 2689 aequitati
3189 2619 3360 2690 magis
3383 2625 3814 2675 consentaneum
3837 2618 3923 2675 iu-

2333 2703 2622 2761 dicabitur.

2918 2898 3194 2968 CAPUT
3225 2900 3337 2967 IX.

2409 3102 2582 3178 Apud
2605 3118 2746 3176 quos
2773 3108 2849 3161 sit
2869 3108 3130 3179 potestas
3159 3102 3450 3161 condendi
3477 3104 3632 3179 leqes
3658 3106 3853 3164 civiles

2927 3196 3082 3251 inter
3094 3192 3326 3267 fideles.

2901 3385 3357 3449 Summarinm

2334 3574 2382 3623 1.
2411 3573 2575 3623 Prima
2603 3574 2874 3625 conclusio:
2901 3573 3131 3623 Potestas
3148 3572 3396 3623 condendi
3417 3574 3555 3636 leges
3577 3574 3754 3625 civiles
3772 3582 3852 3624 εει
3873 3576 3926 3625 in

2401 3644 2635 3694 omnibus
2661 3645 2870 3705 regibus
2903 3642 3154 3705 supremis
3190 3656 3304 3692 cum
3342 3644 3618 3706 partitione
3651 3657 3929 3695 accommo-

2400 3711 2545 3762 da.—
2558 3712 2609 3763 2.
2624 3714 2851 3765 Secunda
2871 3712 3147 3763 conclusio:
3162 3712 3294 3761 Haec
3311 3719 3537 3776 potestas
3554 3726 3618 3763 eo
3634 3713 3802 3775 modo,
3821 3728 3928 3778 quo

2401 3784 2648 3833 translata
2673 3790 2752 3833 est
2787 3795 2878 3847 per
2911 3782 3353 3843 communitatem,
3387 3789 3468 3832 est
3501 3784 3552 3831 in
3587 3783 3834 3847 principe.
3855 3811 3926 3819 —

2397 3847 2446 3900 3.
2469 3852 2640 3903 Tertia
2665 3850 3088 3911 conclusimQuid
3107 3852 3375 3901 dicendtun
3399 3851 3462 3901 de
3481 3853 3798 3916 principibus
3823 3866 3922 3903 non

2396 3923 2647 3984 supremis
2671 3928 2724 3972 ει
2744 3921 3146 3983 magistratibus,
3162 3920 3292 3970 ——lu
3313 3921 3548 3985 Hispania
3569 3923 3824 3986 principes
3845 3923 3927 3971 in-

2399 3990 2613 4041 feriores
2638 4004 2760 4055 rege
2781 4005 2879 4041 non
2905 3998 3115 4054 possunt
3137 3992 3278 4053 leges
3299 3990 3581 4053 ferre—4.
3605 3991 3731 4053 Quid
3749 3991 3924 4041 dicen·

2394 4060 2514 4110 dum
2538 4061 2601 4111 de
2625 4060 3098 4115 communitatibus,
3121 4072 3250 4124 quac
3276 4073 3368 4123 per
3393 4072 3447 4109 εε
3473 4061 3607 4124 ipsas
3630 4062 3920 4122 gubernan-

2398 4131 2642 4182 tum—5.
2669 4131 2859 4193 Regina
2879 4130 3023 4192 regui
3045 4128 3241 4180 domina
3263 4136 3430 4193 potest
3452 4130 3591 4193 leges
3609 4130 3922 4180 condere.—

2395 4201 2447 4251 6.
2476 4200 2704 4264 Regnum
2722 4206 2801 4250 εει
2825 4200 2982 4249 veluti
3001 4200 3240 4252 officium,
3261 4198 3397 4263 quod
3417 4199 3664 4249 incumbit
3685 4200 3922 4263 propriae

2397 4283 2662 4333 personae,
2681 4270 2768 4319 cui
2788 4268 3070 4319 confertur.
3087 4296 3151 4305 —-
3165 4270 3216 4317 7.
3239 4270 3340 4319 Lex
3360 4269 3644 4332 Hispaniae.
3658 4296 3718 4305 —
3737 4270 3788 4319 8.
3819 4269 3920 4318 Ma·

2395 4340 2528 4390 ritus
2570 4340 2778 4402 reginae
2813 4340 3055 4389 subditur
3089 4340 3138 4388 ei
3169 4338 3334 4401 quoad
3369 4339 3592 4402 regimen
3628 4339 3912 4402 politicum,

2393 4409 2530 4472 quod
2555 4409 2930 4459 oeconomicum
2955 4416 3035 4459 est
3055 4408 3304 4472 superior.
3321 4409 3452 4459 --9.
3477 4408 3552 4458 An
3569 4409 3828 4471 quaelibet
3847 4408 3922 4457 ci-

2394 4479 2526 4529 vitas
2551 4479 2710 4542 possit
2735 4478 2954 4529 condere
2989 4478 3372 4541 leges—Quae
3405 4478 3643 4528 civitates
3674 4476 3920 4527 dicendae

2394 4555 2512 4598 sunt
2541 4549 2799 4607 maximae,
2837 4546 3052 4598 maiores
3085 4554 3139 4597 et
3175 4547 3590 4598 minores—10.
3626 4548 3913 4599 conclusio:

2392 4616 2610 4668 Minores
2632 4618 2872 4668 civitates
2896 4630 2993 4668 non
3020 4616 3205 4667 hahent
3232 4624 3533 4681 potestatem
3561 4615 3756 4667 serendi
3777 4618 3921 4679 leges

2393 4686 2640 4751 proprias

2407 4862 2452 4914 1.
2488 4858 2631 4913 Haec
2661 4857 2908 4929 quaestio
2937 4857 3268 4928 expedienda
3297 4858 3407 4915 sere
3435 4865 3519 4915 est
3545 4848 3608 4915 ex
3635 4859 3914 4932 principiis

2321 4946 2510 5019 positis
2544 4946 2591 5000 in
2623 4961 2745 5017 cap.
2772 4947 2842 5015 ll,
2867 4953 2921 5003 et
2940 4948 3033 5016 111,
3059 4947 3184 5019 quia
3209 4947 3340 5002 baec
3363 4954 3624 5019 potestas,
3651 4956 3814 5019 prout
3833 4956 3922 5007 est

2320 5037 2461 5091 intra
2491 5034 2825 5105 Ecclesiam,
2855 5036 3058 5093 eisdem
3103 5037 3276 5094 modis
3318 5045 3374 5094 et
3401 5037 3574 5094 titulis
3615 5038 3916 5112 obtinetur,

2319 5124 2524 5199 quibus
2553 5141 2619 5181 ex
2649 5132 2846 5181 natura
2875 5127 2950 5182 rei
2975 5126 3156 5183 baberi
3187 5133 3386 5198 potest;
3420 5128 3544 5185 nibil
3572 5130 3712 5186 enim
3738 5130 3786 5197 in
3814 5130 3918 5186 boc
