4325 6267
1782 270 1995 323 CAPUT
2020 271 2143 322 11·

355 397 730 473 obligationem
759 411 980 456 cessare
1000 403 1225 472 propter
1245 399 1416 457 solam
1435 399 1700 474 temporis
1718 396 1932 457 diutur-

351 490 602 561 nitatem,
645 489 690 545 si
731 489 836 547 alia
873 504 1048 547 causa
1085 480 1402 549 mutationis
1438 508 1548 549 non
1587 492 1930 550 interveniat.

349 580 649 651 Probatur,
679 580 808 654 quia
837 581 922 639 lex
948 579 1014 638 de
1043 597 1102 637 se
1125 588 1390 655 perpetua
1409 590 1524 655 est3
1549 598 1682 656 ergo
1708 587 1932 657 propter

353 670 520 728 solam
576 670 837 743 temporis
887 669 1232 729 durationem
1288 688 1397 730 non
1441 674 1778 743 mutabitur,
1826 673 1932 731 nisi

347 758 558 817 aliunde
601 759 844 817 tollatur.
879 763 1040 819 Dices
1053 749 1082 822 z'
1104 762 1407 836 Aliquando
1434 762 1520 821 lex
1547 762 1800 837 involvit,
1831 778 1932 820 seu

343 850 669 923 praescribit
705 858 923 910 certum
962 854 1252 909 terminum
1281 868 1414 911 suae
1441 854 1797 927 obligationis.
1826 856 1932 912 Re·-

343 939 645 1013 spondetur
684 944 892 1015 primo,
935 941 1058 999 ideo
1097 941 1316 1000 locutos
1355 958 1455 1000 nos
1481 942 1646 1001 fuisse
1673 945 1726 1001 in
1752 959 1933 1003 asser·

345 1033 486 1089 tione
513 1031 586 1089 de
611 1031 728 1106 lege
757 1031 1030 1090 indefinite
1057 1031 1184 1089 lata.
1215 1032 1470 1091 Secundo
1490 1033 1740 1093 addimus
1757 1075 1772 1106 ,
1797 1034 1930 1092 illud

342 1122 520 1179 solum
565 1122 761 1181 babere
803 1123 989 1180 locum
1028 1123 1080 1179 in
1119 1123 1301 1198 aliqua
1329 1124 1447 1197 lege
1475 1126 1730 1204 positiva,
1759 1131 1817 1183 et
1843 1141 1930 1183 ra-

346 1228 466 1268 rum
491 1228 647 1285 esse,
675 1220 733 1271 et
756 1213 916 1287 quasi
943 1220 1156 1285 praeter
1185 1221 1439 1273 naturam
1465 1213 1740 1287 perlectae
1767 1216 1925 1290 legis,

341 1310 402 1361 ut
439 1319 614 1377 supra
651 1303 862 1362 dictum
901 1309 1013 1372 est,
1061 1310 1122 1362 et
1160 1303 1278 1363 ideo
1316 1304 1629 1377 simpliciter
1668 1306 1930 1365 affirmari

340 1410 496 1467 posse
514 1436 532 1467 ,
564 1394 840 1452 moraliter
866 1393 1174 1468 loquendo,
1204 1411 1312 1453 non
1341 1411 1561 1453 cessare
1587 1403 1812 1469 propter
1839 1414 1929 1456 so-

341 1483 444 1540 lam
485 1486 752 1556 temporis
794 1483 1224 1543 diuturnitatem.
1265 1486 1345 1543 Eo
1374 1486 1460 1543 vel
1487 1488 1750 1559 maxime,
1781 1488 1928 1561 quod

337 1589 467 1631 cum
491 1574 584 1632 lex
611 1590 734 1633 esse
762 1574 958 1633 debeat
981 1576 1318 1634 rationabilis
1357 1583 1415 1634 et
1441 1578 1614 1645 iusta,
1646 1593 1927 1652 nunquam

337 1666 675 1737 praescribet
711 1672 926 1723 certum
967 1667 1262 1724 terminum
1301 1682 1434 1724 suae
1461 1666 1795 1739 durationis,
1826 1668 1928 1727 nisi

339 1755 466 1828 quia
507 1758 565 1813 in
606 1755 699 1813 illo
739 1757 999 1827 termino,
1031 1772 1131 1813 seu
1159 1757 1261 1814 fine
1289 1757 1550 1829 temporis
1577 1759 1814 1816 cessabit
1843 1759 1926 1817 vel

335 1847 544 1903 iustitia
570 1846 734 1921 legis,
765 1846 854 1904 vel
880 1849 1161 1919 potissima
1201 1848 1373 1918 ratio,
1403 1863 1546 1921 quae
1573 1850 1742 1906 mevit
1768 1848 1928 1923 legis-

338 1936 566 1993 latorem
608 1936 677 1994 ad
716 1936 1018 2009 ponendam
1059 1936 1232 2010 illam3
1264 1938 1420 1995 etita
1445 1953 1726 2011 nunquam
1753 1939 1928 1995 oritur

333 2028 554 2099 proprie
581 2027 809 2085 mutatio
834 2042 900 2083 ex
923 2026 1042 2085 solo
1067 2028 1326 2099 temporis
1348 2026 1612 2090 decursu,
1629 2028 1724 2086 sed
1742 2044 1809 2086 ex
1832 2029 1928 2087 ali-

335 2133 447 2191 qua
477 2117 588 2174 alia
613 2117 939 2189 mutatione,
971 2132 1112 2190 quae
1139 2132 1270 2175 cum
1297 2116 1387 2175 illo
1417 2120 1789 2193 coniungitur.

405 2213 461 2265 2.
499 2206 780 2265 5οοηηᾱο’
798 2205 1094 2265 dicendum
1122 2214 1238 2279 est,
1269 2208 1628 2266 mutationem
1657 2208 1794 2281 legis
1821 2208 1928 2267 du-

331 2298 546 2373 pliciter
591 2298 843 2356 accidere
883 2314 1064 2371 posse.
1097 2300 1216 2357 Uno
1253 2298 1415 2356 modo
1454 2300 1612 2371 quasi
1639 2299 1706 2356 ab
1732 2300 1926 2358 intrin-

332 2405 457 2445 seco
483 2404 557 2446 ex
585 2388 805 2446 delectu
840 2390 1100 2445 materiae
1117 2430 1133 2462 ,
1164 2403 1263 2445 seu
1291 2404 1492 2446 causae
1519 2391 1921 2464 conservantis3

332 2479 576 2537 secundo
617 2480 685 2535 ab
711 2479 1018 2537 extrinseco
1044 2494 1142 2552 per
1170 2480 1440 2537 actionem
1467 2481 1729 2537 contrarii
1759 2497 1926 2555 agen-

329 2570 414 2627 tis.
443 2571 604 2639 Quae
637 2572 864 2628 assertio
905 2586 1014 2627 non
1053 2576 1139 2627 est
1173 2569 1549 2629 universaliter
1576 2572 1916 2647 accipienda,

331 2661 398 2717 ita
437 2668 508 2718 ut
535 2677 731 2719 seusus
761 2662 863 2735 sit,
894 2675 1109 2719 omnem
1132 2660 1314 2735 legem
1341 2676 1462 2719 esse
1493 2662 1815 2721 mutabilem
1841 2663 1924 2721 his

327 2751 506 2810 modis
524 2794 541 2824 ,
569 2752 696 2825 quia
724 2767 832 2807 non
859 2750 932 2807 ita
957 2756 1070 2822 est3
1104 2750 1284 2825 aliqua
1309 2752 1452 2809 enim
1473 2766 1594 2807 esse
1617 2758 1798 2824 potest
1823 2753 1922 2811 im·

327 2841 604 2899 mutabilis
623 2883 638 2913 ,
665 2847 720 2899 et
746 2840 928 2915 aliqua
955 2848 1138 2913 potest
1158 2844 1364 2899 mutari
1385 2856 1495 2900 uno
1520 2841 1680 2899 modo
1696 2884 1714 2916 ,
1736 2848 1791 2899 et
1813 2858 1922 2900 non

326 2933 465 2990 alio:
513 2931 695 2990 solum
733 2948 866 3006 ergo
895 2932 1166 2990 indefinite
1201 2930 1466 2999 dicimus,
1499 2932 1552 2989 in
1579 2933 1698 3007 lege
1725 2933 1922 2991 babere

327 3022 514 3081 locum
549 3023 676 3082 illos
702 3022 842 3079 duos
871 3022 1062 3079 modos
1090 3023 1428 3081 mutationis.
1455 3022 1528 3082 Et
1552 3024 1628 3081 ita
1651 3023 1924 3083 declarari

325 3118 507 3185 potest
535 3111 730 3184 primo,
753 3112 880 3185 quia
899 3110 985 3169 lex
1011 3128 1072 3172 se
1097 3113 1263 3171 babet
1286 3113 1350 3170 ad
1380 3113 1603 3171 modum
1631 3113 1921 3173 cuiusdam

326 3203 646 3278 accidentis,
675 3208 946 3277 quatenus
970 3204 1132 3261 estin
1159 3203 1389 3261 subditis
1405 3246 1420 3277 ,
1445 3205 1529 3262 vel
1558 3204 1676 3261 illos
1699 3205 1920 3280 obligat,

327 3310 423 3351 seu
449 3294 727 3352 debitores
754 3294 1066 3351 constituit:
1099 3293 1353 3352 accidens
1375 3296 1680 3353 autemillis
1701 3295 1919 3354 duobus

327 3384 501 3441 modis
520 3386 578 3440 in
599 3382 839 3457 generali
858 3386 1061 3441 mutari
1081 3391 1283 3458 potest,
1312 3391 1410 3443 aut
1435 3386 1666 3458 destrui,
1697 3392 1762 3443 ut
1784 3401 1918 3444 eon-

323 3481 432 3531 stat
457 3489 525 3531 ex
557 3472 928 3547 philosophia;
959 3473 1100 3531 idem
1125 3490 1258 3547 ergo
1285 3475 1393 3532 erit
1413 3490 1544 3532 cum
1565 3476 1918 3548 proportione

321 3564 378 3619 in
403 3562 547 3637 lege.
583 3562 834 3621 Secundo
863 3564 1129 3636 probatur
1155 3563 1486 3621 declarando
1515 3564 1568 3620 in
1595 3565 1915 3637 particulari

323 3660 624 3727 utrumque
649 3654 975 3711 membrum.
1006 3654 1162 3711 Ratio
1184 3655 1384 3727 prioris
1407 3654 1635 3712 membri
1655 3661 1762 3725 est,
1787 3658 1920 3730 quia

321 3742 408 3800 lex
445 3743 682 3816 requirit
719 3759 948 3802 causam
987 3744 1144 3818 quasi
1177 3744 1542 3819 materialem,
1571 3744 1722 3803 eirca
1749 3762 1917 3820 quam

319 3840 606 3906 versetur3
647 3840 705 3892 et
739 3832 862 3892 ideo
897 3834 1064 3893 stilla
1090 3833 1262 3907 desit,
1293 3835 1529 3893 cessabit
1556 3835 1813 3910 obligatio
1840 3837 1917 3895 le·

317 3926 400 3998 gis
421 3962 438 3994 ,
481 3930 549 3982 ut
592 3925 642 3981 si
679 3926 902 3982 omnino
929 3924 1126 3983 subditi
1150 3923 1363 4000 desint,
1392 3926 1634 3984 cessabit
1660 3926 1915 4002 obligatio

321 4013 487 4088 legis,
517 4012 656 4072 licet
678 4016 794 4087 ipsa
823 4016 996 4087 possit
1021 4030 1238 4073 manere
1273 4018 1331 4072 in
1359 4022 1537 4074 mente
1562 4016 1910 4092 legislatoris3

321 4104 416 4161 sed
443 4103 586 4161 baec
613 4106 838 4163 mutatio
861 4104 994 4163 nibil
1021 4104 1088 4162 ad
1129 4106 1392 4164 moralem
1418 4105 1912 4165 considerationem

317 4200 506 4256 refert.
531 4198 709 4257 Habet
726 4195 890 4254 etiam
909 4194 994 4253 lex
1015 4210 1241 4253 causam
1261 4195 1586 4255 efficientem
1602 4237 1619 4271 ,
1642 4205 1700 4256 et
1718 4214 1784 4257 ex
1807 4198 1913 4256 bae

317 4296 474 4361 parte
495 4288 640 4346 solet
660 4287 890 4345 effectus
917 4286 1162 4345 desinere
1178 4330 1193 4361 ,
1217 4302 1318 4346 seu
1340 4289 1540 4346 mutari
1561 4305 1658 4362 per
1678 4306 1908 4363 suspen·

315 4381 528 4437 sionem
554 4379 792 4437 influxus
813 4418 828 4451 ,
854 4392 954 4435 seu
978 4393 1089 4434 non
1108 4381 1582 4439 conservationem
1603 4396 1808 4439 causae
1829 4383 1908 4440 el*-

310 4470 567 4528 ticientis.
611 4469 746 4539 Quia
783 4484 915 4527 vero
954 4468 1196 4526 efficiens
1236 4484 1408 4527 causa
1436 4469 1606 4545 legis,
1638 4479 1805 4544 prout
1825 4479 1913 4531 est

313 4561 366 4619 in
403 4560 668 4631 subditis,
698 4575 798 4617 seu
823 4565 977 4620 extra
1003 4557 1403 4634 legislatorem,
1434 4577 1544 4619 non
1575 4569 1661 4620 est
1686 4564 1792 4620 nisi
1818 4579 1912 4621 vo-

311 4652 496 4711 luntas
537 4648 857 4725 legislatoris
877 4690 892 4721 ,
934 4665 1074 4723 quae
1110 4650 1300 4708 eadem
1325 4666 1684 4724 =perseverare
1721 4669 1912 4711 cense-

311 4749 440 4816 tur,
479 4741 742 4817 quamdiu
777 4740 1048 4799 contraria
1087 4756 1198 4798 non
1222 4742 1543 4817 intervenit3
1575 4743 1694 4802 ideo
1729 4750 1911 4803 muta·-

311 4835 516 4893 tionem
551 4833 686 4907 legis
725 4848 791 4891 ex
827 4838 982 4906 parte
1007 4846 1210 4889 causae
1236 4831 1525 4891 efficientis
1550 4833 1912 4907 comprehen-

309 4924 494 4983 dimus
531 4923 638 4982 sub
665 4922 803 4997 illa,
845 4938 988 4997 quae
1025 4922 1088 4979 fit
1125 4937 1223 4997 per
1251 4925 1525 4981 actionem
1549 4927 1906 4984 contrariam.

307 5017 556 5091 Denique
593 5014 760 5073 habet
795 5014 882 5073 lex
921 5028 1145 5102 causam
1177 5011 1421 5087 finalem,
1451 5019 1598 5074 etex
1623 5016 1726 5074 hac
1752 5024 1910 5091 parte

311 5108 544 5165 maxime
573 5112 831 5165 censetur
858 5106 944 5164 lex
971 5119 1188 5163 cessare
1204 5147 1219 5177 ,
1250 5120 1352 5163 seu
1379 5105 1580 5165 mutari
1614 5106 1684 5164 ab
1717 5108 1909 5165 intrin-

311 5212 446 5255 seco
469 5213 540 5258 ex
566 5196 788 5256 delectu
811 5210 1014 5257 causae
1039 5195 1209 5255 finalis
1227 5234 1246 5269 ,
1275 5197 1332 5255 in
1352 5210 1462 5272 qua
1489 5200 1718 5257 maxime
1744 5198 1909 5258 babet

3432 248 3517 315 75

2000 397 2188 457 locum
2225 394 2360 455 illud
2400 400 2665 455 cessante
2690 408 2910 465 causa,
2957 398 3139 455 cesset
3160 389 3432 469 effeetus,
3465 408 3593 467 cap.

2006 491 2317 557 Cessante,
2353 486 2421 545 de
2446 486 2700 560 appellat.
2723 486 3109 546 Verumtamen
3131 484 3223 542 bic
3248 482 3445 541 modus
3472 500 3597 541 mu-

1999 580 2216 637 tationis
2253 578 2387 652 legis
2414 578 2645 635 maxime
2680 576 2845 636 babet
2870 576 3055 636 locum
3080 576 3137 634 in
3163 574 3374 649 legibus
3401 575 3592 647 positi-

1997 670 2078 725 vis
2105 668 2386 741 humanis,
2410 668 2537 743 quia
2563 670 2617 726 in
2644 668 2876 727 naturali
2895 685 3002 726 non
3030 666 3244 725 videtur
3281 667 3481 724 habere
3509 666 3593 724 lo-

1997 777 2160 833 cum,
2190 766 2246 819 et
2272 761 2339 819 de
2363 759 2541 818 divina
2576 759 2802 831 positiva
2828 767 2911 817 est
2944 776 3033 818 res
3060 758 3165 817 sub
3190 757 3586 831 controversia,

1996 860 2055 911 et
2071 851 2194 923 ideo
2219 854 2273 909 in
2294 850 2518 924 singulis
2548 850 2741 908 melius
2766 849 3141 923 explicabitur.
3171 849 3329 908 Ratio
3356 864 3487 905 vero
3514 848 3595 905 al-

1999 944 2175 1001 terius
2204 943 2371 1016 partis
2400 945 2519 1013 est,
2544 943 2676 1015 quia
2702 940 2788 999 lex
2809 941 3009 1012 accipit
3033 956 3199 998 suum
3224 954 3347 997 esse
3382 945 3441 997 et
3478 939 3592 997 vim

1997 1032 2267 1113 obligandi
2308 1048 2405 1107 per
2427 1032 2760 1091 voluntatem
2788 1030 3143 1106 legislatoris,
3175 1048 3305 1105 ergo
3330 1046 3429 1104 per
3456 1045 3592 1088 con-

1998 1126 2222 1182 trariam
2244 1122 2581 1181 voluntatem
2607 1122 2809 1179 auferri
2835 1121 3057 1196 poterit,
3080 1123 3209 1197 quia
3236 1122 3597 1194 supponimus

1995 1232 2104 1273 non
2124 1214 2315 1273 deesse
2342 1220 2695 1287 potestatem,
2720 1229 2851 1271 cum
2872 1212 2961 1271 illa
2986 1216 3059 1271 sit
3082 1212 3271 1271 eadem
3298 1212 3351 1269 in
3377 1211 3591 1286 legisla-

1996 1313 2116 1364 tore
2152 1304 2221 1363 ad
2253 1310 2547 1378 utrumque
2574 1311 2763 1361 actum
2783 1345 2800 1378 ,
2838 1305 3119 1377 supposita
3144 1304 3448 1375 capacitate
3474 1317 3590 1359 ma·

1995 1396 2163 1454 teriae
2182 1435 2199 1460 ..
2227 1394 2287 1452 ut
2312 1395 2482 1467 magis
2508 1410 2574 1453 ex
2602 1394 2961 1467 sequentibus
2988 1392 3378 1452 declarabitur.

2073 1490 2128 1545 3.
2159 1486 2339 1543 Tertio
2378 1484 2642 1558 dicimus,
2687 1485 2826 1543 banc
2866 1484 3001 1559 legis
3038 1483 3391 1542 mutationem
3417 1482 3585 1541 inter·

1995 1576 2128 1634 dum
2168 1593 2291 1634 esse
2329 1591 2491 1648 posse
2529 1591 2667 1649 pure
2704 1575 3025 1646 ablativam,
3068 1591 3169 1633 seu
3207 1576 3584 1647 corruptivam
3627 1630 3635 1639 ,

1995 1682 2094 1740 per
2119 1682 2206 1739 se3
2233 1666 2522 1741 aliquando
2549 1682 2683 1724 vero
2710 1681 2833 1723 esse
2860 1682 3019 1738 posse
3047 1682 3145 1739 per
3174 1666 3396 1725 modum
3420 1680 3581 1738 gme-

1998 1758 2226 1815 rationis
2252 1758 2445 1821 unius,
2480 1772 2623 1831 quae
2650 1758 2722 1815 sit
2750 1756 3032 1828 corruptio
3060 1756 3305 1813 alterius.
3338 1753 3591 1813 Declara-

1995 1854 2089 1906 tur
2106 1890 2120 1919 ,
2150 1848 2281 1922 quia
2308 1850 2362 1905 in
2391 1847 2610 1920 primis,
2630 1847 2847 1920 quoties
2874 1847 3103 1904 mutatio
3132 1847 3269 1919 legis
3294 1846 3354 1905 fit
3379 1861 3477 1919 per
3500 1862 3590 1903 so-

1995 1937 2105 1996 lam
2145 1940 2506 1995 mutationem
2529 1978 2544 2009 ,
2586 1936 2669 1993 vel
2710 1935 2987 1994 delectum
3016 1951 3217 1993 causae
3244 1936 3588 1995 necessariae

1994 2028 2064 2085 ad
2092 2030 2563 2086 conservationem
2582 2028 2701 2085 eius
2716 2068 2732 2099 ,
2755 2033 2891 2083 ωηο
2911 2032 2997 2085 est
3018 2041 3168 2084 mera
3188 2026 3423 2085 cessatio
3446 2024 3583 2099 legis

1991 2134 2090 2192 per
2117 2119 2415 2177 carentiam
2443 2117 2790 2193 obligationis
2816 2119 2967 2192 eius,
2990 2118 3197 2192 absque
3224 2118 3587 2176 introductio-

1992 2226 2062 2267 ne
2105 2210 2336 2267 alterius
2384 2208 2751 2283 obligationis,
2799 2210 2951 2266 sieut
2988 2210 3363 2281 corrumpitur
3405 2208 3592 2267 lumen

1992 2317 2092 2375 per
2130 2301 2433 2359 absentiam
2473 2300 2619 2357 solis.
2651 2299 2853 2357 Deinde
2886 2298 3095 2357 etiamsi
3125 2298 3347 2357 tollatur
3374 2298 3461 2358 lex
3490 2316 3589 2373 per

1993 2391 2337 2449 voluntatem
2376 2391 2705 2447 contrariam
2748 2389 3105 2464 legislatoris,
3132 2388 3226 2462 qui
3266 2386 3384 2446 vult
3412 2388 3587 2463 legem

1992 2498 2213 2540 cessare
2234 2526 2248 2554 ,
2274 2488 2405 2539 tunc
2432 2480 2595 2537 etiam
2615 2479 2778 2539 babet
2805 2480 2991 2537 locum
3014 2494 3154 2553 pura
3178 2479 3480 2538 subtractio
3509 2480 3586 2539 le-

1991 2574 2072 2647 gis
2091 2616 2105 2645 ,
2128 2574 2259 2647 quia
2286 2588 2395 2630 non
2422 2577 2508 2629 est
2534 2586 2792 2643 necesse,
2817 2571 2976 2628 aliam
2997 2568 3272 2628 introduci
3294 2570 3364 2628 ad
3382 2571 3581 2645 prioris

1991 2663 2337 2722 ablationem.
2381 2662 2534 2721 Unde
2575 2661 2706 2719 licet
2749 2662 2805 2717 in
2841 2676 2907 2719 eo
2943 2660 3162 2719 dicatur
3208 2660 3295 2719 lex
3330 2660 3446 2719 tolli
3480 2679 3581 2736 per

1991 2754 2263 2811 actionem
2301 2752 2638 2812 contrariam
2677 2752 2833 2825 quasi
2872 2751 3293 2821 immanentem,
3323 2752 3455 2825 quia
3491 2769 3586 2809 vo-

1992 2842 2177 2902 luntas
2204 2846 2477 2901 contraria
2504 2843 2710 2900 versari
2736 2848 2918 2914 potest
2943 2842 3093 2899 circa
3122 2841 3295 2899 solam
3323 2844 3583 2915 privatio-

1989 2950 2114 2991 nem
2155 2949 2257 2990 seu
2296 2933 2620 2991 ablationem
2663 2932 2825 3007 legis3
2869 2947 2975 2987 non
3014 2940 3195 2988 tamen
3234 2931 3440 2990 tollitur
3478 2949 3578 3007 per

1991 3026 2355 3083 mutationem
2381 3024 2711 3081 contrariam
2739 3024 2895 3096 quasi
2924 3028 3329 3098 transeuntem,
3352 3022 3448 3082 sed
3476 3040 3575 3097 per

1992 3115 2357 3174 mutationem
2386 3114 2709 3188 privativam
2748 3121 2805 3171 et
2832 3113 3117 3171 ablativam
3158 3113 3328 3188 legis3
3354 3116 3427 3171 ita
3452 3130 3587 3188 ergo

1991 3206 2126 3263 satis
2167 3211 2384 3263 constat
2422 3206 2575 3277 prius
2616 3204 2941 3261 membrum.
2972 3203 3253 3261 Posterius
3290 3211 3475 3263 autem
3502 3206 3581 3263 lo·

1993 3311 2124 3353 cum
2153 3293 2345 3368 babet,
2370 3293 2589 3368 quando
2613 3309 2721 3352 una
2748 3293 2831 3350 lex
2859 3292 3066 3351 tollitur
3092 3309 3189 3367 per
3210 3294 3575 3353 introductio-

1985 3402 2116 3443 nem
2155 3385 2383 3443 alterius
2423 3384 2591 3459 priori
2628 3385 3013 3460 repugnantis3
3056 3391 3119 3441 ut
3154 3385 3197 3441 si
3222 3394 3577 3459 praeceptum

1989 3476 2174 3534 ieiunii
2224 3475 2447 3534 tollatur
2494 3475 2817 3546 imponendo
2863 3482 3216 3548 praeceptum
3262 3476 3579 3535 comedendi

1990 3582 2250 3637 carnem,
2282 3573 2377 3623 aut
2414 3565 2493 3622 bis
2519 3567 2573 3621 in
2606 3564 2711 3622 die.
2744 3567 2842 3622 Hic
2872 3567 3013 3623 enim
3040 3566 3352 3624 mutationis
3379 3567 3579 3625 modus

1985 3655 2175 3713 locum
2200 3653 2364 3713 habet
2388 3655 2443 3711 in
2480 3656 2704 3711 materia
2740 3652 3020 3727 mutabili,
3050 3660 3107 3712 et
3131 3670 3270 3727 quae
3299 3672 3447 3714 nunc
3476 3673 3577 3730 po-

1985 3752 2096 3804 test
2114 3762 2235 3804 esse
2258 3746 2434 3819 utilis,
2459 3751 2515 3802 et
2535 3750 2721 3817 postea
2740 3746 2967 3819 nociva3
2992 3750 3049 3803 et
3069 3752 3201 3803 tunc
3224 3746 3267 3801 si
3286 3752 3579 3819 praecepta

1985 3840 2097 3895 sint
2121 3835 2398 3895 contraria
2416 3875 2431 3906 ,
2462 3850 2687 3892 necesse
2714 3841 2799 3891 est
2824 3842 2891 3892 ut
2915 3851 3089 3895 unum
3115 3834 3373 3893 excludat
3399 3835 3569 3910 aliud,

1983 3928 2197 3987 etiamsi
2236 3927 2291 3985 id
2330 3926 2535 3983 directe
2574 3942 2681 3983 non
2716 3926 3013 3999 exprimat,
3054 3926 3184 3999 quia
3208 3941 3317 3983 non
3344 3935 3579 3999 possunt

1983 4019 2147 4077 simul
2170 4017 2406 4091 obligare
2428 4018 2575 4091 leges
2601 4016 2925 4087 contrariae,
2946 4023 3010 4074 ut
3034 4032 3132 4089 per
3161 4031 3219 4074 se
3245 4023 3436 4075 notum
3461 4025 3571 4077 est.

2060 4113 2116 4169 ⁴.
2149 4109 2389 4181 Quarto,
2421 4113 2601 4180 potest
2620 4106 2755 4165 haec
2783 4108 3010 4165 mutatio
3040 4108 3173 4182 legis
3199 4124 3321 4167 esse
3350 4111 3571 4168 univer-

1981 4200 2144 4272 salis,
2180 4198 2265 4257 vel
2306 4197 2653 4271 particularis
2688 4202 2933 4267 tantum,
2971 4213 3070 4255 seu
3097 4203 3423 4271 potestesse
3448 4210 3573 4258 mu-

1981 4291 2113 4347 tatio
2141 4288 2479 4362 simpliciter,
2502 4288 2587 4345 vel
2611 4287 2915 4346 seeundum
2936 4288 3089 4362 quid.
3110 4290 3329 4347 Mutatio
3352 4290 3568 4349 univer-

1983 4379 2110 4437 salis
2139 4386 2196 4437 et
2222 4379 2540 4452 simpliciter
2566 4380 2700 4451 erit,
2723 4376 2941 4452 quando
2971 4378 3056 4436 lex
3082 4380 3139 4436 in
3166 4385 3341 4437 totum
3361 4388 3419 4438 et
3440 4382 3571 4439 sim-

1980 4470 2193 4544 pliciter
2218 4469 2458 4544 tollitur,
2485 4467 2539 4527 id
2566 4474 2651 4527 est
2673 4475 2730 4527 et
2757 4474 3015 4541 respectu
3051 4470 3323 4541 omnium,
3354 4487 3455 4530 seu
3481 4479 3568 4530 to·

1979 4562 2088 4621 tius
2117 4562 2527 4619 communitatis
2545 4600 2561 4633 ,
2591 4575 2756 4634 quam
2786 4558 3086 4634 obligabat,
3108 4566 3165 4618 et
3189 4568 3445 4634 respectu
3473 4566 3563 4623 sui

1981 4668 2134 4726 esse,
2170 4666 2270 4709 seu
2297 4650 2598 4709 durationis
2614 4691 2630 4722 ,
2655 4651 2785 4723 quia
2812 4650 3130 4723 simpliciter
3148 4650 3378 4724 tollitur,
3401 4654 3479 4710 ita
3498 4660 3567 4713 ut

1979 4743 2216 4815 amplius
2242 4758 2353 4800 ηοη
2373 4740 2578 4799 redeat.
2609 4742 2804 4799 Posset
2828 4746 3014 4799 autem
3039 4741 3156 4799 lieri
3181 4742 3413 4801 mutatio
3440 4745 3562 4803 uni-

1977 4833 2237 4907 versalis,
2266 4848 2375 4891 non
2415 4840 2595 4891 tamen
2633 4829 2978 4906 simpliciter,
3007 4830 3105 4890 sed
3140 4832 3209 4889 ad
3236 4839 3485 4909 tempus3
3516 4828 3564 4895 si

1977 4942 2078 5002 pro
2117 4925 2305 4999 aliquo
2347 4929 2589 4996 tempore
2615 4922 2985 4997 suspendatur
3006 4922 3259 4998 obligatio
3286 4922 3420 4999 legis
3447 4931 3561 4985 sta-

1976 5020 2076 5078 tim
2101 5016 2345 5076 reditura
2369 5015 2462 5073 ille
2500 5021 2809 5090 transacto3
2840 5020 2897 5075 et
2920 5014 3061 5073 banc
3095 5030 3359 5074 vocamus
3385 5024 3565 5076 muta-

1975 5109 2176 5169 tionem
2217 5106 2525 5165 secundum
2564 5104 2729 5179 quid,
2773 5105 2903 5180 quia
2934 5120 2997 5164 re
3032 5120 3160 5164 vera
3183 5104 3270 5164 lex
3297 5122 3406 5164 non
3434 5110 3565 5166 sim·

1973 5200 2192 5275 pliciter
2218 5196 2461 5272 tollitur3
2492 5195 2967 5272 quandoquidem,
2996 5201 3277 5255 transacto
3309 5196 3404 5257 illo
3429 5203 3567 5259 tem-
