4325 6267
1677 341 1888 394 carm·
1914 341 2031 393 XV.

234 469 395 544 legem
437 465 759 542 obligantem
797 464 1259 525 constituendam.
1294 465 1401 526 Sed
1442 474 1591 526 certe
1630 468 1809 542 opinio

235 563 471 619 Panorm.
502 557 659 617 valde
686 556 980 631 probabilis
1008 564 1123 632 est;
1156 574 1281 614 nam
1316 565 1609 632 praecepta
1648 574 1807 631 supe·

237 651 429 708 riorum
456 647 729 706 ordinarie
756 647 1012 705 seruntur
1047 648 1155 706 hoc
1187 649 1347 706 modo
1366 689 1382 714 ,
1413 654 1471 707 et
1508 655 1810 707 censentur

239 740 559 799 sufficienter
600 739 751 811 ferri,
780 737 907 812 quia
944 738 1037 795 illa
1067 739 1235 796 verba
1274 737 1613 796 sufficienter
1640 739 1811 812 expli-

240 837 357 890 cant
393 829 698 904 imperium.
730 831 866 888 ltem
902 831 1104 888 concil.
1138 829 1495 888 tridentinum
1538 846 1675 888 sess.
1715 835 1802 905 13,

240 940 352 996 cap.
381 924 434 995 7,
459 921 525 979 de
548 919 855 990 sacerdote,
880 923 973 995 qui
1004 929 1231 994 urgente
1250 923 1579 979 necessitate
1601 922 1808 996 absque

240 1015 435 1089 praevia
462 1013 807 1072 confessione
830 1010 1071 1070 celebrat
1092 1027 1220 1069 cum
1242 1012 1573 1070 conscientia
1596 1013 1809 1086 peccati

239 1105 490 1178 mortalis,
520 1103 698 1162 solum
725 1101 888 1160 dicit:
926 1107 1395 1180 Quamprimum
1430 1102 1808 1177 comitatuum

240 1212 327 1270 per
362 1209 499 1269 quae
541 1194 659 1251 sola
697 1193 861 1250 verba
897 1192 1079 1268 legem
1122 1193 1451 1269 obligantem
1502 1193 1809 1265 constituit,

241 1286 375 1344 iuxta
414 1299 761 1344 communem
798 1282 1231 1356 intelligentiam,
1262 1290 1328 1341 ut
1366 1283 1486 1340 alibi
1530 1291 1813 1340 ostensum

242 1383 333 1433 est.
388 1377 731 1446 Quapropter
776 1371 1123 1431 considerata
1169 1375 1503 1447 proprietate
1550 1373 1692 1434 illius
1739 1372 1816 1430 lo·

242 1467 467 1524 cationis
494 1507 511 1539 ,
552 1462 777 1539 quando
818 1465 1065 1538 superior
1103 1463 1209 1522 hoc
1254 1461 1416 1523 modo
1454 1463 1703 1538 loquitur
1746 1462 1814 1520 ad

246 1557 526 1627 subditum,
551 1561 611 1613 et
637 1571 703 1613 ex
724 1554 838 1612 aliis
860 1555 1310 1623 circumstantiis,
1336 1554 1417 1612 vel
1440 1570 1505 1612 ex
1529 1571 1638 1612 usu
1666 1552 1817 1612 aliud

244 1665 341 1706 non
362 1653 595 1722 constat,
621 1646 937 1719 praecipere
960 1645 1269 1704 censendus
1296 1652 1409 1718 est3
1425 1651 1503 1703 ‚et
1528 1661 1659 1702 cum
1692 1660 1816 1717 pro·

245 1742 471 1812 portione
496 1735 719 1812 quando
758 1734 1041 1795 decretum
1084 1737 1381 1810 superioris
1421 1736 1492 1794 ita
1534 1735 1730 1808 fertur,
1760 1741 1819 1792 et

246 1833 371 1888 inter
396 1832 543 1902 iura,
572 1845 675 1886 seu
704 1827 878 1901 leges,
913 1832 1010 1885 aut
1035 1825 1259 1885 decreta
1288 1826 1638 1900 praeceptiva
1672 1827 1815 1882 inse·

248 1924 393 1996 ritur,
412 1919 513 1978 sub
538 1920 747 1978 ratione
767 1919 903 1994 legis
924 1918 1052 1977 ferri
1074 1917 1312 1993 videtur,
1336 1917 1527 1975 nisiex
1547 1917 1663 1974 aliis
1686 1933 1816 1974 con·

249 2011 453 2070 lecturis
478 2011 795 2083 oppositum
822 2012 1078 2066 constare
1106 2009 1295 2081 possit.

314 2107 361 2174 7.
391 2105 677 2160 Praeterea
704 2099 941 2157 dubitari
966 2098 1105 2156 solet
1124 2097 1190 2154 de
1212 2096 1541 2172 quibusdam
1564 2095 1741 2152 verbis
1762 2096 1817 2153 in

249 2191 571 2267 particulari,
602 2197 661 2249 et
690 2190 743 2247 in
770 2188 957 2262 primis
986 2189 1053 2246 de
1080 2188 1245 2245 verbo
1272 2185 1522 2254 mando,
1557 2184 1704 2260 quod
1733 2188 1814 2243 in-

252 2283 450 2341 terdum
476 2281 617 2339 solet
642 2280 949 2355 significare
976 2279 1115 2338 idem
1142 2278 1295 2354 quod
1322 2279 1635 2350 committo,
1657 2283 1712 2335 et
1734 2279 1817 2335 sic

255 2372 431 2428 multas
467 2371 799 2429 differentias
842 2371 1187 2427 constituunt
1226 2370 1447 2426 iuristae
1488 2370 1625 2425 inter
1670 2384 1819 2425 man·

256 2461 423 2520 datum
459 2467 517 2518 et
542 2467 935 2536 praeceptum,
966 2459 1033 2518 de
1060 2460 1259 2534 quibus
1288 2458 1454 2516 videri
1484 2465 1663 2532 potest
1688 2460 1821 2518 Feli-

260 2571 351 2610 nus
376 2553 424 2609 in
449 2568 501 2610 c.
533 2557 699 2612 Eam
726 2557 811 2620 te,
848 2551 913 2609 de
941 2551 1193 2624 rescript.
1227 2567 1283 2606 n.
1310 2555 1343 2609 9
1362 2591 1377 2622 ,
1406 2549 1501 2607 sed
1531 2549 1683 2607 nobis
1712 2566 1821 2607 non

259 2649 373 2700 sunt
394 2642 763 2714 necessariae,
793 2643 924 2717 quia
953 2641 1261 2698 consistunt
1297 2639 1347 2696 in
1386 2639 1503 2697 sola
1544 2640 1701 2716 verbi,
1732 2655 1822 2698 ae·

260 2734 636 2809 quivocatione.
662 2731 973 2791 Mandatum
999 2732 1142 2790 enim
1170 2731 1260 2789 illo
1293 2731 1451 2789 modo
1478 2730 1623 2790 idem
1660 2732 1823 2806 signi·

257 2825 397 2899 fleat,
428 2823 571 2899 quod
612 2823 881 2898 delegatio
918 2822 1002 2879 vel
1040 2823 1352 2880 commissio
1390 2825 1696 2896 potestatis,
1728 2840 1823 2897 per

258 2933 402 2988 quam
430 2916 565 2974 solet
600 2915 793 2988 aliquis
833 2913 997 2971 iudex
1036 2913 1121 2970 vel
1166 2920 1493 2986 procurator
1539 2915 1821 2973 constitui:

260 3007 336 3064 hic
362 3013 533 3066 autem
557 3007 799 3065 sumitur
824 3010 888 3062 ut
906 3004 1202 3062 iussionem
1228 3005 1509 3078 significat.
1528 3005 1679 3064 Solet
1695 3006 1825 3064 item

262 3100 465 3155 verbum
490 3094 782 3155 mandandi
817 3110 915 3169 per
955 3093 1320 3154 urbanitatem
1354 3097 1481 3168 poni
1521 3113 1621 3170 pro
1660 3098 1827 3155 verbo

204 3212 209 3216 ·
262 3188 482 3262 petendi,
510 3195 604 3247 aut
642 3186 904 3263 rogandi,
936 3177 1049 3261 quo
1086 3203 1251 3244 sensu
1292 3187 1467 3245 utitur
1506 3188 1597 3246 illo
1624 3190 1827 3266 Xystus

264 3295 383 3352 papa
400 3281 449 3337 in
472 3296 523 3338 c.
541 3277 909 3340 Mancia-stis,
931 3282 999 3336 ut
1017 3276 1330 3336 scriberem
1356 3278 1528 3347 vobis,
1552 3283 1610 3352 2,
1626 3295 1683 3354 q.
1704 3284 1758 3354 5,
1772 3286 1831 3337 et

264 3371 516 3448 sylverius
546 3373 599 3428 in
632 3386 686 3428 c.
720 3368 1081 3431 Guilisarius
1118 3371 1411 3427 Patritius
1438 3373 1634 3428 noster
1660 3387 1831 3429 ntan-

264 3462 411 3520 davit
434 3477 525 3520 me
552 3459 637 3520 ad
662 3476 725 3518 se
749 3463 945 3518 venire
955 3458 1232 3534 pacifice,
1252 3462 1415 3532 23,sp
1438 3459 1559 3531 4,id
1580 3465 1666 3517 est
1686 3460 1831 3518 misit

268 3553 325 3610 ad
340 3568 417 3610 me
436 3551 667 3626 petendo
677 3592 692 3623 ,
702 3557 811 3608 etc.
830 3548 981 3608 Unde
995 3548 1224 3626 Sylvest.
1243 3547 1411 3606 verbo
1421 3556 1823 3628 praeceptum.

268 3661 315 3716 q.
344 3649 394 3713 2,
420 3649 475 3701 et
496 3641 689 3701 Armil.
732 3658 789 3698 n.
838 3643 889 3700 7.
931 3655 1035 3696 non
1074 3646 1273 3712 putant
1308 3638 1564 3698 sufficere
1602 3642 1830 3716 simplex

268 3734 471 3792 verbum
497 3730 889 3800 mandamus,
925 3731 1025 3788 nisi
1054 3730 1288 3789 addatur
1313 3732 1642 3806 geminatio,
1677 3750 1828 3791 man·

270 3825 427 3882 dando
460 3824 847 3898 praecipimus.
889 3825 1088 3879 Antan.
1130 3828 1314 3878 autem
1344 3827 1399 3880 2.
1440 3838 1496 3894 p.
1532 3822 1611 3904 tit.
1650 3827 1739 3895 1⁴,
1770 3841 1823 3881 c.

268 3914 364 3986 2,Ξ
400 3921 451 3974 3.
490 3915 563 3973 ita
601 3912 819 3971 videtur
856 3911 1187 3986 distinguere
1230 3913 1370 3970 inter
1406 3913 1638 3973 verbum
1679 3933 1833 3974 man-

266 4005 407 4064 dandi
430 4011 485 4064 et
502 4002 883 4079 praecipiendi,
910 4008 979 4060 ut·
996 4003 1147 4076 prius
1175 4002 1347 4060 levem
1375 4009 1591 4064 tantum
1620 4005 1828 4080 obliga-

269 4096 466 4167 tionem,
494 4095 770 4169 posterius
797 4108 1021 4166 gravem
1048 4091 1271 4166 indicet3
1305 4094 1379 4150 ait
1406 4095 1825 4168 enim,·manda-

270 4193 368 4246 tum
393 4187 643 4247 sufficere
672 4185 737 4243 ad
767 4185 940 4260 legem
976 4184 1303 4258 obligantem
1339 4189 1552 4243 tantum
1592 4186 1695 4242 sub
1736 4203 1827 4242 ve-

270 4279 377 4335 niali
401 4277 587 4352 culpa3
619 4280 975 4351 praeceptum
1006 4291 1135 4332 vero
1155 4275 1319 4332 etiam
1340 4274 1445 4332 sub
1468 4276 1703 4333 mortali.
1724 4276 1829 4334 Sed

273 4369 359 4426 hoc
379 4369 581 4427 nullum
600 4368 1015 4426 fundamentum
1038 4365 1200 4423 habet
1220 4366 1273 4422 in
1295 4365 1684 4440 significatione
1710 4382 1831 4425 ver·

271 4459 341 4531 bi3
369 4475 483 4517 nam
508 4460 551 4516 si
581 4457 897 4516 mandatum
923 4455 1070 4514 idem
1096 4461 1199 4527 est,
1231 4455 1379 4531 quod
1406 4456 1595 4530 iussio,
1622 4456 1705 4514 vel
1733 4457 1832 4514 im·

276 4551 484 4623 perium,
502 4566 608 4608 non
628 4555 714 4606 est
732 4563 837 4606 cur
856 4547 1113 4604 limitetur
1136 4545 1203 4604 ad
1226 4547 1401 4604 levem
1422 4547 1825 4621 obligationem,

278 4641 361 4697 sed
392 4657 485 4714 pro
520 4638 827 4712 capacitate
866 4638 1129 4694 materiae
1166 4636 1455 4711 obligabit,
1494 4638 1641 4694 sicut
1664 4640 1828 4696 etiam

275 4731 475 4789 verbum
500 4727 861 4805 praecipiendi
898 4743 1005 4786 non
1040 4726 1266 4785 inducet
1292 4727 1679 4803 obligationem
1706 4745 1830 4802 gra-

277 4836 399 4894 vem,
426 4823 470 4878 si
496 4822 727 4879 materia
751 4834 861 4876 non
890 4821 959 4876 sit
985 4833 1181 4891 capax,
1212 4824 1273 4875 ut
1292 4817 1427 4875 infra
1446 4816 1683 4876 dicetur.
1700 4820 1830 4876 Dico

275 4925 409 4985 ergo,
437 4910 819 4971 attendendum
849 4924 997 4982 esse,
1030 4909 1150 4982 quis
1177 4910 1268 4966 cui
1297 4908 1553 4983 loquatur
1571 4951 1587 4982 ,
1608 4918 1668 4968 et
1692 4925 1832 4986 quo-

278 5002 459 5075 mod03
503 5018 629 5060 nam
665 5003 806 5059 inter
840 4999 1095 5074 aequales
1135 4997 1363 5056 verbum
1399 4999 1686 5056 mandandi
1720 5017 1830 5058 non

278 5091 398 5150 solet
420 5093 669 5166 usurpari
695 5090 763 5149 ab
789 5106 877 5165 eo,
906 5089 1001 5164 qui
1026 5095 1206 5165 rogat,
1239 5088 1324 5147 vel
1356 5089 1511 5164 petit,
1541 5089 1636 5148 sed
1667 5091 1830 5149 urba-

278 5183 437 5241 nitatis
460 5186 634 5260 gratia
659 5182 804 5242 solet
828 5180 1087 5254 usurpari
1108 5179 1177 5237 ab
1197 5195 1287 5249 eo,
1310 5181 1405 5254 qui
1430 5185 1681 5254 rogatur3
1706 5197 1829 5241 nam

279 5274 561 5344 petitionem
588 5275 791 5350 accipit
807 5279 1067 5348 tanquam
1086 5271 1423 5347 mandatum,
1448 5277 1505 5329 et
1524 5270 1697 5331 multo
1718 5287 1832 5331 ma·

3263 330 3388 398 213

1878 469 1963 544 gis
1989 468 2063 526 ita
2086 468 2354 542 accipitur
2375 468 2480 529 tale
2504 471 2755 544 verbum,
2781 469 3002 546 quando
3023 471 3274 547 superior
3297 474 3473 550 loqui·

1878 567 1971 616 tur
1994 560 2063 618 ad
2083 559 2394 618 inferiorem
2414 562 2578 620 etiam
2597 564 2832 636 passire,
2849 568 2911 620 ut
2933 565 3012 622 sic
3036 562 3236 622 dicam.
3253 567 3326 622 At
3342 581 3473 623 vero

1880 650 2098 723 quando
2130 653 2379 724 superior
2407 652 2648 726 loquitur
2674 653 2742 711 ad
2756 655 3062 714 ··subditum
3107 656 3285 716 active
3321 673 3473 716 man·

1879 739 2087 814 dando,
2120 744 2202 799 sic
2245 743 2474 800 verbum
2513 743 2645 802 illud
2687 744 2828 803 idem
2869 747 2921 804 in
2962 749 3145 820 rigore
3183 748 3471 822 significat,

1882 831 2033 906 quod
2071 831 2300 891 verbum
2330 837 2674 910 praecipis,
2709 842 2774 893 ut
2802 837 2908 895 late
2945 838 3114 896 docet
3141 839 3354 896 Felinus
3384 856 3476 896 su-

1879 939 1998 996 pra.
2020 925 2199 998 Atque
2227 925 2301 980 ita
2326 923 2545 998 quando
2575 925 2790 995 ponitur
2818 928 2873 983 in
2903 926 3026 1002 lege
3055 929 3349 1002 superioris
3377 945 3472 1001 per

1878 1011 2011 1070 illud
2054 1015 2376 1084 statuentis,
2406 1020 2465 1071 et
2497 1012 2828 1088 ordinantis,
2867 1017 2918 1072 in
2955 1019 3134 1093 rigore
3171 1019 3379 1077 sufficit
3403 1020 3476 1076 ad

1881 1100 2056 1177 legem
2086 1103 2562 1177 constituendam,
2592 1103 2693 1160 nisi
2717 1120 2786 1162 ex
2815 1105 3086 1164 adiunctis
3124 1111 3244 1166 eius
3275 1109 3468 1183 signiti-

1882 1194 2027 1250 catio
2055 1191 2392 1251 distrahitur.
2425 1194 2559 1262 Quia
2595 1195 2648 1250 in
2681 1194 2860 1269 rigore
2897 1196 3163 1272 significat
3186 1200 3471 1272 proprium

1883 1289 2270 1357 praeceptum3
2312 1300 2440 1341 nam
2467 1289 2552 1342 est
2577 1283 2920 1358 aequivalens
2953 1285 3116 1344 verbo
3137 1291 3465 1364 praecipite,

1880 1381 1935 1432 et
1961 1375 2166 1448 alioqui
2194 1374 2246 1430 in
2277 1373 2364 1432 illa
2403 1376 2691 1438 occasione
2733 1385 2982 1451 constat,
3013 1393 3123 1434 non
3148 1379 3274 1451 poni
3302 1379 3476 1452 gratia

1884 1465 2227 1538 urbanitatis,
2260 1479 2360 1523 nec
2388 1468 2443 1523 in
2471 1466 2574 1524 alia
2602 1469 2903 1542 aequivoca
2929 1469 3336 1544 significatione.

1964 1562 2016 1616 8.
2032 1557 2169 1612 ltem
2191 1554 2332 1613 solet
2352 1556 2590 1616 dubitari
2611 1557 2678 1616 de
2703 1559 2864 1617 verbo
2886 1559 3314 1635 oportet.Aliqui
3334 1561 3479 1618 enim

1881 1652 2079 1720 putant
2098 1645 2354 1705 sufficere
2377 1647 2444 1705 ad
2468 1650 2605 1722 legis
2630 1650 2918 1724 imperium
2939 1650 3314 1724 indicandum,
3330 1651 3480 1725 quod

1884 1737 2128 1794 sentiunt
2156 1736 2389 1794 Navarr.
2421 1744 2825 1812 cap.23,num.
2848 1745 2941 1808 30,
2974 1741 3297 1813 praesertim
3323 1741 3378 1798 in
3405 1741 3481 1798 le-

1884 1826 2046 1900 gibus
2072 1827 2484 1894 ecclesiasticis,
2516 1829 2584 1887 de
2610 1831 2810 1905 quibus
2838 1830 3001 1903 inira,
3027 1838 3083 1889 et
3101 1831 3292 1891 Media.
3313 1839 3476 1892 tract.

1884 1920 1956 1977 de
1985 1923 2168 1977 istun.
2183 1935 2306 1992 cap.
2328 1921 2380 1979 1.
2399 1921 2504 1978 Sed
2532 1938 2600 1980 ex
2625 1923 2679 1980 vi
2707 1923 2853 1981 verbi
2876 1923 3214 1980 contrarium
3237 1921 3476 1996 videtur,

1885 2015 2005 2067 tum
2035 2010 2165 2084 quia
2195 2011 2422 2070 verbum
2449 2011 2585 2070 illud
2611 2014 2792 2086 potius
2821 2012 3039 2071 videtur
3063 2011 3303 2072 indicare
3341 2014 3478 2073 iudi·

1886 2101 2036 2158 cium
2063 2101 2131 2159 de
2158 2116 2220 2158 re
2249 2100 2385 2176 ipsa,
2426 2118 2591 2177 quam
2633 2103 2948 2177 imperium,
2991 2111 3113 2161 tum
3151 2105 3280 2177 quia
3319 2107 3481 2163 etiam

1886 2206 1985 2265 per
2013 2191 2238 2250 modum
2274 2192 2462 2251 iudicii
2501 2209 2608 2250 non
2646 2193 2890 2252 declarat
2925 2195 3309 2253 necessitatem
3331 2238 3346 2268 ,
3385 2195 3482 2254 sed

1888 2280 2257 2355 honestatem,
2291 2290 2356 2341 ut
2391 2291 2548 2342 recte
2584 2284 2790 2342 notavit
2823 2285 3014 2342 Castro
3051 2285 3140 2343 lib.
3193 2288 3239 2343 1.
3282 2283 3334 2342 le
3362 2283 3482 2359 leqe

1880 2369 2123 2448 poenal.
2157 2388 2210 2431 c.
2249 2377 2304 2446 5,
2333 2372 2660 2431 documento
2688 2377 2743 2432 ⁴.
2768 2376 2842 2432 De
2869 2375 3037 2433 verbo
3061 2377 3190 2432 item
3209 2374 3480 2432 volumus

1891 2461 2121 2520 dubitari
2152 2461 2308 2536 solet,
2342 2465 2474 2537 quia
2496 2479 2562 2522 ex
2592 2480 2702 2522 una
2729 2470 2884 2538 parte
2914 2464 3128 2523 videtur
3157 2465 3285 2522 satis
3314 2465 3480 2538 expli-

1890 2569 2019 2610 care
2042 2554 2382 2612 voluntatem
2407 2555 2724 2626 superioris.
2754 2555 2804 2611 in
2829 2571 2938 2630 qua
2961 2557 3212 2613 consistit
3233 2555 3484 2613 substan-

1890 2643 1961 2701 tia
1990 2645 2287 2717 praecepti.
2320 2644 2475 2704 Unde
2504 2645 2559 2703 d.
2590 2644 2820 2703 Thomas
2850 2651 2904 2704 2.
2936 2653 2994 2719 2,
3024 2662 3078 2719 q.
3119 2651 3254 2719 104,
3285 2654 3388 2702 art.
3422 2652 3478 2704 2.

1891 2736 2053 2810 dicit,
2084 2751 2438 2810 quacumque
2465 2737 2672 2794 ratione
2713 2742 2929 2795 constet
2957 2735 3175 2795 subdito
3201 2736 3269 2795 de
3295 2735 3486 2795 volun·

1894 2832 2001 2884 tate
2028 2828 2351 2901 superioris,
2378 2827 2635 2885 sufficere
2663 2827 2728 2885 ad
2761 2834 3117 2901 praeceptum
3145 2827 3333 2885 saltem
3355 2827 3486 2884 taci4·

1896 2923 2032 2974 tum.
2063 2915 2292 2974 Aliunde
2317 2932 2444 2974 vero
2470 2918 2696 2974 verbum
2726 2917 2933 2975 videtur
2964 2917 3118 2975 valde
3141 2917 3479 2992 ambiguum,

1896 3007 2023 3081 quia
2050 3022 2157 3063 non
2187 3006 2360 3064 omnis
2397 3008 2648 3066 voluntas
2676 3007 2974 3081 superioris
3012 3007 3223 3065 sufficit
3255 3008 3323 3065 ad
3350 3008 3482 3066 obli-

1894 3096 2155 3171 gandum,
2186 3103 2244 3154 et
2270 3097 2322 3154 in
2349 3096 2511 3156 dubio
2540 3104 2671 3156 sunt
2703 3099 2869 3155 verba
2901 3099 2954 3154 in
2983 3098 3247 3157 mitiorem
3275 3095 3483 3172 partem

1893 3186 2295 3260 interpretanda
2334 3187 2385 3244 in
2421 3189 2646 3245 materia
2674 3187 3024 3265 obligationis.
3065 3188 3196 3246 Dico
3229 3204 3389 3262 ergo,
3418 3204 3485 3245 ex

1898 3279 2328 3336 circumstantiis
2357 3277 2816 3335 considerandum
2843 3293 2998 3352 esse,
3035 3294 3103 3335 an
3129 3277 3290 3335 cadat
3318 3294 3484 3351 super

1897 3367 2298 3442 obligationem,
2330 3367 2404 3424 ita
2429 3375 2493 3425 ut
2519 3370 2772 3440 superior
2798 3369 3091 3441 exprimat,
3116 3383 3174 3425 se
3197 3367 3330 3425 velle
3354 3369 3484 3427 obli-

1896 3475 2024 3533 gare
2052 3456 2333 3515 subditos:
2363 3473 2489 3515 nam
2514 3459 2620 3515 hoc
2643 3460 2756 3515 sine
2783 3457 2947 3515 dubio
2975 3459 3106 3515 satis
3133 3465 3240 3530 est,
3271 3459 3399 3532 quia
3427 3461 3482 3516 in

1897 3551 1988 3608 illa
2013 3549 2296 3607 voluntate
2323 3555 2410 3606 est
2437 3548 2732 3608 substantia
2770 3547 2905 3622 legis
2923 3591 2938 3620 ,
2969 3556 3034 3606 ut
3059 3549 3185 3607 dixi.
3217 3551 3270 3606 Si
3299 3557 3482 3608 autem

1898 3641 2128 3698 verbum
2152 3637 2283 3696 volo
2319 3639 2496 3696 solum
2535 3639 2766 3713 explicet
2787 3637 3114 3698 desiderium
3151 3645 3207 3698 et
3233 3641 3488 3700 affectum

1898 3729 2228 3802 superioris,
2260 3745 2366 3785 non
2401 3730 2532 3786 satis
2571 3736 2657 3786 est
2683 3730 2752 3788 ad
2781 3731 2975 3804 legem.
3005 3731 3263 3790 Existimo
3303 3739 3488 3790 autem

1902 3819 2149 3878 absolute
2187 3818 2463 3892 prolatum
2498 3820 2813 3877 immuteris
2849 3820 2982 3896 legis
3018 3813 3217 3879 habere
3251 3824 3489 3894 priorem

1900 3926 2153 3983 sensum,
2189 3911 2293 3966 nisi
2321 3925 2388 3967 ex
2417 3925 2553 3982 usu,
2585 3909 2666 3966 vel
2697 3911 2948 3983 materia,
2982 3917 3078 3968 aut
3103 3910 3219 3967 aliis
3247 3912 3489 3968 circum-

1900 4003 2110 4060 stantiis
2152 3999 2299 4059 aliud
2341 4008 2582 4060 constet.
2614 4003 2687 4057 De
2717 4003 2882 4058 verbo
2909 4008 3092 4059 autem
3139 4001 3491 4060 ordinamus

1898 4099 1955 4151 et
1984 4092 2246 4162 similibus
2275 4090 2490 4150 clarum
2518 4098 2624 4164 est,
2649 4107 2744 4164 per
2767 4108 2826 4148 se
2849 4108 2957 4149 non
2979 4091 3236 4151 sufficere
3269 4095 3339 4152 ad
3362 4110 3490 4166 pro-

1898 4183 2071 4257 priam
2106 4182 2283 4256 legem
2320 4180 2790 4254 constituendam,
2821 4182 2918 4238 nisi
2955 4183 3088 4240 aliae
3127 4183 3490 4243 circumstan-

1900 4275 2007 4331 tiae
2042 4279 2275 4346 cogant,
2309 4283 2373 4330 ut
2399 4274 2637 4329 sumitur
2662 4288 2731 4330 ex
2756 4271 2812 4329 d.
2844 4272 3052 4330 Thema
3078 4278 3134 4332 2.
3167 4278 3198 4332 2
3218 4315 3234 4348 ,
3263 4292 3321 4349 q.
3363 4279 3488 4347 106,

1899 4369 2003 4421 art.
2030 4366 2083 4421 9.
2114 4361 2184 4419 ad
2210 4369 2272 4436 2,
2302 4370 2452 4421 etex
2480 4362 2687 4420 ratione
2714 4362 2880 4436 sacta,
2911 4361 3062 4437 quod
3095 4365 3149 4420 in
3186 4363 3362 4421 dubiis
3395 4366 3492 4422 mi-

1899 4455 2006 4512 tior
2030 4454 2400 4527 interpretatio
2427 4459 2512 4510 est
2537 4451 2856 4510 adhibenda.
2886 4452 3318 4527 Addendumque
3338 4468 3493 4526 prae-

1900 4551 2049 4602 terea
2074 4550 2189 4616 est,
2219 4549 2502 4617 oportere,
2533 4548 2597 4601 ut
2620 4558 2687 4600 ex
2722 4543 2901 4600 verbis
2940 4542 3025 4600 vel
3063 4543 3492 4602 circumstantiis

1900 4641 2150 4708 constet,
2189 4639 2544 4708 praeceptum
2575 4633 2773 4706 imponi
2807 4640 2869 4690 ut
2895 4638 3223 4706 perpetuum
3257 4649 3357 4692 seu
3390 4635 3494 4694 du·

1896 4724 2360 4799 raturum,donec
2382 4729 2695 4796 revocetur,
2716 4725 2844 4796 quia
2872 4722 2978 4781 hoc
3005 4725 3172 4782 etiam
3197 4731 3408 4797 spectat
3425 4724 3490 4784 ad

1900 4816 2256 4876 substantiam
2289 4815 2443 4889 legis,
2474 4820 2539 4871 ut
2565 4821 2734 4886 supra
2761 4813 3018 4871 diximus.
3035 4816 3113 4870 Ac
3141 4814 3378 4890 denique
3401 4831 3492 4872 ne-

1899 4909 2201 4966 cessarium
2239 4921 2382 4973 esse,
2426 4910 2490 4963 ut
2528 4903 2736 4963 seratur
2778 4919 2873 4976 per
2915 4903 3141 4961 modum
3179 4906 3490 4963 communis

1899 4997 2196 5073 praecepti,
2225 4998 2357 5072 quia
2383 4997 2498 5053 sine
2525 4995 2630 5052 hoe
2656 4995 2818 5054 etiam
2848 5009 2954 5051 non
2981 4999 3130 5052 esset
3154 4993 3261 5056 lex.

1978 5095 2031 5149 9.
2063 5089 2198 5146 Hinc
2227 5098 2358 5144 vero
2385 5086 2632 5144 nascitur
2660 5084 2907 5157 dubium,
2938 5101 3004 5142 an
3035 5091 3288 5158 oporteat
3311 5085 3490 5160 legem

1897 5181 2027 5241 ferri
2056 5193 2154 5253 per
2183 5176 2404 5237 modum
2431 5176 2590 5252 legis,
2623 5175 2709 5233 vel
2729 5174 2971 5233 sufficiat
2990 5174 3118 5233 ferri
3138 5190 3236 5247 per
3267 5175 3490 5234 modum

1898 5271 2223 5342 sententiae,
2246 5269 2466 5344 quando
2493 5268 2562 5325 ab
2588 5266 2681 5327 illo
2711 5266 2902 5341 fertur,
2927 5266 3022 5341 qui
3043 5271 3368 5340 potestatem
3397 5267 3490 5325 ha·
