4325 6267
1732 333 1944 386 CAPUT
1953 325 1960 342 ⁸
1970 335 2166 387 XXVI.

299 468 492 542 gravis
519 448 808 540 sit,'laesio
847 457 966 522 eius
1006 479 1103 538 per
1146 466 1254 524 tale
1295 465 1532 524 medium
1573 477 1682 520 non
1722 468 1905 536 potest

302 558 490 632 gravis
517 559 778 630 reputari.
818 557 972 612 Sicut
997 557 1112 612 linis
1141 557 1374 615 iustitiae
1403 559 1456 613 in
1495 573 1554 613 se
1595 555 1776 628 gravis
1817 560 1904 611 est

302 657 366 707 et
394 649 741 708 necessarius
792 646 1160 720 reipublicae;
1191 649 1235 704 si
1275 657 1452 706 tamen
1495 647 1548 702 in
1589 661 1644 702 re
1684 645 1905 702 minima

303 740 570 812 laeditur,
603 755 704 796 nec
755 737 990 796 multum
1020 737 1310 810 perturbat
1346 736 1770 812 rempublicam.
1801 749 1902 790 nec

303 833 601 888 amicitiam
629 831 766 887 inter
813 828 1069 886 homines.
1097 828 1373 886 moraliter
1400 826 1671 898 dissolvit,
1701 831 1759 883 et
1785 824 1904 881 ideo

302 939 420 980 non
450 921 736 979 constituit
755 906 1038 977 materiam
1067 933 1312 992 gravem,
1338 923 1435 975 ete
1457 931 1724 973 converso
1746 915 1790 972 si
1812 913 1907 970 de-

306 1014 495 1072 sectus
531 1014 587 1068 in
615 1011 798 1084 aliqua
825 1009 1050 1066 materia
1076 1009 1312 1082 graviter
1347 1007 1509 1064 laedit
1547 1006 1706 1064 finem
1733 1007 1934 1062 inten--

307 1109 434 1160 tum
469 1118 500 1158 a
525 1101 674 1175 lege,
705 1101 833 1157 licet
858 1100 908 1156 in
937 1115 996 1155 se
1024 1098 1228 1172 aliquid
1256 1098 1533 1155 minimum
1572 1111 1692 1154 esse
1727 1096 1906 1154 videa-

313 1199 439 1265 tur,
468 1190 815 1249 nibilominus
841 1190 896 1247 in
925 1189 1131 1246 ratione
1159 1187 1319 1246 medii
1349 1194 1434 1246 est
1470 1185 1597 1260 quid
1630 1202 1823 1260 grave,
1851 1193 1909 1245 et

307 1285 435 1342 ideo
474 1291 536 1341 ut
561 1289 647 1340 est
672 1282 902 1339 materia
929 1281 1048 1337 talis
1077 1279 1358 1353 praecepti
1375 1324 1390 1350 ,
1421 1285 1508 1335 est
1532 1279 1756 1336 materia
1781 1294 1906 1352 gra-

311 1377 424 1432 vis.
456 1375 521 1432 Et
544 1377 599 1431 in
621 1373 726 1430 hoc
759 1388 926 1429 sensu
953 1371 1086 1429 dixit
1105 1373 1394 1430 caietanus
1416 1385 1606 1442 supra,
1629 1369 1907 1448 interdum

314 1466 388 1524 de
413 1481 476 1522 re
509 1465 728 1521 minima
755 1463 871 1520 dari
897 1472 1251 1534 praeceptum
1277 1461 1522 1535 obligans
1559 1461 1627 1518 ad
1654 1461 1902 1532 mortale,

311 1556 566 1630 intelligit
597 1556 740 1612 enim
774 1553 842 1611 de
869 1569 928 1611 re
955 1555 1176 1610 minima
1204 1551 1453 1610 absolute
1490 1557 1769 1624 spectata,
1799 1553 1926 1609 non‘

313 1655 498 1704 tamen
537 1645 838 1718 respective
864 1645 917 1700 in
953 1641 1148 1701 ordine
1185 1642 1252 1700 ad
1289 1643 1450 1701 finem
1487 1641 1640 1716 legis.
1671 1644 1744 1701 Ut
1763 1659 1815 1698 v.
1847 1659 1904 1716 g.

319 1735 532 1810 ingredi
568 1736 728 1793 talem
755 1733 978 1792 domum
1005 1733 1254 1792 absolute
1281 1732 1414 1808 quid
1449 1733 1576 1798 leve.
1606 1749 1728 1790 esse
1762 1733 1908 1792 vide-

322 1834 439 1898 tur,
473 1833 652 1882 tamen
685 1827 742 1881 in
771 1823 960 1881 ordine
988 1824 1057 1881 ad
1090 1823 1366 1881 vitandam
1409 1824 1753 1881 occasionem
1782 1840 1911 1896 pec·

321 1919 432 1974 cati
468 1929 635 1990 grave
675 1915 810 1988 quid
847 1920 951 1973 est.
977 1915 1048 1972 Et
1084 1916 1140 1971 in
1182 1914 1404 1971 materia
1443 1913 1698 1984 iustitiae,
1729 1913 1912 1988 aliqua

319 2007 570 2066 absolute
599 2011 848 2078 spectata
877 2005 1012 2063 levis
1037 2011 1143 2076 est,
1174 2020 1314 2079 quac
1341 2012 1597 2078 respectu
1635 2003 1756 2061 talis
1788 2020 1910 2075 per·

321 2115 486 2158 sonae
517 2098 772 2171 pauperis
799 2103 884 2154 est
907 2098 1113 2169 gravis,
1144 2095 1271 2168 quia
1297 2096 1534 2154 multum
1561 2093 1656 2152 illa
1682 2093 1907 2169 indiget,

319 2190 500 2248 velex
539 2189 779 2246 carentia
805 2183 925 2244 eius
963 2187 1213 2260 sequitur
1249 2185 1322 2242 illi
1360 2193 1758 2243 nocumentum
1785 2200 1910 2258 gra·

317 2263 404 2338 ‘ve
437 2281 526 2336 Sic
555 2294 689 2351 ergo
715 2293 784 2334 ex
809 2275 1162 2349 proportione
1200 2249 1456 2332 mat‘eriae
1494 2275 1560 2331 ad
1589 2275 1744 2331 finem
1774 2274 1908 2348 legis

321 2371 618 2429 coniectari
655 2367 816 2426 facile
851 2367 1050 2440 poterit
1086 2366 1320 2439 gravitas
1354 2365 1650 2438 materiae,
1681 2366 1912 2424 caeteris

320 2460 561 2534 paribus.
610 2509 626 2522 ,

397 2555 454 2609 9.
486 2550 664 2620 Dices,
695 2547 815 2604 finis
842 2546 975 2620 legis
1001 2562 1114 2603 non
1139 2543 1286 2602 cadit
1313 2544 1416 2602 sub
1444 2545 1594 2620 lege;
1625 2561 1758 2620 ergo
1786 2546 1912 2604 licet

321 2642 444 2698 finis
471 2658 582 2698 non
609 2641 937 2716 obtineatur,
969 2637 1076 2694 imo
1102 2636 1454 2710 impediatur,
1479 2637 1522 2693 si
1545 2639 1770 2695 materia
1796 2654 1910 2696 ser-

321 2740 484 2790 vetur
505 2776 520 2804 ,
551 2746 658 2789 non
682 2729 927 2804 ,violatur
951 2733 1306 2801 praeceptum
1325 2769 1341 2800 ,
1372 2734 1435 2784 ut
1461 2744 1630 2800 supra
1657 2727 1724 2784 de
1752 2735 1912 2786 natu-

319 2822 528 2881 ralibus
555 2827 838 2878 ostensum
865 2824 980 2889 est,
1015 2824 1068 2874 et
1095 2824 1182 2876 est
1207 2819 1426 2892 eadem,
1457 2817 1542 2874 vel
1571 2818 1744 2875 maior
1772 2819 1912 2875 ratio

319 2913 388 2970 de
414 2911 685 2985 positivis,
709 2925 842 2984 ergo
864 2926 931 2966 ex
959 2909 1148 2966 maiori
1167 2908 1248 2966 vel
1273 2909 1470 2966 minori
1495 2907 1728 2990 laesione
1749 2908 1800 2963 in
1824 2923 1912 2964 or·

318 3003 441 3060 dine
469 3001 538 3059 ad
565 3001 746 3071 tinem,
777 3016 886 3056 non
914 3005 1095 3072 potest
1119 2997 1458 3056 considerari
1478 2999 1718 3070 gravitas
1742 3004 1911 3056 mate-

317 3097 453 3166 riae,
483 3092 567 3150 vel
595 3090 896 3165 praecepti,
929 3091 1013 3147 vel
1054 3091 1268 3164 peccati
1305 3095 1502 3146 contra
1543 3088 1648 3146 tale
1689 3104 1910 3162 praece-

317 3192 497 3259 ptum.
531 3181 888 3256 Respondeo,
917 3185 1264 3254 assumptum
1303 3195 1425 3236 esse
1464 3195 1658 3236 verum
1700 3178 1767 3236 de
1808 3179 1911 3237 fine

317 3277 627 3335 extrinseco
667 3273 772 3348 legi
812 3279 870 3330 et
909 3274 1162 3329 materiae
1189 3273 1330 3328 eius.
1361 3271 1471 3327 Nos
1499 3278 1683 3326 autem
1711 3269 1800 3327 hic
1831 3270 1910 3328 lo·

317 3369 542 3440 quimur
575 3364 640 3421 de
668 3363 770 3419 fine
790 3362 1106 3430 intrinseco,
1133 3362 1247 3419 sive
1269 3359 1355 3417 ille
1375 3358 1692 3417 includatur
1715 3361 1771 3416 in
1792 3362 1912 3432 ipsa

317 3457 580 3525 materia,
616 3461 681 3510 ut
705 3452 926 3527 quando
955 3458 1176 3524 propter
1205 3466 1262 3507 se
1297 3456 1356 3506 et
1383 3465 1540 3507 suam
1567 3449 1908 3506 honestatem

317 3545 688 3621 praecipitum·
702 3550 768 3600 ut
795 3543 950 3599 estin
978 3542 1096 3616 lege
1117 3540 1260 3599 civili
1282 3539 1512 3598 vendere
1535 3555 1651 3597 rem
1673 3543 1828 3613 tanti,
1851 3547 1909 3598 et

315 3651 426 3693 non
455 3635 660 3708 pluris,
691 3634 826 3690 etin
863 3631 1241 3689 ecclesiastica
1278 3630 1466 3688 audire
1504 3632 1749 3704 missam,
1779 3631 1910 3688 ieiu-

317 3742 470 3798 nare,
501 3732 612 3781 etc.
647 3723 760 3780 sive
788 3723 1032 3795 proxime
1060 3721 1389 3824 respiciatur
1408 3737 1506 3794 per
1529 3727 1906 3794 praeceptum,

319 3823 385 3874 ut
418 3813 638 3888 quando
675 3813 902 3870 materia
939 3811 1117 3869 solum
1158 3787 1538 3884 praecipitur,
1572 3818 1636 3867 ut
1669 3810 1908 3869 medium

318 3905 390 3964 ad
416 3905 580 3962 talem
617 3904 808 3976 finem,
840 3909 903 3962 ut
940 3901 1160 3976 quando
1200 3901 1518 3973 prohibetur
1545 3903 1830 3976 ingressus
1858 3903 1909 3959 in

320 3995 547 4060 domum
582 4000 810 4068 propter
845 3991 1126 4050 vitandum
1165 3992 1517 4063 scandalum,
1549 3990 1635 4050 vel
1673 3991 1803 4067 quid
1833 3994 1910 4051 si-

320 4085 470 4143 Μ’
833 4169 1114 4242 CAPUT
1157 4117 1400 4240 xx'v1.

319 4352 416 4403 An
431 4359 508 4403 ex
523 4341 714 4401 verbis
734 4340 880 4416 lepis
901 4339 1213 4415 colliyatur
1233 4338 1514 4414 obliqatio
1529 4337 1613 4398 ad
1628 4339 1902 4410 mortale,

599 4437 656 4490 et
681 4449 830 4508 quae
854 4431 1032 4490 verba
1058 4430 1141 4490 ad
1166 4432 1276 4488 hoc
1301 4429 1632 4505 sufficiant.

886 4585 1368 4650 summarium
1427 4601 1432 4612 ·

325 4719 372 4771 1.
402 4715 689 4780 Legislator
711 4714 766 4764 in
791 4713 998 4764 ferenda
1024 4713 1138 4778 lege
1160 4719 1330 4778 potest
1354 4713 1618 4764 declarare
1643 4715 1918 4779 obligatio·

392 4801 510 4838 nem
544 4787 658 4836 eius
693 4790 784 4834 aut
818 4785 1047 4836 oratione
1079 4784 1250 4847 aliqua
1281 4786 1538 4852 complexa
1570 4792 1660 4836 aut
1695 4787 1914 4850 simplici

395 4859 554 4908 verbo
577 4854 944 4921 praecipiendi.
961 4882 1029 4892 -
1047 4853 1098 4904 2.
1133 4854 1416 4920 Exponitur
1448 4858 1702 4906 sententia
1728 4857 1916 4907 Navar-

393 4928 470 4990 ri,
495 4933 550 4977 et
575 4925 978 4977 reiicitur.—3.
1005 4925 1440 4979 Conclusio-.-4.
1465 4926 1684 4977 Dubium
1709 4933 1764 4976 et
1784 4928 1918 4978 ratio

393 4995 831 5057 dubitandi.—-5.
859 4995 998 5046 Mens
1021 4995 1393 5046 auctoris—6.
1422 4996 1492 5045 De
1517 4997 1676 5048 verbo
1697 4995 1916 5062 simplici

393 5067 760 5135 praecipiendi.
787 5093 860 5103 —
882 5067 932 5116 7.
959 5064 1165 5130 Triplex
1186 5066 1531 5117 corollarium.

409 5189 460 5240 1.
479 5178 770 5253 supposita
798 5176 1048 5234 doctrina
1067 5177 1258 5250 capitis
1281 5175 1677 5249 praecedentis,
1703 5177 1916 5236 clarum

327 5280 452 5348 est,
479 5270 630 5361 nulla
655 5267 820 5328 verba
854 5283 1019 5342 posse
1057 5267 1312 5326 sufficere
1353 5265 1424 5326 ad
1449 5267 1598 5326 hunc
1637 5268 1914 5344 effectum,

3360 313 3479 390 2'51

1971 464 2072 520 nisi
2101 471 2443 538 supponatur
2478 467 2713 524 materia
2750 471 2961 541 capax,
2991 465 3343 526 nihilominus
3390 473 3571 524 tamen

1972 555 2137 612 verba
2168 558 2306 628 ipsa,
2331 557 2373 612 si
2404 573 2469 614 ex
2496 564 2653 630 parte
2682 575 2783 615 sua
2806 559 3143 617 sufficienter
3164 565 3470 631 proponant
3488 564 3571 614 ta-

1973 644 2078 701 lem
2127 645 2541 720 obligationem,
2574 648 2733 706 etiam
2784 649 3093 720 declarant,
3128 651 3413 706 materiam
3452 664 3572 704 esse

1973 752 2219 811 gravem3
2252 746 2308 795 et
2329 739 2431 795 illis
2461 739 2714 796 standum
2742 746 2857 813 est,
2890 749 2953 798 ut
2979 741 3121 812 dixi,
3153 739 3199 796 si
3228 739 3373 796 aliud
3400 739 3569 796 mani-

1975 827 2110 883 l'este
2127 843 2242 884 non
2266 836 2457 885 conste
2468 834 2511 902 ῖς
2536 835 2591 886 et
2610 828 2727 887 ideo
2750 831 3093 904 inquirimus,
3119 847 3186 886 an
3208 843 3275 886 ex
3296 828 3474 886 verbis
3496 829 3575 885 le-

1973 917 2056 988 gis
2086 917 2258 988 possit
2285 917 2389 975 hoc
2426 919 2701 979 interdum
2727 921 2930 993 colligi.
2959 922 3145 977 Potest
3165 926 3348 977 autem
3370 920 3454 977 lex
3482 918 3577 976 de-

1975 1006 2185 1064 clarare
2216 1007 2597 1080 obligationem
2626 1025 2804 1081 suam,
2832 1015 2929 1067 aut
2949 1010 3191 1067 oratione
3214 1009 3399 1084 aliqua
3417 1026 3569 1067 com-

1974 1097 2155 1170 plexa,
2196 1104 2293 1156 aut
2331 1099 2495 1156 verbo
2536 1099 2764 1172 simplici
2801 1099 3190 1174 praecipiendi,
3221 1099 3290 1158 de
3327 1107 3567 1175 utroque

1975 1189 2140 1245 modo
2174 1188 2411 1245 breviter
2441 1188 2717 1248 dicemus.

2051 1279 2207 1336 Circa
2241 1281 2477 1352 primum
2504 1279 2716 1336 clarum
2745 1286 2861 1353 est,
2893 1295 3055 1352 posse
3092 1279 3429 1360 legislatores
3466 1282 3571 1340 hu-
3587 1283 3599 1288 ‘

1979 1384 2167 1426 manos
2179 1369 2484 1443 explicare'
2470 1387 2525 1426 in
2545 1386 2647 1442 sua
2671 1369 2811 1446 lege,
2827 1387 2885 1428 se
2907 1371 3045 1428 velle
3064 1371 3304 1444 obligare
3327 1371 3431 1429 sub
3445 1388 3566 1430 rea-

1981 1465 2039 1517 tu
2067 1475 2272 1532 poenae
2312 1468 2586 1532 aeternae,
2620 1468 2683 1519 ut
2709 1461 2779 1517 sit
2805 1460 3118 1522 interdum
3102 1479 3155 1519 tn
3184 1464 3573 1522 ecclesiasticis

1978 1550 2214 1624 legibus,
2248 1557 2309 1608 ut
2338 1551 2479 1608 inira
2504 1552 2841 1625 videbimus3
2872 1551 2925 1608 in
2963 1553 3214 1610 civilibus
3252 1560 3433 1610 autem
3472 1554 3579 1612 hoc

1978 1658 2085 1699 non
2113 1649 2202 1698 est
2226 1643 2282 1698 in
2312 1658 2442 1715 usu,
2467 1644 2729 1717 quianon
2746 1649 2963 1715 spectat
2988 1644 3054 1701 ad
3079 1643 3407 1717 temporales
3429 1646 3576 1717 prin-

1977 1733 2126 1804 cipes
2152 1731 2466 1789 discernere
2496 1733 2633 1790 inter
2662 1741 2953 1806 peccatum
2982 1734 3207 1791 mortale
3245 1741 3302 1792 et
3336 1735 3569 1806 veniale,

1980 1821 2120 1879 unde
2149 1822 2218 1880 ad
2248 1837 2525 1880 summum
2556 1823 2729 1880 solent
2754 1824 3047 1898 explicare,
3080 1842 3138 1882 se
3165 1825 3304 1882 velle
3332 1827 3575 1901 obligare

1979 1917 2247 1986 quantum
2269 1920 2520 1984 possunt,
2544 1913 2629 1970 vel
2654 1912 2922 1971 interdum
2945 1915 3109 1972 etiam
3130 1914 3413 1973 declarant
3432 1916 3579 1973 chri-

1979 2003 2134 2060 stiani
2161 2003 2457 2075 principes,
2490 2019 2549 2060 se
2570 2003 2708 2061 velle
2731 2004 2969 2076 obligare
2992 2004 3041 2061 in
3064 2007 3575 2063 conscientia.Haec

1981 2099 2195 2162 tamen,
2223 2098 2279 2150 et
2306 2093 2502 2150 similia
2542 2093 2709 2152 verba
2747 2095 3021 2166 generalia
3064 2102 3213 2169 sunt,
3243 2103 3392 2154 etex
3418 2104 3575 2170 parte

1979 2199 2081 2240 sua
2108 2199 2215 2240 non
2248 2183 2551 2256 declarant,
2583 2183 2971 2258 obligationem
2997 2200 3118 2243 esse
3156 2201 3379 2260 gravem
3419 2187 3578 2244 abso·
3680 2205 3684 2220 ·

1979 2272 2116 2345 lute,
2146 2273 2245 2331 sed
2276 2273 2459 2330 solum
2487 2271 2644 2348 quasi
2672 2273 2775 2330 sub
2803 2275 3139 2348 conditione,
3172 2277 3217 2332 si
3254 2277 3483 2334 materia
3510 2279 3583 2334 sit

1980 2379 2175 2438 capax,
2194 2361 2426 2438 ideoque
2450 2363 2645 2422 modus
2667 2369 2723 2420 et
2743 2365 2980 2438 gravitas
3002 2364 3345 2438 obligationis
3363 2383 3430 2422 ex
3446 2382 3585 2440 qua-

1979 2452 2125 2512 litate
2158 2457 2417 2512 materiae
2445 2454 2793 2535 determinari
2813 2452 2991 2511 debet.
3011 2455 3197 2512 Solent
3218 2462 3401 2513 autem
3423 2458 3479 2513 in
3504 2457 3587 2514 le-

1981 2548 2140 2621 gibus
2168 2546 2416 2604 humanis
2448 2545 2573 2603 addi
2606 2546 3067 2604 comminationes
3079 2561 3403 2620 poenarum,
3434 2565 3579 2621 quae

1979 2638 2026 2694 si
2055 2635 2363 2710 spirituales
2392 2639 2521 2709 sint,
2556 2635 2795 2695 indicare
2824 2637 3000 2695 solent
3040 2636 3262 2694 modum
3298 2635 3581 2712 obligatio-

1981 2727 2064 2784 nis
2094 2728 2227 2801 legis
2256 2728 2306 2783 in
2336 2727 2697 2798 conscientia,
2726 2727 2825 2785 sed
2863 2727 2985 2785 illae
3023 2735 3156 2784 sunt
3189 2729 3439 2802 propriae
3482 2739 3576 2787 ec-

1979 2816 2411 2874 clesiasticarum
2442 2817 2646 2890 legum,
2681 2816 2747 2874 de
2773 2817 2975 2892 quibus
2996 2817 3134 2874 libro
3158 2819 3407 2892 sequenti
3427 2818 3576 2876 dice-

1981 2925 2122 2966 mus.
2155 2909 2303 2966 Aliae
2333 2915 2464 2966 sunt
2494 2908 2853 2981 temporales,
2886 2910 2967 2966 vel
2998 2908 3312 2981 corporales
3341 2926 3569 2984 poenae,

1977 2987 2048 3055 de'
2072 2998 2271 3072 quibus
2311 2998 2400 3054 hic
2430 2998 2725 3056 dicendum
2752 3004 2868 3088 est,
2898 2999 3025 3072 quia
3052 2999 3103 3055 in
3134 2998 3580 3074 quibuscumque

1978 3087 2187 3162 legibus
2220 3089 2467 3146 humanis
2498 3088 2621 3146 addi
2643 3095 2896 3160 possunt,
2924 3092 3246 3160 praesertim
3276 3091 3478 3148 veroin
3501 3091 3583 3148 ci-

1979 3180 2193 3237 vilibus,
2258 3187 2273 3220 -'

2053 3275 2108 3329 2.
2143 3269 2293 3329 Multi
2322 3282 2456 3343 ergo
2494 3275 2755 3342 censent,
2780 3268 2944 3328 huius
2978 3285 3185 3343 poenae
3214 3244 3579 3330 adiectionem

1976 3374 2084 3417 non
2105 3360 2284 3416 solum
2312 3376 2419 3417 non
2446 3375 2568 3418 esse
2595 3360 2809 3434 signum
2835 3359 3017 3433 gravis
3046 3359 3393 3434 obligationis
3419 3360 3577 3436 legis,

1976 3467 2169 3508 verum
2191 3451 2373 3523 potius
2388 3467 2509 3508 esse
2530 3439 2769 3524 signum,
2783 3450 2958 3523 legem
2978 3466 3089 3507 non
3111 3449 3356 3524 obligare
3383 3451 3435 3508 in
3458 3452 3580 3509 soro

1975 3543 2365 3613 conscientiae,
2384 3541 2479 3599 sed
2496 3541 2773 3598 tantumin
2790 3543 2910 3599 l'oro
2925 3548 3153 3599 externo
3176 3540 3243 3598 ad
3260 3542 3423 3601 talem
3444 3559 3577 3616 poe-

1977 3648 2122 3689 nam.
2153 3635 2233 3689 lta
2270 3634 2431 3688 sentit
2466 3634 2693 3690 Navarr.
2728 3631 2877 3688 dicto
2915 3647 3039 3704 cap.
3083 3637 3186 3705 23,
3222 3649 3277 3688 n.
3322 3639 3413 3692 55.
3445 3649 3579 3691 cum

1977 3717 2115 3780 aliis.
2148 3722 2266 3796 Ego
2294 3738 2422 3778 vero
2454 3737 2584 3790 cum
2612 3723 2893 3780 communi
2924 3723 3223 3797 sententia,
3241 3739 3409 3797 quam
3436 3724 3575 3782 infra

1976 3812 2257 3882 tractabo,
2290 3828 2573 3886 suppono,
2608 3811 2967 3869 adiectionem
2997 3829 3203 3884 poenae
3242 3815 3403 3871 etia'm
3436 3820 3573 3871 tem-

1976 3902 2200 3976 poralis,
2231 3903 2315 3960 vel
2342 3903 2639 3977 corporalis
2683 3919 2793 3960 non
2830 3919 2956 3960 esse
2995 3907 3212 3979 signum
3253 3904 3391 3980 legis
3431 3921 3573 3978 pure
3686 3961 3691 3968 .

1977 3995 2242 4068 poenalis,
2266 3997 2367 4051 nisi
2394 3997 2451 4051 in
2480 3995 2707 4065 ipsamet
2731 3994 2848 4068 lege
2878 3994 3215 4052 sufficienter
3245 3989 3575 4071 explicetur,

1977 4085 2060 4143 vel
2104 4085 2318 4142 aliunde
2359 4085 2492 4142 satis
2532 4088 2943 4166 constet,‹quia
2982 4104 3089 4144 non
3119 4087 3367 4144 obstante
3397 4094 3578 4144 trans-

1977 4177 2253 4249 gressione
2290 4175 2422 4248 legis
2451 4175 2508 4230 in
2538 4177 2912 4251 conscientia,
2939 4183 2997 4234 et
3022 4169 3197 4248 poena
3236 4176 3314 4232 illi
3348 4193 3575 4249 respon-

1979 4264 2139 4322 dente
2178 4265 2323 4338 apud
2350 4267 2524 4322 Deum
2565 4265 2706 4322 iuste
2748 4266 3023 4341 legislator
3063 4265 3339 4323 humanus
3378 4265 3571 4325 adiicit

1978 4372 2210 4430 poenam
2238 4372 2335 4429 per
2363 4355 2606 4412 homines
2634 4355 3001 4430 infligendam.
3034 4357 3105 4413 Et
3130 4355 3249 4414 ideo
3292 4357 3334 4412 si
3363 4357 3451 4414 lex
3480 4358 3571 4414 ab·

1979 4449 2162 4506 solute
2189 4447 2673 4521 praecipiat,·licet
2694 4445 2908 4504 adiiciat
2935 4462 3165 4519 poenam
3196 4446 3573 4522 temporalem,

1981 4539 2329 4596 nihilominus
2361 4539 2415 4594 in
2441 4537 2781 4594 conscientia
2807 4537 3031 4611 obligat.

2061 4634 2112 4688 3.
2146 4629 2262 4686 Hoc
2296 4644 2430 4702 ergo
2462 4629 2768 4700 supposito,
2790 4626 3087 4684 dicendum
3117 4633 3223 4699 est,
3247 4631 3575 4701 gravitatem

1982 4736 2188 4793 poenae
2216 4735 2311 4793 per
2338 4735 2397 4776 se
2426 4718 2701 4794 loquendo
2732 4734 2988 4793 magnum
3016 4719 3233 4793 signum
3255 4734 3376 4778 esse
3397 4721 3576 4794 gravi-

1986 4812 2106 4869 tatis
2129 4811 2409 4881 materiae,
2428 4812 2493 4870 de
2516 4826 2625 4885 qua
2647 4810 2731 4868 lex
2747 4810 2941 4882 fertur,
2958 4816 3013 4866 et
3030 4809 3210 4882 gravis
3234 4809 3573 4884 obligationis

1981 4905 2121 4962 eius.
2136 4903 2294 4960 Ratio
2316 4908 2423 4974 est,
2449 4903 2577 4976 quia
2598 4901 2783 4976 gravis
2805 4915 2981 4973 poena
3002 4916 3110 4957 non
3130 4901 3425 4974 imponitur
3446 4917 3579 4975 pru·

1984 4993 2175 5052 denter
2203 4993 2301 5049 nisi
2328 5007 2428 5066 pro
2454 5008 2515 5050 re
2542 4992 2726 5065 gravi,
2758 4993 3129 5064 praesumitur
3152 4999 3335 5049 autem
3360 4991 3575 5066 legisla-

1985 5092 2070 5143 tor
2092 5083 2389 5158 prudenter
2408 5082 2643 5141 adiicere
2665 5098 2926 5156 poenam3
2952 5097 3104 5156 ergo.
3130 5082 3283 5142 Unde
3304 5088 3453 5140 recte
3475 5081 3575 5140 do-

1986 5178 2104 5234 cuit
2132 5177 2285 5234 Scot.
2316 5175 2369 5232 in
2396 5179 2453 5246 4,
2477 5173 2532 5232 d.
2573 5177 2623 5248 1,
2654 5191 2709 5251 q.
2748 5178 2801 5233 6.
2835 5189 3003 5246 prope
3032 5173 3213 5243 finem,
3242 5174 3455 5246 quoties
3482 5173 3570 5232 lex

1989 5274 2148 5327 vetus
2186 5267 2623 5327 comminabatur
2667 5265 2775 5326 illis
2801 5265 2983 5326 verbis
3009 5264 3184 5324 Exodi
3216 5269 3313 5328 12:
3344 5265 3575 5325 Peribit
