4325 6267
1755 360 1964 409 capua·
1995 346 2140 409 vlu}

296 485 450 541 tione
475 500 578 541 sua
603 489 689 541 est
717 489 947 556 propter
971 484 1180 540 bonum
1207 482 1642 553 communitatis,
1667 485 1720 540 in
1741 499 1909 556 quam

295 574 496 644 datur,
531 584 594 629 ut
621 573 796 645 capite
824 572 1173 645 praecedenti
1199 571 1544 630 declaratum
1572 579 1676 629 est.

381 666 438 719 6.
471 662 556 718 Ex
583 661 667 717 his
695 676 829 734 ergo
858 660 1214 718 concluditur
1240 661 1410 718 veluti
1438 666 1634 733 quarta
1661 662 1910 719 differen-

295 750 395 821 tia,
423 765 569 822 quae
599 750 664 805 ad
695 764 954 821 praesens
984 750 1174 808 refert.
1205 751 1506 808 Dicendum
1534 759 1620 808 est
1638 754 1815 821 enim,
1840 750 1908 807 ad

293 837 557 895 serendas
597 840 744 912 leges
785 841 1152 896 necessariam
1187 855 1314 897 esse
1340 846 1666 911 potestatem
1696 840 1907 897 iurisdi-

291 927 522 999 ctionis,
553 943 655 984 nec
685 926 858 985 solam
887 927 1274 985 dominativum
1301 945 1399 1001 per
1427 946 1484 985 se
1516 930 1797 987 sufficere.
1829 932 1908 985 lta

288 1014 505 1073 docent
538 1016 854 1073 canonistae
879 1018 1248 1075 communiter
1273 1019 1327 1074 in
1357 1034 1482 1090 cap.
1521 1020 1678 1075 Cum
1706 1034 1907 1075 acces-

291 1108 538 1170 sissent,
574 1110 632 1160 et
656 1120 780 1176 cap.
813 1107 1058 1162 Cum-in
1077 1106 1353 1163 Ecclesia
1381 1109 1906 1183 sanctae-Mariae

291 1196 433 1265 (per
467 1197 680 1249 textum
708 1192 904 1265 ipsum)
939 1194 1006 1251 de
1035 1197 1257 1251 constit.
1290 1201 1345 1251 et
1374 1198 1425 1251 in
1455 1210 1579 1266 cap.
1610 1194 1906 1253 Ecclesia-

291 1296 473 1347 rum,
509 1288 568 1337 et
594 1297 714 1354 cap.
747 1280 990 1349 Solitoe,
1024 1281 1090 1339 de
1121 1284 1312 1340 maior.
1345 1291 1402 1340 et
1429 1284 1586 1340 obed.
1612 1300 1736 1356 cap.
1769 1288 1906 1341 Duo

291 1374 464 1434 sunt,
495 1375 553 1425 et
578 1384 702 1441 cap.
729 1372 885 1426 Bene
907 1370 1161 1443 quidem,
1191 1376 1284 1431 96.
1311 1371 1368 1429 d.
1392 1374 1538 1429 Bart.
1565 1372 1618 1429 in
1641 1373 1679 1428 l.
1705 1388 1905 1429 ovines

282 1456 524 1531 populi,
554 1458 612 1514 fl.
643 1458 712 1514 de
737 1460 942 1515 iustitia
971 1464 1028 1515 et
1055 1462 1196 1516 iure.
1229 1461 1279 1516 in
1318 1465 1364 1517 1.
1396 1478 1451 1533 q.
1485 1460 1653 1532 princ.
1686 1460 1828 1517 idem
1852 1460 1904 1516 in

293 1546 340 1601 Ι.
365 1548 708 1619 imperium,
741 1546 796 1602 ff.
822 1545 888 1602 de
913 1548 1020 1602 iur.
1052 1563 1204 1604 omn.
1233 1548 1402 1605 iudic.
1431 1550 1522 1605 ubi
1547 1564 1604 1603 n.
1635 1554 1687 1607 8.
1712 1549 1804 1620 ait,
1831 1548 1905 1605 le-

287 1650 431 1706 gum
473 1634 726 1691 lationem
763 1636 1038 1707 pertinere
1077 1637 1144 1693 ad
1176 1637 1610 1695 iurisdictionem
1639 1640 1775 1694 meri
1801 1640 1903 1695 im-

289 1722 463 1794 perii,
495 1723 580 1780 vel
621 1724 906 1781 existentis
945 1726 998 1780 in
1026 1725 1206 1799 gradu
1236 1729 1505 1798 proximo.
1536 1727 1692 1795 Quod
1721 1728 1790 1784 ibi
1818 1743 1904 1784 se-

291 1817 549 1883 quuntur
575 1814 946 1870 communiter
973 1812 1269 1886 doctores,
1309 1818 1512 1873 Anton.
1551 1819 1606 1872 in
1636 1832 1761 1887 cap.
1797 1816 1894 1873 ult.

289 1898 362 1955 de
393 1899 502 1972 his,
533 1916 674 1973 quae
701 1902 838 1958 liunt
865 1919 898 1958 a
926 1903 1207 1975 praelatis,
1237 1912 1294 1961 et
1321 1904 1471 1961 Bald.
1506 1906 1559 1960 in
1589 1905 1627 1960 l.
1670 1910 1718 1976 1,
1751 1905 1808 1961 ff.
1833 1904 1901 1961 de

289 1990 468 2046 iustit.
526 1997 584 2048 et
630 1992 736 2047 iur.
769 1992 1138 2049 Consentiunt
1182 1994 1344 2049 etiam
1385 1994 1618 2065 theologi
1665 2010 1796 2051 cum
1836 1993 1893 2049 d.

285 2078 482 2135 Thom.
523 2077 584 2135 d.
615 2096 672 2151 q.
707 2084 810 2148 90,
842 2088 947 2139 art.
982 2086 1044 2151 3,
1077 2098 1133 2154 q.
1167 2086 1260 2153 69,
1291 2089 1396 2139 art.
1433 2088 1502 2153 5,
1534 2088 1588 2139 2.
1623 2088 1682 2155 2,
1713 2098 1767 2155 q.
1803 2085 1897 2154 67,

289 2174 404 2223 art.
433 2172 523 2239 15,
550 2169 682 2226 Soto
702 2168 795 2224 lib.
830 2174 875 2226 1.
904 2169 972 2225 de
997 2170 1124 2226 iust.
1151 2186 1208 2243 q.
1241 2176 1289 2239 1,
1317 2179 1421 2227 art.
1451 2176 1507 2242 3,
1531 2171 1764 2247 Sylvest.
1789 2173 1898 2228 An-

286 2256 398 2328 gel.
436 2262 494 2312 et
514 2255 600 2313 alii
621 2256 970 2329 summistae,
993 2259 1146 2314 verb.
1173 2258 1290 2317 lem.
1309 2261 1560 2317 Sumitur
1579 2262 1739 2317 etiam
1761 2260 1896 2316 haec

286 2345 521 2401 assertio
551 2361 619 2401 ex
649 2346 816 2403 Arist.
849 2346 974 2403 libr.
1015 2351 1100 2405 10.
1131 2349 1328 2405 Ethic.
1361 2364 1485 2420 cap.
1523 2350 1626 2405 ult.
1656 2348 1893 2405 dicente:

283 2434 496 2490 Patris
515 2436 858 2509 praeceptio
881 2438 1038 2492 vires
1065 2453 1182 2493 non
1207 2437 1402 2502 habet,
1437 2454 1624 2519 neque
1643 2441 1893 2495 necessi-

288 2526 511 2587 tatem,
559 2538 746 2595 neque
783 2522 970 2581 ullius
1011 2529 1252 2583 omnino
1283 2530 1458 2585 unius
1495 2532 1639 2595 viri,
1675 2531 1793 2585 nisi
1819 2532 1894 2585 sit

281 2626 424 2677 rex,
465 2610 558 2667 vel
592 2611 810 2685 aliquis
847 2612 993 2671 talis
1008 2632 1030 2681 ‚·
1069 2614 1170 2673 lea:
1196 2618 1412 2673 'autem
1449 2622 1570 2674 vim
1597 2618 1774 2675 habet
1800 2635 1894 2675 co-

279 2704 538 2772 qentem.
571 2701 706 2758 Plat.
739 2704 794 2758 in
821 2702 1028 2775 Dialog.
1068 2703 1298 2771 Civilis,
1329 2721 1430 2763 seu
1451 2706 1522 2763 de
1541 2723 1741 2779 ream,
1771 2724 1892 2764 ver-

281 2804 386 2844 sus
424 2789 588 2845 linem
607 2832 620 2859 ,
653 2788 847 2863 lequm
875 2790 1195 2858 lationem,
1229 2792 1398 2863 dicit,
1432 2793 1517 2851 ad
1543 2793 1896 2867 dianitatem

277 2880 518 2951 reqiam
539 2882 864 2950 pertinere,
899 2879 1049 2953 quod
1076 2886 1136 2937 et
1162 2881 1270 2937 late
1299 2884 1661 2956 prosequitur
1682 2883 1888 2941 Plutar.

283 2967 340 3022 in
379 2973 680 3024 comment.
719 2971 784 3025 in
815 2970 1084 3043 principe
1117 2973 1343 3043 requiri
1377 2970 1747 3041 doctrinam,
1786 2976 1888 3042 ait,

280 3052 472 3126 leqem
511 3070 636 3113 esse
671 3059 966 3130 principis
1005 3073 1170 3130 opus.
1210 3057 1364 3115 Unde
1403 3060 1555 3115 Philo
1599 3060 1692 3115 lib.
1724 3066 1780 3117 2.
1821 3059 1892 3117 de

277 3146 414 3199 vita
447 3145 640 3201 Mosis
667 3145 721 3201 in
747 3146 1042 3218 principio:
1072 3150 1268 3221 Reqis‚
1297 3148 1495 3221 inquit,
1521 3146 1784 3221 officium
1808 3154 1893 3206 est

278 3230 496 3299 iubere,
532 3248 686 3305 quae
707 3238 930 3308 oportet
941 3234 1106 3307 fieri,
1135 3242 1192 3293 et
1210 3241 1428 3305 vetare,
1456 3254 1501 3294 a
1525 3237 1732 3310 quibus
1755 3239 1892 3295 abs-

279 3323 468 3377 tinere
497 3319 696 3383 decet:
727 3326 1028 3380 caeterum
1053 3326 1244 3381 iussio
1253 3322 1687 3395 faciendorum
1713 3331 1770 3383 et
1801 3330 1890 3384 in-

281 3407 555 3465 terdictio
591 3409 990 3467 cavendorum
1016 3416 1264 3487 proprie
1290 3412 1374 3469 ad
1401 3412 1584 3487 leqem
1605 3418 1882 3488 pertinet.

279 3496 486 3555 Eodem
517 3498 680 3555 modo
717 3498 1026 3571 loquuntur
1054 3495 1258 3572 patres.
1289 3503 1448 3559 Basil.
1485 3502 1636 3559 hom.
1669 3519 1792 3575 cap.
1826 3509 1882 3561 2.

277 3586 334 3641 in
370 3587 486 3643 init.
540 3588 802 3644 Proverb.
845 3592 916 3645 Si
951 3605 1232 3662 reqnum,
1266 3592 1474 3663 inquit,
1506 3596 1592 3648 est
1618 3590 1888 3664 legitima

269 3679 560 3747 potestas,
600 3674 988 3748 manifestum
1015 3682 1130 3745 est,
1163 3678 1324 3751 qaod
1346 3694 1423 3735 ea·
1457 3695 1621 3753 reye,
1657 3680 1886 3752 alioqui

275 3764 390 3820 hoc
417 3768 658 3821 nomine
685 3764 892 3837 diano,
926 3771 1210 3824 exeuntes
1237 3770 1396 3824 vitae
1423 3772 1884 3842 praeceptiones

276 3850 538 3909 multum
571 3852 740 3927 apud
764 3870 965 3909 omnes
991 3858 1272 3911 momenti
1295 3855 1558 3913 habea-nt
1585 3856 1669 3913 ad
1696 3860 1886 3914 consi-

278 3940 652 4013 derandam,
697 3949 756 3999 et
796 3942 1266 4016 consequendam
1305 3947 1373 4001 in
1410 3949 1711 4003 communi
1737 3946 1884 4003 bono

274 4028 622 4087 utilitatem.
654 4032 723 4088 Et
741 4032 991 4089 Clemens
1013 4032 1154 4091 alex.
1179 4033 1271 4089 lib.
1306 4036 1354 4091 1.
1381 4036 1672 4092 Stromat.
1701 4051 1755 4091 c.
1789 4040 1875 4093 1⁴.

277 4133 480 4175 versus
507 4120 670 4176 linem
691 4160 708 4193 ,
737 4120 922 4193 legum
953 4121 1302 4179 ferendarum
1330 4123 1682 4195 sapientiam,
1715 4125 1882 4197 impe-

277 4209 541 4265 ratoriam
578 4216 744 4267 vocat
780 4216 836 4267 et
863 4210 1094 4268 maxime
1123 4214 1359 4284 regiam,
1388 4218 1445 4267 et
1468 4213 1636 4269 infra:
1669 4217 1885 4289 Quem-

276 4295 608 4354 admodum
629 4297 1008 4373 pastoralem
1035 4303 1228 4356 artem
1254 4303 1522 4357 omnium
1550 4316 1762 4359 curam
1789 4318 1883 4375 qe-

273 4400 408 4443 rere
437 4383 712 4455 dicimus,
743 4390 838 4443 ita
859 4390 1042 4444 etiam
1064 4385 1258 4460 lequm
1266 4386 1667 4459 serendarum
1685 4394 1881 4447 artem

275 4473 545 4532 dicemus
563 4520 578 4543 ,
614 4479 894 4533 virtutem
931 4477 1240 4534 hominum
1278 4493 1630 4551 comparare
1664 4480 1744 4536 hu
1753 4496 1880 4538 ma-

275 4582 422 4622 num
449 4564 668 4622 bonum
687 4582 800 4640 pro
825 4565 1056 4623 viribus
1081 4570 1460 4633 excitantem,
1486 4574 1554 4623 ut
1573 4584 1725 4640 quae
1746 4585 1878 4641 yre-

273 4656 366 4726 9is
393 4654 710 4711 hominum
739 4670 953 4712 curam
978 4660 1150 4728 qerat
1178 4661 1234 4712 et
1253 4655 1712 4730 providentiam.

354 4744 408 4799 7.
442 4742 764 4799 Rationibus
791 4743 954 4799 etiam
985 4750 1162 4815 potest
1198 4744 1362 4801 facile
1391 4744 1524 4801 haec
1554 4747 1754 4803 veritas
1783 4746 1876 4805 de-

275 4830 500 4887 clarari.
533 4829 737 4901 Primo,
766 4831 898 4903 quia
927 4831 1188 4903 legislatio
1218 4838 1304 4889 est
1332 4834 1654 4903 potissimus
1682 4842 1871 4906 actus,

273 4934 384 4993 quo
429 4918 746 5000 respublica
789 4921 1166 4992 gubernatur,
1214 4920 1446 4993 ideoque
1492 4931 1717 4996 propter
1755 4928 1874 4983 eius

273 5023 570 5065 commune
597 5007 954 5065 commodum
983 5009 1111 5065 l'erri
1137 5008 1316 5079 debet,
1363 5016 1424 5066 ut
1449 5010 1711 5086 vidimus3
1742 5028 1874 5086 ergo

274 5112 368 5167 per
395 5112 455 5154 se
483 5101 704 5168 spectat
725 5096 796 5153 ad
824 5104 1148 5169 potestatem
1174 5100 1589 5171 gubernativam
1613 5103 1874 5176 reipubli-

275 5199 395 5260 cae,
425 5184 496 5243 ad
523 5200 696 5259 quam
723 5186 956 5258 pertinet
979 5186 1419 5265 eiuscommune
1438 5188 1646 5250 bonum
1668 5206 1874 5264 procu·

3422 344 3504 405 35

1984 497 2136 539 rare:
2184 482 2319 538 haec
2357 486 2542 539 autem
2568 486 2654 539 est
2680 488 2919 554 potestas
2948 481 3360 553 iurisdictionis,
3394 489 3460 540 ut
3485 481 3579 539 de-

1981 571 2251 628 claratum
2282 578 2386 628 est.
2421 573 2588 641 ltem,
2621 576 2859 642 potestas
2898 570 3226 629 dominativa
3266 587 3363 643 per
3399 588 3457 629 se
3494 579 3581 629 est

1980 661 2187 731 privata
2209 702 2225 733 ,
2270 674 2411 726 quae
2452 666 2635 730 potest
2671 676 2792 717 esse
2834 661 2887 717 in
2922 676 3029 717 una
3057 676 3291 732 persona
3314 672 3575 735 respectu

1979 747 2238 819 alterius,
2271 754 2513 820 potestas
2544 756 2729 805 autem
2758 749 3147 806 iurisdictionis
3174 765 3272 820 per
3300 766 3357 805 se
3375 758 3460 806 est
3481 766 3577 821 po-

1979 842 2149 893 testas
2188 838 2409 907 publica
2443 844 2501 893 et
2539 836 2607 893 ad
2646 838 3095 895 communitatem
3125 838 3405 910 ordinata,
3436 855 3571 912 ergo

1976 925 2113 982 haec
2141 925 2257 981 sola
2283 934 2369 982 est
2398 925 2721 998 principium
2744 928 3215 997 proportionatum
3238 927 3305 983 ad
3329 928 3577 985 serendas

1977 1014 2158 1085 leges,
2202 1029 2345 1087 quae
2384 1030 2478 1086 per
2516 1028 2575 1070 se
2622 1014 2786 1071 etiam
2830 1016 2901 1083 ad
2942 1018 3393 1073 communitatem
3439 1018 3576 1074 refe·

1977 1111 2210 1174 runtur,
2242 1110 2307 1159 ut
2335 1103 2543 1159 dictum
2570 1110 2674 1160 est.
2706 1103 2943 1159 Tandem
2974 1111 3215 1175 potestas
3244 1105 3575 1163 dominativa

1975 1190 2369 1252 adsummum
2410 1197 2591 1263 potest
2630 1194 2943 1263 praecipere
2984 1208 3051 1248 ex
3094 1195 3297 1250 virtute
3325 1194 3579 1250 obedien·

1977 1282 2103 1352 tiae,
2136 1280 2219 1335 vel
2250 1279 2505 1346 iustitiae,
2539 1287 2637 1337 aut
2662 1281 2913 1352 pietatis,
2948 1280 3106 1353 quasi
3126 1281 3393 1353 exigendo
3412 1299 3576 1339 usum

1973 1370 2053 1424 rei
2095 1385 2263 1441 suae,
2309 1376 2408 1425 aut
2445 1370 2547 1425 sibi
2590 1370 2926 1442 promissae3
2974 1370 3056 1426 lex
3094 1376 3278 1426 autem
3310 1374 3578 1445 praecipit

1973 1457 2369 1514 constituendo
2408 1458 2684 1513 actum·in
2723 1458 2942 1530 propria
2971 1459 3153 1529 specie
3186 1458 3399 1515 virtutis
3428 1460 3577 1517 iuxta

1974 1547 2303 1617 exigentiam
2344 1548 2636 1618 materiae,
2666 1548 2721 1602 in
2750 1562 2859 1620 qua
2890 1546 2975 1602 lex
3004 1554 3293 1616 versatur,
3322 1556 3381 1605 et
3405 1549 3459 1605 in
3488 1549 3575 1607 illa

1975 1637 2361 1691 necessitatem
2390 1634 2749 1706 imponendo,
2783 1635 2917 1692 haec
2946 1640 3133 1692 autem
3160 1636 3462 1694 efficacitas
3489 1645 3576 1695 est

1973 1724 2195 1794 propria
2235 1725 2524 1795 potestatis
2564 1723 2983 1794 iurisdictionis,
3017 1726 3145 1798 quia
3172 1732 3259 1783 est
3286 1733 3445 1783 actus
3472 1745 3575 1800 pu-

1969 1812 2143 1869 blicae
2180 1814 2497 1885 potestatis3
2540 1828 2672 1884 ergo
2711 1812 2847 1869 haec
2884 1819 3127 1885 potestas
3164 1822 3251 1871 est
3279 1830 3375 1885 per
3402 1831 3460 1871 se
3486 1831 3571 1873 re-

1969 1904 2172 1975 quisita
2200 1902 2266 1959 ad
2298 1902 2445 1975 leges
2472 1902 2743 1959 serendas.

2049 1997 2102 2049 8.
2134 1994 2310 2049 Recte
2341 1999 2527 2048 autem
2556 2003 2572 2064 1
2598 1996 2660 2047 ut
2686 2006 2855 2062 supra
2876 1992 3061 2065 tetigi)
3092 1990 3327 2049 advertit
3346 1994 3493 2053 Bart.
3519 1996 3572 2050 in

1970 2078 2095 2136 loco
2135 2079 2397 2153 allegato,
2444 2094 2555 2136 non
2581 2094 2800 2137 omnem
2827 2086 3160 2151 potestatem
3182 2080 3570 2138 iurisdictionis

1966 2183 2087 2224 esse
2115 2168 2480 2227 sufficientem
2510 2168 2579 2227 ad
2612 2168 2758 2243 leges
2779 2167 3066 2240 serendas;
3092 2168 3294 2225 habent
3313 2170 3455 2226 enim
3480 2186 3568 2227 or-

1969 2254 2163 2313 dinarii
2204 2257 2413 2315 iudices
2454 2258 2912 2327 iurisdictionem,
2956 2256 3220 2314 ettamen
3252 2257 3399 2330 leges
3429 2260 3572 2316 ferre

1967 2360 2076 2401 non
2107 2353 2373 2417 possunt3
2404 2350 2713 2419 requiritur
2734 2362 2867 2419 ergo
2889 2345 3204 2417 principalis
3228 2348 3499 2419 quaedam
3518 2356 3573 2404 et

1967 2436 2228 2506 primaria
2266 2442 2509 2506 potestas
2538 2438 2593 2491 in
2622 2436 2714 2492 illo
2744 2436 2955 2493 ordine.
2987 2437 3123 2503 Quia
3155 2435 3302 2494 sicut
3326 2438 3567 2494 condere

1968 2523 2140 2595 legem
2181 2541 2329 2581 unus
2366 2531 2452 2582 est
2485 2540 2553 2581 ex
2580 2526 2896 2597 praecipuis
2926 2525 3139 2582 actibus
3165 2526 3572 2597 gubernationis

1963 2612 2329 2686 reipublicae,
2374 2614 2450 2670 ita
2488 2616 2843 2687 praecipuam
2869 2622 2926 2672 et
2964 2616 3307 2686 superiorem
3346 2618 3575 2689 requirit

1962 2707 2309 2772 potestatem.
2352 2704 2497 2759 Haec
2534 2710 2718 2759 autem
2757 2709 3003 2774 potestas
3041 2704 3330 2777 primario,
3377 2711 3432 2761 et
3469 2720 3566 2777 per

1961 2792 2257 2848 essentiam
2286 2792 2339 2847 in
2370 2796 2481 2849 Deo
2508 2799 2628 2863 est3
2661 2792 3105 2849 communicatur
3133 2800 3318 2851 autem
3344 2793 3566 2866 regibus

1963 2895 2061 2949 per
2102 2880 2395 2952 quamdam
2439 2881 2934 2953 participationem,
2974 2881 3126 2937 iuxta
3161 2881 3295 2939 illud
3331 2884 3458 2955 Sap.
3493 2886 3560 2947 65

1961 2967 2178 3025 Audite
2204 2984 2385 3042 reyes,
2414 3011 2427 3024 .
2452 3010 2464 3025 .
2487 3010 2500 3024 .
2529 2972 2816 3043 quoniam
2842 2968 2994 3027 data
3020 2975 3107 3027 est
3125 2986 3167 3027 a
3190 2974 3441 3029 Domino
3452 2988 3564 3047 po·

1961 3059 2148 3113 testas
2190 3056 2372 3114 vobis.
2418 3061 2557 3113 Non
2596 3060 2755 3115 enim
2784 3061 2869 3114 est
2894 3064 3161 3132 potestas
3190 3062 3311 3117 nisi
3338 3076 3381 3117 a
3407 3066 3555 3128 Deo,

1964 3151 2028 3200 ut
2068 3143 2273 3203 dicitur
2308 3145 2377 3202 ad
2416 3148 2580 3203 Rom.
2640 3150 2725 3203 13.
2766 3147 2839 3203 Et
2876 3146 2996 3202 ideo
3040 3150 3419 3221 unusquisque
3463 3165 3561 3221 pro

1961 3248 2222 3290 mensura
2252 3234 2540 3305 potestatis
2570 3231 2667 3289 sibi
2695 3234 3020 3290 commissae
3042 3241 3228 3307 potest
3249 3237 3397 3309 leges
3416 3236 3563 3293 lace·

1961 3336 2050 3386 re,
2079 3330 2138 3379 et
2172 3338 2281 3379 non
2317 3323 2573 3394 amplius.
2604 3324 2775 3395 Nam,
2806 3329 2872 3380 ut
2895 3330 3047 3380 recte
3074 3324 3208 3380 dixit
3234 3326 3557 3401 Chrysosto-

1958 3428 2082 3467 mus
2107 3411 2301 3483 psalm.
2335 3416 2427 3469 44.
2460 3413 2613 3467 circa
2640 3411 2833 3481 finem,
2866 3426 3060 3484 regum
3091 3412 3237 3485 leges
3260 3419 3407 3469 ratae
3427 3419 3562 3470 sunt

1955 3505 2011 3555 et
2032 3498 2239 3556 validae
2260 3501 2401 3557 intra
2422 3515 2619 3556 eorum
2638 3500 2791 3555 lines.
2808 3503 3217 3557 Romanorum
3232 3503 3562 3573 imperator

1955 3590 2161 3646 Persis
2190 3605 2309 3644 non
2340 3593 2540 3663 posset
2558 3588 2737 3661 ferre
2764 3586 2933 3661 leqes,
2968 3605 3073 3645 nec
3098 3592 3430 3647 Persarum
3453 3606 3564 3648 rea·

1947 3675 2331 3750 possetferre
2358 3676 2511 3750 leqes
2532 3680 2845 3735 Romanis.
2872 3680 2941 3734 Et
2960 3679 3037 3735 sic
3058 3678 3125 3736 de
3147 3680 3399 3736 caeteris.
3415 3681 3568 3749 Quo-

1957 3765 2116 3823 modo
2142 3772 2326 3823 autem
2355 3766 2489 3823 haec
2520 3772 2761 3837 potestas
2790 3767 2862 3824 sit
2887 3768 2939 3823 in
2968 3768 3247 3839 omnibus,
3277 3777 3335 3825 et
3362 3768 3431 3825 ad
3458 3784 3553 3826 eos

1954 3855 2219 3929 dimanet,
2251 3863 2309 3913 et
2335 3856 2637 3930 quotuplex
2665 3858 2757 3927 sit,
2785 3862 2842 3913 et
2868 3872 2935 3912 an
2963 3872 3179 3928 semper
3209 3858 3281 3914 sit
3303 3873 3559 3916 necessa-

1954 3948 2036 4003 ria
2077 3948 2145 4003 ad
2188 3945 2475 4004 condenda
2516 3946 2757 4003 humana
2798 3952 3041 4017 statuta,
3083 3946 3222 4003 infra
3260 3945 3556 4004 dicendum

1951 4042 2056 4101 est,
2091 4036 2381 4102 tractando
2409 4037 2477 4093 de
2507 4037 2623 4108 lege
2651 4036 2923 4107 humana,
2959 4037 3049 4092 ubi
3080 4036 3239 4092 etiam
3264 4037 3556 4107 explicabi-

1953 4140 2098 4196 mus,
2131 4127 2184 4181 in
2215 4142 2327 4198 quo
2354 4125 2532 4199 gradu
2564 4132 2817 4197 oporteat
2838 4123 2977 4181 hanc
3004 4124 3439 4182 iurisdictionem
3461 4125 3556 4181 ha-

1949 4214 2101 4283 bere,
2136 4222 2201 4271 ut
2227 4215 2293 4270 ad
2327 4214 2501 4287 legem
2530 4214 2811 4271 serendam
2840 4213 3104 4270 sufficiat.

2030 4306 2084 4359 9.
2119 4304 2161 4358 N
2170 4318 2277 4358 unc
2302 4303 2483 4360 solum
2506 4301 2757 4375 adverto,
2782 4302 2835 4357 in
2854 4302 3001 4358 omni
3022 4302 3409 4358 communitate
3431 4317 3553 4359 esse

1951 4390 2188 4463 aliquam
2220 4396 2549 4461 potestatem
2576 4404 2891 4461 supremam
2920 4390 2971 4443 in
3002 4405 3103 4445 suo
3132 4389 3350 4459 ordine,
3384 4397 3445 4447 ut
3471 4398 3559 4447 est

1950 4479 2004 4535 in
2033 4479 2285 4536 Ecclesia
2313 4480 2593 4549 Pontifex,
2627 4478 2681 4534 in
2711 4494 2883 4551 regno
2914 4479 3197 4551 temporali
3222 4496 3349 4553 rex3
3380 4482 3429 4536 in
3468 4497 3555 4538 re-

1948 4570 2199 4642 publica,
2226 4585 2366 4641 quae
2389 4569 2762 4626 aristocratice
2790 4569 3130 4641 gubernatur
3160 4569 3238 4641 (id
3266 4575 3352 4626 est
3378 4587 3471 4642 per
3494 4588 3553 4628 se

1944 4660 2182 4733 ipsam),
2226 4666 2339 4717 tota
2374 4659 2703 4729 respublica.
2732 4660 2850 4715 Non
2876 4660 3019 4713 enim
3048 4664 3226 4730 potest
3264 4676 3384 4716 esse
3424 4676 3550 4719 cor-

1946 4765 2052 4821 pus
2073 4788 2088 4819 ,
2121 4748 2220 4804 nisi
2247 4749 2317 4804 sit
2346 4746 2715 4805 monstrosum
2744 4752 2799 4803 et
2826 4746 3081 4803 mutilum
3109 4748 3221 4819 sine
3250 4750 3446 4820 capite.
3479 4752 3550 4807 Et

1945 4838 2009 4893 de
2037 4838 2142 4893 hoc
2173 4838 2353 4907 capite
2382 4836 2456 4892 ait
2480 4834 2537 4892 d.
2574 4835 2806 4893 Thomas
2836 4836 2891 4891 d.
2922 4835 3083 4893 artic.
3118 4842 3149 4895 3
3168 4880 3183 4909 ,
3212 4854 3331 4893 esse
3362 4840 3442 4896 vel
3470 4841 3550 4912 ip-

1945 4942 2062 4982 sam
2091 4924 2530 4995 multitudinem,
2563 4925 2617 4981 id
2644 4932 2727 4981 est
2758 4924 3154 4996 rempublicam
3176 4966 3192 4998 ,
3236 4926 3319 4982 vel
3358 4944 3551 4999 geren-

1947 5022 2054 5071 tem
2078 5016 2256 5070 vicem
2284 5014 2433 5085 eius,
2464 5018 2643 5083 potest
2668 5019 2852 5070 autem
2872 5014 3051 5069 vicem
3074 5013 3194 5069 eius
3219 5029 3433 5086 gerere,
3463 5017 3549 5074 vel

1943 5102 2038 5178 qui
2068 5103 2136 5159 ab
2166 5103 2283 5174 ipsa
2303 5109 2387 5158 est
2414 5103 2777 5173 constitutus,
2800 5100 2885 5158 vel
2906 5104 3001 5175 qui
3022 5102 3331 5161 immediate
3359 5120 3390 5159 a
3410 5108 3543 5177 Deo,

1945 5199 2010 5251 ut
2025 5190 2167 5250 inl'ra
2193 5192 2429 5250 dicetur.
2463 5190 2701 5263 ldeoque
2731 5198 2793 5247 ut
2819 5190 2887 5247 ab
2915 5198 3151 5265 utroque
3181 5192 3542 5264 abstraheret,
