4325 6267
815 354 937 417 114
1030 432 1038 439 ,

1222 454 1245 481 0

736 493 908 553 cilitas
938 494 1241 567 ieiunandi,
1271 497 1317 554 si
1352 496 1515 555 homo
1542 504 1698 556 extra
1725 503 1943 570 tempus
1970 497 2152 556 ieiunii
2181 499 2326 557 laute

734 584 1027 659 comedat,
1072 586 1281 644 etiamsi
1321 589 1589 645 terminus
1628 588 1895 646 naturalis
1933 591 2324 662 temperantiae

738 689 851 731 non
878 676 1127 733 excedat.
1170 676 1386 735 Omissa
1425 694 1556 751 ergo
1598 678 1686 735 illa
1726 677 2080 752 conditione,
2124 680 2177 736 in
2217 695 2327 752 qua

738 764 890 824 nulla
919 774 1002 826 est
1028 767 1318 826 difficultas
1336 812 1351 843 ,
1381 768 1448 827 de
1475 768 1700 843 reliquis
1720 757 2001 844 dicemus,
2032 772 2161 845 quia
2189 786 2326 827 non-

732 856 939 915 nullam
968 858 1395 917 declarationem
1425 861 1733 935 requirunt.

815 952 869 1007 4.
899 950 1033 1006 Dico
1058 965 1191 1023 ergo
1232 950 1447 1022 primo:
1487 950 1677 1009 Modus
1716 950 2023 1009 voluntarie
2066 948 2326 1023 operandi

735 1037 843 1094 sub
871 1046 1231 1113 praeceptum
1259 1040 1394 1115 legis
1420 1042 1685 1099 naturalis
1712 1040 1883 1117 cadit,
1911 1048 1967 1100 et
1992 1039 2111 1099 ideo
2132 1057 2324 1099 neces-

731 1128 909 1185 sarius
944 1137 1061 1203 est,
1092 1137 1157 1187 ut
1183 1129 1268 1187 lex
1290 1130 1553 1188 naturalis
1582 1140 1856 1190 servetur.
1883 1134 1963 1189 lta
1983 1131 2145 1189 docet
2165 1132 2323 1188 divus

729 1218 964 1277 Thomas
995 1220 1129 1278 dict.
1165 1227 1269 1279 art.
1298 1226 1352 1296 9,
1371 1228 1431 1280 et
1454 1223 1526 1280 ibi
1554 1238 1761 1281 omnes.
1792 1224 1863 1281 Et
1888 1222 2172 1297 probatur,
2197 1223 2324 1298 quia

730 1308 817 1368 lex
843 1312 1103 1369 naturalis
1138 1312 1189 1369 in
1219 1312 1423 1371 ratione
1454 1315 1631 1386 posita
1656 1319 1743 1371 est
1768 1355 1781 1387 ,
1826 1319 1882 1371 et
1906 1314 2218 1371 immediate
2244 1313 2324 1370 di-

726 1402 991 1475 rigit„ac
1038 1402 1310 1477 gubernat
1336 1399 1710 1479 voluntatem3
1748 1422 1881 1479 ergo
1924 1404 1997 1462 illi
2026 1406 2322 1477 imponitur

728 1495 890 1565 quasi
928 1508 1027 1566 per
1073 1510 1133 1551 se
1174 1502 1231 1553 et
1267 1496 1635 1569 principaliter
1675 1496 1934 1570 obligatio
1975 1496 2119 1553 illius
2162 1496 2317 1570 legis3

728 1597 861 1659 ergo
889 1600 1001 1642 non
1031 1585 1357 1644 observatur
1384 1586 1470 1645 illa
1500 1588 1615 1661 lex,
1646 1588 1747 1643 nisi
1778 1587 2046 1646 mediante
2072 1588 2325 1646 volunta·

728 1681 815 1747 te;
844 1689 980 1750 ergo
1013 1677 1215 1735 modus
1242 1677 1547 1736 voluntarie
1576 1678 1833 1751 operandi
1860 1684 1948 1736 est
1972 1694 2070 1752 per
2090 1694 2149 1735 se
2169 1692 2323 1751 prae-

730 1769 929 1838 ceptus
969 1782 1034 1825 ac
1076 1768 1424 1827 necessarius
1451 1769 1520 1826 ad
1549 1769 1981 1827 observationem
2012 1769 2134 1827 talis
2163 1770 2316 1842 legis.

728 1854 1016 1930 Secundo,
1053 1859 1185 1931 quia
1213 1857 1299 1915 lex
1338 1858 1603 1917 naturalis
1642 1860 1851 1918 directe
1880 1857 2025 1916 cadit
2048 1861 2103 1916 in
2132 1864 2320 1916 actum

728 1944 1055 2023 humanum3
1096 1948 1191 2007 sed
1223 1956 1383 2007 actus
1414 1965 1521 2006 non
1548 1956 1635 2006 est
1662 1950 1958 2023 humanus,
1983 1950 2085 2006 nisi
2109 1950 2180 2006 sit
2199 1964 2320 2021 per-

724 2037 869 2097 fecte
897 2040 1277 2115 voluntarius,
1302 2056 1367 2098 ac
1385 2040 1616 2099 subinde
1644 2040 1802 2112 liber,
1829 2041 2021 2098 saltem
2049 2056 2148 2112 pro
2173 2045 2320 2097 statu

724 2126 892 2188 huius
921 2131 1096 2205 vitae,
1140 2148 1270 2206 ergo
1309 2132 1429 2188 talis
1470 2132 1667 2190 modus
1709 2132 1905 2205 agendi
1934 2132 2145 2189 directe
2173 2132 2323 2189 cadit

726 2219 832 2276 suh
859 2219 1001 2279 hanc
1032 2222 1208 2295 legem
1248 2222 1558 2280 naturalem
1585 2266 1601 2296 ,
1641 2222 1785 2279 unde
1825 2223 1921 2296 qui
1960 2222 2322 2280 involuntarie

724 2326 865 2382 opus
892 2311 1025 2386 legis
1053 2312 1215 2387 facit,
1249 2313 1376 2371 licet
1401 2314 1547 2371 illam
1588 2328 1807 2371 servare
1834 2312 2085 2371 videatur
2107 2354 2123 2387 ,
2165 2295 2322 2385 p'rae·

722 2403 1005 2461 varicator
1040 2413 1127 2461 est
1155 2404 1323 2479 legis,
1355 2410 1419 2462 ut
1447 2405 1683 2461 sumitur
1709 2422 1777 2462 ex
1801 2404 2105 2477 Augustino
2136 2403 2228 2460 lib.
2260 2409 2316 2462 2.

724 2500 940 2553 contra
970 2494 1128 2553 duas
1157 2494 1435 2571 epistolas
1464 2494 1670 2569 Pelaq.
1702 2512 1825 2568 cap.
1855 2500 1911 2565 9,
1936 2502 1991 2552 et
2012 2510 2172 2567 saepe
2200 2492 2322 2551 alibi

722 2584 939 2644 dicente
959 2628 975 2661 ,
1004 2587 1100 2644 ubi
1128 2588 1185 2646 fit
1212 2588 1419 2644 honum
1457 2603 1566 2644 non
1596 2602 1781 2643 amore
1822 2586 2100 2658 iustitiae,
2134 2584 2232 2641 sed
2260 2585 2322 2641 ti-

724 2690 883 2735 more
911 2693 1150 2750 poenae,
1182 2694 1289 2735 non
1317 2678 1453 2735 bene
1482 2679 1595 2735 fieri
1620 2698 1635 2751 3
1682 2678 1870 2751 utique
1909 2675 2129 2750 quando
2160 2676 2324 2732 timor

723 2774 813 2825 est
840 2768 915 2824 ita
943 2768 1187 2840 servilis,
1219 2774 1282 2824 ut
1320 2768 1516 2825 habeat
1543 2768 1900 2825 coniunctum
1926 2765 2184 2823 affectum
2212 2780 2322 2821 non

722 2856 952 2914 faciendi
978 2874 1119 2930 opus
1147 2858 1590 2932 praeceptum,si
1616 2873 1793 2930 poena
1820 2872 1931 2915 non
1958 2862 2107 2913 esset
2132 2855 2325 2912 adiun-

726 2954 841 3005 cta.
870 2949 941 3005 Et
967 2948 1159 3005 eodem
1188 2965 1356 3006 sensu
1393 2948 1529 3005 dixit
1569 2947 1625 3005 d.
1674 2947 1907 3005 Thomas
1947 2945 2093 3004 dicto
2121 2952 2229 3003 art.
2265 2952 2317 3007 9.

727 3038 796 3095 ad
838 3043 913 3111 3,
955 3038 1103 3113 quod
1147 3040 1360 3111 operari
1398 3041 1514 3096 sine
1544 3040 1766 3096 tristitia
1794 3036 1943 3096 cadit
1972 3037 2327 3110 subpraece-

723 3133 884 3200 ptum
913 3127 1047 3203 legis
1075 3128 1315 3203 divinae3
1347 3131 1476 3203 quia
1516 3132 1857 3202 quicumque
1895 3133 2162 3202 operatur
2192 3143 2324 3185 cum

724 3220 974 3291 tristitia,
1007 3226 1267 3293 operatur
1296 3236 1405 3277 non
1432 3218 1641 3278 volens.
1674 3221 1792 3277 Hoc
1820 3219 1963 3277 enim
2004 3225 2090 3276 est
2128 3234 2322 3276 verum

725 3306 793 3365 de
820 3308 911 3365 illa
939 3310 1176 3380 tristitia,
1192 3326 1333 3383 quae
1360 3312 1610 3367 nascitur
1636 3324 1703 3367 ex
1726 3310 1925 3367 affectu
1948 3309 2168 3365 omnino
2193 3324 2326 3365 con-

724 3400 928 3470 trario,
960 3416 1071 3473 quo
1101 3400 1298 3474 aliquis
1327 3399 1491 3457 habet
1515 3402 1863 3473 propositum
1902 3414 2007 3454 non
2038 3397 2326 3455 obediendi

723 3497 1048 3563 praecepto,
1091 3490 1135 3545 si
1171 3504 1277 3546 non
1320 3495 1647 3564 cogeretur3
1684 3504 1815 3562 ergo
1867 3488 1975 3544 tale
2016 3487 2324 3543 involunta-

724 3577 871 3636 rium
896 3584 980 3635 est
1006 3586 1202 3636 contra
1231 3579 1403 3652 legem
1440 3580 1671 3639 maxime
1700 3578 2046 3650 naturalem,
2076 3593 2219 3651 quae
2246 3576 2326 3633 di-

723 3675 875 3725 recte
904 3668 1046 3726 cadit
1070 3669 1125 3725 in
1154 3675 1313 3727 actus
1342 3670 1503 3727 etiam
1538 3672 1803 3743 internos,
1835 3686 1969 3743 ergo
1990 3684 2021 3725 e
2050 3668 2325 3725 contrario

720 3758 925 3815 modus
964 3758 1267 3817 voluntarie
1307 3760 1565 3834 operandi
1615 3768 1705 3819 est
1740 3760 1810 3819 de
1852 3762 2178 3819 necessitate
2207 3760 2326 3817 talis

724 3838 1023 3921 praeceffti.

684 3930 689 3935 ⁸
805 3946 859 3999 5.
890 3942 1084 4016 Dices,
1115 3940 1217 3997 hac
1244 3943 1453 4000 ratione
1482 3948 1634 3999 recte
1662 3942 1919 4016 probari,
1950 3942 2325 3999 necessarium

732 4046 886 4103 esse,
931 4040 994 4088 ut
1034 4032 1229 4090 saltem
1271 4039 1414 4090 cum‘
1446 4048 1611 4104 opere
1655 4031 1787 4105 legis
1818 4049 1927 4089 non
1957 4034 2326 4106 coniungatur

720 4124 1069 4197 propositum
1099 4140 1208 4180 non
1248 4122 1524 4198 faciendi,
1564 4124 1610 4179 si
1651 4138 1827 4195 poena
1868 4122 1953 4179 vel
1996 4121 2098 4179 alia
2138 4122 2326 4179 similis

721 4215 941 4271 coactio
969 4231 1078 4271 non
1110 4213 1536 4287 adiungeretur3
1568 4231 1677 4272 non
1708 4221 1888 4270 tamen
1930 4213 2172 4286 probari,
2203 4228 2323 4269 esse

722 4306 1096 4360 necessarium
1133 4304 1429 4375 positivum
1457 4302 1682 4361 modum
1726 4303 2031 4360 voluntarie
2076 4302 2326 4359 servandi

725 4393 1089 4467 legem3mam
1118 4401 1301 4466 potest
1335 4394 1450 4451 dari
1492 4393 1733 4451 medium
1760 4434 1775 4465 ,
1816 4393 2067 4450 videlicet
2092 4399 2157 4450 ut
2186 4408 2324 4466 opus

724 4486 823 4543 liat
846 4502 949 4543 nec
977 4486 1311 4561 voluntarie,
1340 4501 1441 4543 nec
1470 4484 1848 4558 involuntarie,
1869 4484 2017 4558 quod
2046 4485 2175 4540 satis
2197 4483 2322 4555 erit,

724 4578 855 4649 quia
884 4576 971 4633 lex
998 4577 1267 4650 praecipit
1293 4575 1506 4646 solum,
1546 4584 1610 4634 ut
1646 4576 1741 4632 fiat
1780 4590 1941 4647 opus.
1972 4573 2321 4646 Respondeo,

727 4666 976 4725 ultimam
1008 4667 1275 4745 rationem
1314 4682 1626 4739 supponere
1663 4672 1881 4741 actum,
1922 4680 2033 4739 quo
2074 4669 2327 4721 servatur

724 4766 1121 4834 praeceptum,
1148 4758 1345 4817 dehere
1386 4774 1508 4817 esse
1553 4758 1853 4815 humanum
1882 4800 1897 4829 ,
1927 4754 2074 4829 quod
2115 4756 2326 4827 priores

726 4852 969 4908 'rationes
998 4850 1338 4907 sufficienter
1367 4850 1620 4922 probant,
1650 4864 1761 4905 non
1791 4854 1973 4922 potest
1992 4854 2178 4903 autem
2205 4863 2327 4904 esse

730 4940 1006 4999 humanus
1031 4985 1046 5014 ,
1077 4941 1180 4997 nisi
1210 4942 1285 4998 sit
1327 4939 1701 5012 voluntarius,
1732 4945 1789 4996 et
1813 4954 1845 4995 a
1886 4936 2167 4994 voluntate
2199 4953 2326 5009 pro-

728 5032 925 5104 cedat,
968 5031 1099 5088 alias
1140 5032 1321 5103 potius
1355 5031 1568 5103 passio,
1599 5046 1768 5103 quam
1800 5028 1942 5086 actio
1984 5027 2220 5084 hominis
2247 5027 2327 5084 di-

728 5120 906 5179 cenda
931 5130 1096 5178 esset.
1127 5121 1264 5189 Quia
1290 5135 1422 5177 vero
1462 5135 1571 5178 non
1610 5136 1771 5177 omne
1801 5161 1817 5190 ,
1860 5116 2011 5192 quod
2049 5123 2136 5174 est
2173 5135 2206 5174 a
2233 5134 2326 5174 vo-

726 5212 936 5270 luntate
954 5254 970 5287 ,
995 5218 1083 5269 est
1108 5210 1424 5283 simpliciter
1447 5212 1531 5268 vel
1552 5208 1732 5267 debito
1750 5208 1914 5266 modo
1933 5207 2321 5282 voluntarium3

702 5304 851 5363 ‘ideo
880 5303 1073 5363 ultima
1100 5305 1241 5363 ratio
1268 5302 1539 5374 ostendit,
1571 5301 1674 5359 tale
1702 5299 1900 5359 debere
1929 5314 2051 5358 esse
2078 5298 2186 5358 hoc
2228 5316 2325 5359 vo-

2215 374 2416 423 LIBER
2445 376 2521 423 11.

2396 499 2729 573 luntarium,
2761 508 2956 558 utnon
2999 502 3250 563 admittat
3297 517 3486 561 secum
3529 504 3866 560 contrariam
3895 521 3992 560 vo·

2402 589 2666 648 luntatem
2697 590 2763 648 de
2793 608 2849 649 se
2877 598 3274 667 repugnantem
3305 601 3631 666 praecepto,
3664 610 3728 651 ac
3759 594 3990 652 subinde

2395 680 2702 739 absolutam
2728 683 3066 740 voluntatem
3094 698 3216 741 esse
3247 684 3610 740 necessariam
3635 684 3701 741 ad
3730 684 3989 741 observa-

2395 772 2600 829 tionem
2635 772 2768 846 legis
2797 774 3082 830 naturalis.
3116 773 3196 831 Ad
3217 776 3478 831 maiorem
3503 790 3632 831 vero
3658 774 3988 833 declaratio-

2395 877 2520 921 nem
2548 880 2844 937 possumus
2876 865 2963 922 hic
2991 864 3104 923 duo
3127 865 3479 938 distinguere.
3507 866 3689 925 Unum
3709 872 3815 935 est,
3839 865 3990 940 quod

2393 959 2553 1011 actus
2582 962 2905 1029 praeceptus
2935 954 3240 1013 secundum
3271 972 3328 1013 se
3365 962 3645 1029 spectatus
3675 957 3985 1014 voluntarie

2391 1043 2516 1118 fiat3
2549 1043 2694 1102 aliud
2725 1052 2838 1117 est,
2873 1052 2934 1102 ut
2959 1045 3050 1103 ille
3092 1052 3253 1103 actus
3279 1086 3294 1113 ,
3335 1047 3501 1103 etiam
3544 1052 3608 1103 ut
3634 1054 3982 1119 praeceptus,

2391 1134 2729 1193 voluntarius
2750 1139 2838 1207 sit,
2853 1136 2927 1193 ita
2959 1142 3020 1194 ut
3045 1136 3301 1194 voluntas
3329 1136 3536 1193 seratur
3557 1137 3608 1193 in
3632 1137 3804 1209 ipsam
3829 1152 3988 1210 prae-

2391 1227 2534 1298 cepti
2561 1226 3015 1284 ohservationem.
3049 1228 3291 1284 Possunt
3315 1227 3456 1285 enim
3499 1226 3632 1284 haec
3672 1227 3784 1284 duo
3829 1243 3987 1298 sepa-

2392 1318 2534 1389 rari;
2565 1332 2690 1374 nam
2716 1320 2811 1391 qui
2847 1318 3061 1391 ignorat
3086 1324 3442 1389 praeceptum
3483 1316 3642 1373 dandi
3689 1316 3988 1393 eleemosy-

2390 1422 2514 1464 nam
2538 1449 2553 1478 ,
2603 1424 2710 1465 non
2751 1409 2954 1479 poterit
2993 1407 3130 1465 velle
3171 1423 3388 1464 servare
3429 1406 3562 1464 illud
3604 1414 3982 1479 praeceptum,

2392 1498 2595 1570 poterit
2615 1505 2795 1556 tamen
2815 1498 3164 1556 nihilominus
3191 1499 3497 1580 voluntarie
3518 1513 3771 1555 exercere
3793 1505 3984 1555 actum

2398 1587 2796 1665 eleemosynae.
2827 1588 3122 1647 Conclusio
3150 1604 3282 1663 ergo
3309 1596 3490 1661 potest
3529 1589 3596 1646 de
3624 1595 3857 1663 utraque
3885 1604 3981 1644 vo·

2391 1676 2603 1735 luntate
2631 1678 2881 1752 intelligi,
2915 1694 3038 1736 nam
3067 1680 3220 1751 prior
3249 1678 3555 1735 necessaria
3595 1686 3682 1735 est
3721 1686 3982 1751 tanquam

2390 1767 2804 1826 fundamentum
2833 1776 2988 1827 actus
3020 1772 3294 1842 praecepti
3321 1812 3338 1842 ,
3385 1776 3448 1827 ut
3475 1768 3562 1826 ille
3599 1776 3757 1827 actus
3789 1770 3983 1826 huma-

2390 1875 2496 1915 nus
2527 1860 2597 1916 sit
2623 1865 2679 1917 et
2703 1862 2931 1917 materia
2968 1860 3269 1933 praecepti.
3303 1860 3576 1917 Posterior
3615 1866 3797 1917 autem
3823 1861 3985 1917 etiam

2387 1949 2609 2007 videtur
2638 1954 2979 2025 necessaria,
3012 1957 3074 2008 ut
3113 1951 3421 2009 observatio
3461 1953 3739 2024 praecepti
3767 1952 3986 2009 moralis

2391 2043 2488 2113 sit,
2519 2048 2576 2097 et
2605 2046 2665 2098 ut
2691 2044 2869 2114 possit
2895 2058 3015 2100 esse
3040 2042 3270 2100 effectus
3300 2042 3432 2116 legis
3463 2058 3562 2099 seu
3592 2044 3897 2116 praecepti,
3927 2049 3987 2100 et

2387 2140 2453 2189 ut
2501 2134 2678 2205 possit
2725 2134 2828 2205 ipsi
2866 2132 3068 2190 homini
3110 2132 3380 2205 attribui,
3419 2131 3618 2207 alioqui
3657 2136 3802 2190 enim
3844 2147 3982 2191 casu

2389 2228 2606 2280 tantum
2633 2222 2882 2297 accidet,
2914 2230 2978 2281 ut
3005 2230 3165 2281 actus
3195 2224 3264 2281 sit
3290 2224 3589 2281 conformis
3619 2231 3935 2297 praecepto.

2467 2317 2523 2371 6.
2553 2313 2712 2370 Circa
2741 2319 3034 2387 utramque
3075 2320 3256 2372 autem
3299 2322 3513 2387 partem
3553 2318 3802 2373 occurrit
3840 2315 3981 2372 diffl-

2391 2402 2592 2460 cultas.
2637 2405 2798 2461 Circa
2836 2404 3062 2475 primam
3087 2446 3102 2477 ,
3142 2405 3274 2478 quia
3313 2405 3527 2462 videtur
3568 2404 3844 2463 interdum
3881 2407 3982 2462 im·

2390 2494 2524 2565 pleri
2553 2500 2908 2566 praeceptum
2935 2511 3032 2566 per
3063 2500 3248 2551 actum
3274 2494 3479 2551 sactum
3519 2495 3634 2551 sine
3679 2512 3782 2553 usu
3813 2496 3978 2552 ratio-

2390 2586 2503 2656 nis,
2534 2599 2597 2640 ac
2627 2583 2849 2656 proinde
2877 2600 2986 2642 non
3008 2584 3378 2642 voluntarium
3399 2582 3636 2643 humano
3663 2586 3846 2655 modo„
3873 2586 3981 2643 Sed

2393 2674 2459 2731 de
2500 2674 2602 2731 hac
2644 2673 2972 2732 difficultate
3025 2675 3276 2732 dicemus
3315 2678 3466 2733 circa
3505 2678 3855 2733 assertionem
3899 2692 3985 2733 se-

2391 2770 2671 2837 quentem.
2705 2765 2866 2822 Circa
2893 2763 3120 2822 alteram
3143 2772 3353 2837 partem
3375 2764 3609 2824 dubitari
3633 2773 3831 2839 potest,
3855 2767 3986 2839 quia

2391 2856 2642 2929 sequitur
2667 2871 2736 2913 ex
2763 2856 2890 2927 illa,
2917 2855 2987 2912 ad
3015 2855 3444 2913 observationem
3487 2858 3764 2929 praecepti
3793 2872 3982 2913 neces-

2393 2946 2600 3001 sarium
2639 2960 2760 3001 esse
2801 2945 3084 3002 formalem
3125 2952 3312 3002 actum
3352 2934 3684 3003 obedientiae
3711 2988 3728 3021 ,
3764 2946 3982 3004 scilicet

2390 3034 2604 3094 volendi
2631 3050 2823 3109 parere
2851 3044 3144 3108 praecepto
3170 3076 3186 3109 ,
3227 3037 3377 3110 quod
3419 3036 3716 3094 absurdum
3754 3044 3873 3105 est,
3917 3043 3976 3093 et

2391 3132 2584 3183 contra
2611 3142 2820 3183 omnes.
2851 3124 3053 3184 Deinde
3081 3128 3362 3200 sequitur,
3395 3128 3610 3199 operari
3638 3142 3768 3184 cum
3797 3127 3981 3200 displi-

2392 3218 2566 3274 centia
2593 3218 2874 3290 praecepti
2905 3234 3122 3290 semper
3149 3234 3270 3274 esse
3297 3224 3590 3289 peccatum
3615 3258 3631 3291 ,
3672 3219 3744 3274 ita
3781 3224 3844 3276 ut
3869 3234 3981 3273 non

2390 3306 2684 3380 impleatur
2705 3313 3085 3380 praeceptum,
3100 3307 3250 3380 quod
3269 3308 3433 3365 etiam
3456 3307 3847 3366 admittendum
3871 3324 3984 3366 non

2391 3404 2509 3469 est3
2543 3413 2668 3453 nam
2694 3398 2788 3471 qui
2817 3396 2912 3455 dat
2937 3399 3370 3473 eleemosynam,
3402 3400 3614 3455 etiamsi
3641 3416 3770 3457 cum
3797 3398 3985 3472 displi-

2392 3487 2568 3565 centia
2593 3487 2643 3545 id
2673 3488 2854 3558 saciat,
2869 3496 3052 3545 servat
3078 3495 3454 3562 praeceptum.
3485 3489 3566 3547 Ad
3596 3493 3834 3562 priorem
3857 3507 3984 3562 par-

2392 3584 2501 3635 tem
2542 3578 2844 3650 respondeo
2896 3578 3144 3652 negando
3187 3580 3460 3652 sequelam
3486 3621 3502 3651 ,
3542 3582 3670 3654 quia
3711 3579 3861 3637 aliud
3898 3589 3988 3639 est

2391 3668 2528 3725 velle
2555 3667 2756 3737 facere,
2778 3667 2927 3741 quod
2954 3675 3308 3741 praeceptum
3329 3676 3434 3743 est,
3449 3669 3592 3727 aliud
3616 3670 3752 3727 velle
3775 3670 3980 3744 iacere,

2394 3762 2525 3834 quia
2553 3768 2911 3832 praeceptum
2937 3767 3051 3831 est,
3083 3761 3160 3817 ita
3189 3767 3255 3817 ut
3292 3759 3426 3817 illud
3455 3761 3525 3817 sit
3560 3762 3826 3819 motivum
3855 3777 3984 3833 ope-

2394 3850 2569 3907 randi.
2602 3852 2850 3907 Primum
2877 3849 3136 3922 dicimus,
3169 3866 3290 3907 esse
3319 3852 3708 3923 necessarium,
3748 3858 3803 3908 et
3829 3852 3987 3909 suffl-

2394 3944 2603 3999 cienter
2625 3940 2760 4011 fieri,
2776 3956 2842 3998 eo
2865 3942 2984 4013 ipso
3013 3940 3160 4014 quod
3175 3956 3282 3997 non
3299 3942 3584 4014 ignoratur
3607 3950 3982 4015 praeceptum,

2396 4038 2452 4089 et
2481 4032 2736 4089 voluntas
2765 4030 2885 4087 vult
2914 4029 3080 4104 illud,
3112 4030 3259 4104 quod
3287 4032 3500 4089 iussum
3528 4038 3632 4089 est.
3658 4033 3772 4089 Hoc
3802 4038 3984 4089 autem

2392 4137 2504 4179 non
2529 4129 2616 4179 est
2643 4120 2922 4178 sufficiens
2960 4120 3026 4177 ad
3069 4121 3354 4177 formalem
3396 4129 3587 4179 actum
3629 4121 3982 4195 obedientiae,

2393 4213 2488 4270 sed
2517 4213 2886 4269 necessarium
2921 4218 3006 4267 est
3043 4210 3350 4283 secundum
3375 4254 3390 4285 ,
3431 4212 3480 4269 id
3520 4218 3646 4283 est,
3687 4212 3987 4271 formaliter

2393 4304 2605 4376 operari
2631 4319 2698 4360 ex
2727 4303 2818 4360 tali
2848 4304 3071 4373 motivo,
3102 4302 3248 4375 quod
3277 4302 3392 4359 sine
3417 4301 3580 4360 dubio
3608 4306 3981 4361 necessarium

2393 4411 2502 4452 non
2531 4401 2616 4451 est
2640 4394 3090 4467 adpraeceptum
3126 4392 3494 4466 implendum,
3540 4394 3667 4467 quia
3703 4410 3886 4469 neque
3928 4397 3983 4450 in

2392 4486 2514 4560 lege
2541 4486 2656 4557 ipsa
2683 4484 2788 4542 hoc
2817 4483 3154 4556 praecipitur
3179 4526 3194 4558 ‚
3233 4500 3336 4541 nec
3365 4492 3451 4541 est
3479 4481 3590 4541 ulla
3619 4485 3754 4540 ratio
3785 4528 3797 4555 ,
3843 4500 3984 4557 quae

2394 4576 2464 4633 ad
2492 4575 2596 4633 hoc
2627 4574 2865 4648 obliget,
2906 4574 3063 4631 etita
3101 4574 3209 4631 rari
3251 4584 3382 4631 sunt
3405 4614 3422 4646 ,
3463 4574 3557 4647 qui
3587 4573 3688 4630 hoc
3719 4572 3881 4631 modo
3905 4573 3988 4629 sa-

2395 4669 2542 4724 ciant
2587 4681 2754 4738 opera
2803 4670 3224 4738 praeceptorum
3266 4664 3638 4737 naturalium,
3679 4664 3772 4722 sed
3813 4667 3988 4738 respi-

2396 4754 2589 4815 ciendo
2626 4754 2696 4812 ad
2736 4756 2982 4829 proprias
3021 4754 3332 4813 honestates
3375 4755 3717 4829 singulorum
3757 4771 3983 4830 praece-

2392 4854 2637 4919 ptorum.

2475 4942 2527 4998 7.
2558 4938 2640 4996 Ad
2667 4935 2892 4995 alteram
2918 4952 3048 4995 vero
3077 4944 3287 5010 partem
3312 4935 3703 5010 respondetur,
3730 4938 3983 4996 absolute

2395 5028 2640 5103 negando
2683 5028 2997 5102 sequelam,
3027 5043 3156 5084 nam
3193 5029 3248 5083 in
3289 5029 3474 5099 primis
3504 5042 3624 5084 esse
3663 5036 3846 5100 potest
3872 5029 3982 5086 dis·-

2394 5118 2646 5192 plieentia
2671 5117 2938 5191 quaedam
2967 5132 3114 5174 mere
3141 5117 3408 5175 naturalis
3437 5124 3556 5175 orta
3579 5133 3648 5175 ex
3681 5118 3862 5193 aliqua
3893 5135 3986 5178 re-

2395 5210 2691 5282 pugnantia
2719 5207 2982 5279 subiecti,
3010 5208 3094 5265 vel
3120 5224 3186 5265 ex
3209 5208 3392 5282 aliquo
3415 5206 3653 5265 humano
3674 5209 3980 5266 incommo-

2392 5298 2495 5372 do,
2525 5298 2675 5375 quod
2699 5299 2821 5358 inde
2847 5299 3127 5373 nascitur,
3163 5314 3302 5373 quae
3325 5298 3661 5372 displicentia
3688 5314 3864 5373 neque
3893 5307 3987 5358 est
