4325 6267
1745 303 1958 354 CAPUT
1983 305 2130 354 xvn
2139 333 2155 350 .

313 433 468 494 Unde
507 435 672 491 etiam
708 433 802 506 fit,
847 439 910 490 ut
949 431 1074 489 licet
1111 431 1328 502 hocius
1357 431 1425 489 sit
1449 430 1814 502 ordinarium,
1844 432 1900 486 in

309 525 580 600 aliquibus
616 524 838 582 casibus
887 523 1059 597 possit
1093 522 1350 580 sufficere
1380 522 1521 580 alius
1546 523 1747 581 modus
1775 538 1900 596 pro-

309 617 682 689 mulgationis,
717 621 780 673 ut
810 612 1028 688 quando
1053 615 1138 670 lex
1158 614 1333 670 fertur
1352 628 1449 687 per
1471 615 1796 670 sententiam
1819 613 1901 670 vel

309 708 600 781 epistolam
626 707 910 780 principis,
950 707 1084 780 quia
1112 703 1418 762 secundum
1442 704 1588 761 aliud
1609 720 1903 762 commune

313 799 394 854 ius
436 796 644 854 sufficit
680 797 830 854 illam
882 796 1147 869 publicari
1197 811 1466 853 successu
1508 799 1766 869 temporis
1808 811 1904 869 per

311 887 592 960 publicam
631 888 877 945 notitiam
919 894 975 944 et
1014 886 1243 959 samam,
1273 887 1356 942 vel
1389 903 1485 959 per
1511 887 1904 960 incorporatio-

311 994 436 1036 nem
473 980 528 1034 in
559 980 838 1035 communi
876 977 1128 1034 omnibus
1157 977 1290 1034 satis
1318 983 1467 1049 nota,
1499 977 1584 1034 vel
1613 977 1714 1034 alio
1744 976 1906 1034 simili

313 1070 508 1142 modo,
549 1070 644 1143 qui
682 1068 769 1126 vel
809 1067 1213 1126 consuetudine
1245 1069 1327 1124 vel
1356 1066 1538 1140 aliqua
1565 1067 1685 1141 lege
1711 1082 1908 1140 appro-

309 1162 472 1220 batus
505 1163 593 1219 sit.

387 1253 624 1310 Tandem
650 1265 720 1308 ex
745 1248 908 1307 dictis
945 1249 1250 1324 colligitur,
1289 1247 1425 1305 haec
1466 1264 1574 1306 non
1602 1249 1799 1306 habere
1829 1248 1908 1305 lo·

313 1361 447 1402 cum
489 1345 542 1400 in
569 1342 652 1400 his
678 1341 922 1416 regibus,
957 1343 1052 1414 qui
1088 1357 1199 1397 non
1229 1338 1544 1396 subduntur
1572 1339 1780 1412 legibus
1812 1339 1906 1396 im·

313 1433 482 1507 perii,
526 1433 652 1506 quia
688 1446 784 1489 eos
815 1448 922 1488 non
955 1429 1159 1502 obligat
1185 1429 1329 1487 dicta
1356 1428 1713 1502 Authentica3
1747 1444 1907 1501 opor-

315 1531 398 1582 tet
428 1539 563 1597 ergo
592 1521 884 1579 consulere
914 1523 1195 1593 proprium
1224 1535 1412 1592 regem
1441 1519 1525 1576 vel
1554 1517 1907 1576 consuetudi·

314 1631 461 1673 nem.
493 1615 626 1671 Nam
654 1615 774 1668 iure
803 1610 942 1668 civili
975 1611 1126 1684 regio
1150 1611 1316 1667 statui
1339 1615 1540 1682 potest,
1566 1616 1632 1666 ut
1655 1623 1761 1666 una
1784 1624 1910 1681 pro-

315 1704 581 1778 mulgatio
608 1703 666 1759 in
694 1701 850 1758 curia
868 1745 883 1772 ,
919 1699 1005 1756 vel
1033 1702 1087 1756 in
1115 1700 1240 1757 loco
1271 1715 1302 1756 a
1329 1714 1458 1772 rege
1485 1698 1770 1771 designato
1796 1698 1912 1754 sus-

315 1796 490 1867 ficiam
519 1794 676 1868 quia,
707 1799 772 1850 ut
803 1791 931 1862 dixi,
965 1791 1070 1847 hoc
1099 1796 1320 1863 nonest
1345 1796 1543 1846 contra
1573 1790 1660 1846 ius
1687 1795 1911 1845 natura-

315 1886 398 1957 le,
441 1901 548 1942 nou
589 1883 772 1942 solum
815 1881 998 1955 quoad
1025 1879 1270 1936 diversas
1299 1878 1608 1952 provincias
1636 1880 1800 1936 unius
1827 1894 1914 1934 re-

315 1979 439 2050 gni,
481 1973 578 2033 sed
617 1973 778 2031 etiam
832 1969 1014 2046 quoad
1042 1971 1188 2027 varia
1215 1985 1404 2044 regna,
1436 1984 1576 2042 quae
1605 1974 1814 2026 tantum
1843 1983 1911 2026 ex

319 2065 590 2125 accidenti
630 2064 734 2122 sub
762 2078 873 2120 uno
913 2076 1039 2139 rege
1065 2055 1318 2118 militant.
1350 2058 1698 2132 Regulariter
1725 2064 1912 2117 autem

317 2157 598 2217 credimus
625 2171 735 2212 non
771 2153 844 2210 ita
873 2153 1007 2224 fieri,
1038 2153 1169 2226 quia
1189 2166 1316 2208 raro
1336 2151 1499 2208 etiam
1523 2150 1607 2206 vel
1631 2165 1915 2224 nunquam

321 2265 431 2306 una
455 2246 760 2319 eademque
792 2244 876 2301 lex
906 2242 1066 2300 simul
1097 2257 1196 2314 pro
1228 2240 1481 2298 omnibus
1511 2241 1696 2313 regnis
1724 2239 1914 2296 huius-

321 2337 468 2397 modi
503 2337 710 2410 sertin-3
741 2333 992 2408 quamvis
1031 2332 1158 2390 ferri
1185 2347 1294 2388 non
1321 2339 1611 2405 repugnet,
1641 2332 1689 2388 si
1716 2330 1916 2405 alioqui

324 2446 424 2504 pro
467 2427 722 2487 omnibus
773 2427 914 2483 iusta
953 2425 1046 2480 sit.
1089 2424 1226 2480 Nam
1267 2420 1334 2478 de
1375 2423 1637 2494 potestate
1664 2421 1920 2481 absoluta

323 2520 468 2596 regis
495 2527 686 2592 posset
715 2533 821 2574 una
849 2515 1217 2589 publicatione
1245 2529 1345 2586 pro
1375 2513 1627 2571 omnibus
1653 2514 1838 2587 regnis
1863 2514 1915 2570 in

325 2611 482 2668 curia
521 2609 672 2679 regia
709 2605 1008 2680 publicari,
1047 2604 1178 2678 quia
1218 2619 1326 2660 non
1352 2611 1436 2660 est
1461 2603 1754 2661 intrinsece
1783 2605 1920 2660 iniu-

327 2709 500 2772 stum,
534 2715 640 2756 nec
673 2705 873 2756 contra
893 2703 1146 2754 naturam
1169 2695 1322 2768 legis.
1348 2694 1626 2752 Interdum
1649 2711 1780 2752 vero
1799 2710 1920 2754 esse

328 2797 512 2865 potest
553 2796 751 2848 contra
791 2785 1084 2862 specialem
1115 2785 1510 2843 institutionem
1537 2793 1594 2842 et
1618 2784 1798 2842 sorum
1827 2785 1922 2841 ali·

329 2885 494 2940 cuius
521 2881 706 2954 regni,
738 2877 890 2954 quod
921 2893 1016 2934 rex
1048 2892 1268 2933 servare
1298 2882 1538 2945 tenetur,
1569 2877 1700 2949 quia
1727 2875 1833 2932 sub
1857 2891 1922 2932 ea

329 2972 638 3030 conditione
667 2971 887 3027 videtur
914 2973 1234 3040 potestatem
1265 2965 1564 3037 accepisse.
1597 2967 1668 3022 Et
1695 2979 1923 3039 genera·

331 3065 422 3122 tim
447 3061 742 3136 loquendo,
766 3057 1175 3117 convenientius
1188 3062 1296 3127 est,
1315 3061 1377 3112 ut
1392 3055 1750 3128 promulgatio
1765 3056 1922 3110 suavi

333 3151 494 3211 modo
525 3153 616 3209 fiat
644 3152 696 3208 in
723 3164 1062 3224 unoquoque
1085 3163 1277 3220 regno.
1303 3148 1448 3203 Intra
1471 3146 1610 3202 idem
1632 3152 1814 3203 autam
1837 3160 1926 3201 re-

333 3259 504 3318 gnum
545 3241 760 3299 facilius
801 3246 984 3314 potest
1010 3255 1119 3296 una
1147 3236 1512 3311 promulgatio
1539 3234 1796 3312 sufficere
1825 3250 1924 3308 pro

332 3334 584 3392 omnibus
622 3331 952 3404 provinciis,
996 3329 1129 3403 quia
1158 3327 1332 3384 maior
1358 3333 1442 3384 est
1470 3327 1846 3383 convenientia
1873 3331 1929 3383 et

333 3423 754 3482 communicatio
793 3423 933 3478 inter
959 3418 1102 3477 illas.
1135 3416 1288 3476 Unde
1315 3419 1372 3472 in
1398 3416 1581 3491 rigore
1607 3417 1662 3474 id
1690 3415 1924 3488 sufficit,

335 3514 434 3570 nisi
463 3513 609 3570 aliud
637 3513 711 3569 sit
737 3507 1136 3569 consuetudine
1159 3505 1557 3564 introductum.
1584 3505 1720 3575 Quid
1743 3513 1926 3564 autem

336 3604 404 3660 de
444 3603 652 3677 tegssms
693 3600 973 3660 canonicis
1011 3599 1348 3656 censendum
1377 3599 1482 3672 sit,
1511 3597 1647 3654 libro
1678 3598 1925 3672 sequenti

335 3695 607 3753 dicemus.

848 3840 1126 3912 CAPUT
1155 3839 1340 3910 XVII
1347 3891 1364 3910 .

343 3977 604 4058 Quando
632 3982 689 4035 et
712 3973 1000 4051 quomodo
1027 3975 1283 4049 incipiat
1307 3972 1574 4048 obligare
1599 3988 1675 4031 ex
1700 3978 1930 4032 natura

411 4085 530 4128 sua
563 4067 661 4126 lex
699 4065 918 4134 civilis,
945 4069 1269 4140 postquam
1295 4068 1382 4121 est
1407 4061 1773 4137 sufficienter
1791 4080 1935 4140 pro-

411 4159 707 4234 mulgata.

895 4272 1378 4339 summarium

343 4395 392 4458 1'.
419 4407 595 4458 Status
620 4401 950 4468 quaestionis.
976 4427 1047 4436 -—
1064 4397 1116 4449 2.
1139 4397 1322 4462 Opinio
1337 4397 1632 4458 multorum,
1656 4396 1822 4460 legem
1837 4395 1934 4449 hu-

407 4487 604 4526 manam
632 4475 862 4537 obligare
891 4473 942 4522 in
965 4475 1077 4520 toto
1102 4467 1388 4530 territori0,
1415 4467 1587 4518 statim
1613 4479 1672 4516 ac
1697 4465 1857 4518 fuerit
1882 4470 1936 4519 in

409 4547 522 4598 loco
540 4550 860 4609 competente
881 4540 1220 4606 promulgata.
1235 4565 1304 4574 —
1323 4538 1376 4588 3.
1391 4535 1665 4589 Refutatur
1683 4535 1806 4588 haec
1829 4539 1936 4603 opi-

408 4617 512 4667 nio.
540 4643 610 4652 —
633 4616 685 4666 4.
716 4614 882 4664 Prima
918 4610 1196 4662 conclusio.
1223 4634 1293 4644 —-
1319 4608 1370 4658 5.
1398 4607 1628 4658 Secunda
1653 4610 1932 4661 conclusio.

407 4687 512 4738 Lex
537 4685 716 4749 incipit
750 4684 980 4746 obligare
1015 4694 1108 4745 pro
1131 4678 1374 4744 prudenti
1400 4677 1618 4730 arbitrio
1644 4678 1784 4729 iuxta
1813 4685 1937 4730 tem-

409 4772 505 4823 pus
523 4755 787 4807 moraliter
805 4752 1168 4814 necessarium,
1191 4757 1251 4800 ut
1272 4749 1457 4800 notitia
1477 4748 1606 4810 legis
1624 4744 1802 4799 haberi
1823 4763 1938 4813 pos-

409 4829 496 4880 sit.
510 4853 580 4863 -
604 4827 657 4878 6.
684 4821 1035 4890 Respondctur
1055 4819 1350 4872 obiectioni.
1364 4846 1436 4855 —
1450 4818 1499 4869 7.
1527 4817 1754 4868 Primum
1771 4819 1937 4870 corol-

411 4899 616 4949 larium.
630 4895 762 4945 —8.
784 4892 1069 4944 Secundum
1089 4889 1435 4943 corollarium.
1449 4915 1518 4926 —-
1531 4887 1583 4938 9.
1605 4887 1838 4938 Tertium
1855 4903 1940 4941 co-

410 4967 779 5020 rollarium.—
793 4963 878 5015 10.
905 4963 1152 5026 Quartum
1177 4960 1524 5012 corollarium.
1546 4959 1724 5011 -11.
1757 4959 1938 5010 Obvia-

408 5047 499 5092 tur
527 5037 704 5088 dubio.

427 5154 476 5209 1.
506 5147 766 5217 Quamvis
794 5145 878 5206 lox
905 5142 958 5200 in
989 5142 1168 5216 aliquo
1199 5141 1324 5198 loco
1352 5139 1720 5215 promulgata,
1743 5155 1939 5198 conse·

343 5247 573 5317 quenter
602 5239 672 5295 sit
699 5236 750 5294 in
777 5251 880 5292 suo
907 5249 1029 5292 esse
1056 5232 1400 5290 sufficienter
1420 5231 1742 5306 constituta,
1766 5236 1823 5288 et
1843 5229 1938 5288 ha-

3362 285 3483 356 221

1969 430 2094 488 beat
2129 430 2241 486 vim
2278 429 2345 488 ad
2388 429 2773 506 obligandum,
2812 445 2923 489 non
2952 429 3075 489 inde
3104 429 3293 489 statim
3319 437 3559 507 constat,

1971 536 2134 592 posse
2176 522 2354 579 subito
2394 528 2567 581 totam
2606 525 2915 597 regionem,
2946 539 3046 596 pro
3074 539 3184 599 qua
3212 524 3407 597 fertur,
3438 524 3569 583 obli-

1973 626 2125 685 gare.
2158 614 2293 669 Nam
2323 611 2452 670 licet
2477 629 2646 686 agens
2674 613 2823 671 sitin
2850 629 2909 669 se
2937 613 3177 686 perfecte
3198 614 3561 673 constitutum

1974 717 2104 758 cum
2131 702 2295 774 plena
2320 703 2523 760 virtute
2552 705 2769 778 agendi,
2801 720 2911 760 non
2934 719 3151 776 semper
3173 712 3358 778 potest
3380 706 3565 764 statim

1975 807 2038 848 ac
2081 793 2262 850 subito
2304 795 2519 867 operari
2560 794 2613 850 in
2642 795 2959 868 propinquis
2986 802 3042 852 et
3069 797 3289 853 remotis
3320 796 3566 870 partibus

1974 883 2240 955 sphaerae
2281 900 2433 941 suae.
2480 885 2561 942 Ob
2602 884 2742 942 hanc
2783 901 2916 958 ergo
2959 901 3183 943 causam
3222 886 3288 944 de
3316 887 3433 960 lege
3460 889 3569 944 iam

1975 974 2312 1031 sufficienter
2340 975 2644 1032 constituta
2672 975 3021 1050 inquirimus,
3052 992 3119 1033 an
3150 979 3330 1034 statim
3368 977 3571 1051 obliget

1973 1063 2026 1120 in
2055 1071 2173 1121 tota
2200 1080 2301 1121 sua
2331 1065 2581 1138 sphaera,
2612 1067 2697 1123 vel
2728 1083 2839 1139 qua
2868 1068 3223 1125 successione
3252 1084 3409 1125 suam
3436 1069 3568 1126 obli-

1979 1154 2249 1227 gationem
2294 1156 2451 1228 quasi
2489 1154 2773 1214 diffundat.
2822 1157 3082 1230 suppono
3122 1163 3305 1214 autem
3334 1159 3387 1214 in
3416 1175 3571 1230 prae-

1976 1243 2145 1315 senti,
2176 1242 2353 1300 solum
2393 1259 2513 1302 esse
2532 1245 2853 1304 'sermonem
2884 1247 2949 1304 de
2977 1246 3094 1320 lege
3123 1247 3481 1319 praecipiente
3510 1255 3597 1309 ut.

1976 1333 2087 1405 sic,
2131 1341 2401 1406 quantum
2444 1335 2509 1392 ad
2553 1336 2809 1393 effectum
2850 1336 3154 1413 obligandi,
3198 1337 3279 1393 vel
3318 1339 3567 1412 cogendi,

1979 1426 2109 1498 quia
2135 1424 2205 1482 de
2236 1425 2353 1481 aliis
2382 1426 2669 1484 effectibus
2701 1427 2949 1485 irritandi
2978 1435 3163 1500 actus,
3194 1427 3566 1487 inhabilitandi

1977 1529 2259 1588 personas,
2290 1522 2348 1573 et
2373 1515 2665 1574 revocandi
2686 1504 2911 1589 'priores
2941 1518 3108 1592 leges,
3141 1518 3323 1588 dandi,
3356 1520 3438 1577 vel
3466 1535 3565 1576 au·

1979 1604 2187 1663 serendi
2216 1607 2518 1681 privilegia,
2547 1614 2677 1665 sunt
2696 1608 3002 1680 peculiares
3024 1609 3406 1681 difficultates,
3431 1626 3571 1684 quae

1982 1695 2116 1752 infra
2146 1699 2263 1754 suis
2290 1695 2427 1753 locis
2457 1698 2770 1756 tractandae
2801 1708 2948 1758 sunt.
2983 1702 3171 1758 Potest
3195 1708 3378 1759 autem
3403 1716 3570 1775 quae-

1980 1787 2085 1843 stio
2128 1786 2265 1844 haec
2310 1789 2535 1844 tractari
2562 1789 2645 1846 vel
2674 1804 2739 1845 ex
2768 1789 2885 1846 sola
2910 1791 2985 1846 rei
3014 1797 3229 1863 natura,
3262 1797 3320 1848 et
3347 1791 3568 1849 secluso

1981 1863 2277 1934 omni'iure
2298 1878 2553 1949 positivo,
2581 1880 2933 1954 omniumque
2953 1882 3177 1954 speciali
3200 1881 3479 1939 voluntate
3500 1882 3574 1938 le-

1982 1966 2278 2041 gislatoris,
2311 1968 2397 2024 vel
2422 1967 2684 2025 adiuncta
2712 1969 2814 2027 hac
2844 1970 3147 2042 voluntate,
3175 1977 3273 2028 aut
3299 1973 3577 2029 communi

1981 2058 2099 2115 iure
2132 2059 2387 2129 positivo.
2942 2115 2948 2122 .
3507 2100 3513 2110 ·

2061 2152 2115 2206 2.
2148 2149 2329 2206 Primo
2356 2151 2558 2223 igitur,
2591 2149 2864 2225 loquendo
2891 2167 2957 2208 ex
2985 2158 3182 2210 natura
3207 2153 3315 2224 rei,
3344 2161 3431 2211 est
3462 2156 3575 2226 opi-

1983 2237 2072 2294 nio
2112 2238 2447 2311 multorum,
2489 2239 2667 2313 legem
2706 2241 3001 2299 humanam
3041 2242 3226 2300 statim
3264 2259 3329 2300 ac
3359 2244 3575 2317 publice

1984 2328 2387 2402 promulgatam
2428 2330 2479 2386 in
2521 2330 2649 2388 loco
2688 2338 3069 2405 competente,
3110 2333 3351 2409 obligare
3378 2335 3431 2390 in
3461 2340 3573 2392 toto

1985 2419 2296 2490 territorio,
2337 2422 2393 2476 in
2430 2436 2541 2493 quo
2570 2428 2753 2493 potest
2782 2421 3047 2496 obligare,
3079 2423 3229 2480 iuxta
3254 2429 3578 2496 potestatem

1987 2516 2043 2566 et
2069 2510 2501 2568 iurisdictionem
2532 2511 2877 2585 legislatoris,
2906 2513 3011 2570 nisi
3040 2529 3138 2586 per
3166 2515 3347 2587 ipsum
3365 2512 3579 2590 legisla-

1988 2606 2167 2658 torem
2208 2601 2596 2675 suspendatur,
2626 2603 2711 2660 vel
2737 2602 3020 2662 differatur
3046 2603 3325 2680 obligatio.
3356 2607 3471 2662 Hoc
3501 2606 3580 2660 vi-

1987 2689 2187 2749 dentur
2212 2708 2521 2766 supponere
2541 2697 2911 2754 communiter
2932 2695 3188 2754 doctores
3209 2701 3390 2754 statim
3406 2699 3579 2755 citan-

1989 2779 2075 2853 di,
2106 2784 2203 2855 qui
2233 2785 2496 2855 temporis
2525 2784 2831 2842 dilationem
2860 2787 2915 2842 in
2943 2785 3045 2843 hac
3076 2786 3397 2860 obligatione
3426 2787 3578 2846 iuxta

1991 2870 2331 2930 voluntatem
2358 2873 2681 2946 legislatoris
2709 2876 2792 2932 vel
2818 2877 2901 2932 ius
2924 2879 3217 2948 positivum
3245 2886 3443 2951 putant
3460 2895 3580 2937 esse

1992 2962 2382 3036 regulandam,
2427 2979 2553 3021 nam
2593 2965 2713 3022 iude
2754 2967 2938 3034 inferri
2966 2967 3205 3042 videtur,
3236 2967 3452 3026 seclusa
3480 2969 3581 3026 hu-

1990 3053 2229 3112 iusmodi
2258 3059 2415 3137 quasi
2445 3058 2798 3129 suspensione
2827 3059 3078 3131 positiva,
3102 3059 3276 3133 legem
3300 3060 3366 3117 de
3390 3077 3447 3117 se
3470 3067 3579 3119 sta-

1994 3147 2092 3203 tim
2135 3145 2338 3218 ubique
2379 3145 2643 3220 obligare.
2690 3149 2759 3204 Et
2796 3151 2931 3206 ratio
2960 3164 3079 3206 esse
3108 3157 3307 3222 potest,
3338 3152 3468 3224 quia
3496 3152 3581 3210 lex

1995 3235 2331 3293 sufficienter
2370 3237 2715 3312 promulgata
2752 3245 2840 3296 est
2881 3240 3122 3312 perlecta
3164 3240 3278 3308 lex,
3327 3247 3384 3298 et
3422 3241 3585 3299 habet

1995 3328 2176 3384 omnia
2220 3327 2485 3400 requisita
2520 3329 2589 3384 ad
2617 3329 2997 3402 obligandum,
3029 3337 3087 3386 et
3114 3337 3197 3387 est
3224 3335 3381 3405 quasi
3412 3347 3579 3404 agens

1997 3417 2281 3490 naturale,
2321 3415 2469 3490 quod
2499 3419 2679 3475 statim
2706 3420 2841 3493 agit,
2870 3426 3139 3492 quantum
3166 3427 3369 3494 potest.
3404 3425 3583 3495 Atque

1997 3508 2120 3565 hinc
2149 3523 2181 3564 a
2208 3507 2418 3565 fortiori
2450 3509 2728 3580 sequitur,
2759 3510 2803 3566 si
2824 3510 3101 3582 legislator
3122 3527 3377 3585 expresse
3397 3511 3582 3569 decla·

1999 3605 2117 3669 ret,
2165 3613 2223 3653 se
2265 3597 2399 3653 velle
2440 3599 2623 3655 statim
2662 3599 2901 3672 obligare
2930 3603 3045 3656 sine
3076 3601 3187 3657 ulla
3214 3617 3367 3658 mora
3393 3617 3424 3658 a
3452 3617 3580 3673 pro·

1999 3687 2335 3761 mulgatione
2354 3729 2370 3757 ,
2402 3688 2583 3746 statim
2611 3688 2853 3762 obligare
2880 3689 2973 3747 illo
3002 3689 3186 3764 modo,
3218 3692 3347 3766 quia
3372 3693 3415 3748 si
3444 3693 3580 3750 taci-

2003 3779 2237 3836 turnitas
2258 3778 2340 3836 vel
2368 3780 2581 3852 negatio
2604 3779 2977 3852 suspensionis
3006 3781 3234 3854 sufficit,
3261 3789 3321 3840 ut
3342 3783 3427 3841 lex
3451 3783 3588 3840 obli-

2000 3877 2091 3944 get
2125 3876 2350 3942 propter
2375 3869 2706 3927 indefinitam
2742 3877 2797 3928 et
2824 3870 3157 3946 absolutam,
3187 3881 3251 3932 ut
3279 3874 3356 3930 sic
3382 3873 3582 3947 dicam,

2001 3957 2339 4017 voluntatem
2378 3959 2729 4034 legislatoris3
2774 3961 2949 4019 multo
2990 3963 3159 4036 magis
3210 3963 3451 4022 sufficiet
3496 3964 3589 4023 illa

1999 4051 2259 4109 voluntas
2288 4051 2361 4108 ita
2390 4066 2667 4123 expressa.
2699 4051 2770 4109 Et
2795 4069 2825 4109 e
2852 4054 3129 4110 contrario
3154 4054 3318 4111 etiam
3348 4055 3408 4112 fit
3448 4057 3588 4128 opti-

2002 4159 2152 4199 mum
2182 4147 2601 4216 argumentum,
2634 4157 2757 4198 nam
2781 4141 3061 4216 legislator
3085 4150 3267 4216 potest
3289 4145 3393 4202 hoc
3418 4147 3582 4203 modo

2002 4231 2273 4305 obligare,
2318 4232 2360 4287 si
2398 4231 2449 4288 id
2486 4247 2741 4304 expresse
2768 4233 2916 4301 velit,
2947 4240 3003 4290 et
3028 4233 3301 4307 declaret,
3332 4251 3468 4310 ergo
3497 4235 3585 4294 ille

2002 4321 2203 4379 modus
2244 4320 2517 4394 obligandi
2558 4337 2669 4378 non
2708 4328 2795 4379 est
2831 4329 3026 4380 contra
3064 4323 3326 4383 rationem
3364 4332 3587 4384 natura-

2003 4412 2141 4484 lem3
2174 4426 2307 4484 ergo
2334 4427 2399 4468 eo
2429 4412 2544 4483 ipso
2567 4454 2581 4482 ,
2612 4411 2759 4485 quod
2786 4412 2873 4469 lex
2900 4428 2997 4485 per
3028 4401 3364 4472 ¹voluntatem
3393 4416 3587 4474 huma-

2003 4517 2128 4560 nam
2166 4518 2276 4559 non
2317 4500 2610 4572 limitetur,
2641 4517 2741 4558 nec
2770 4502 3094 4576 impeditur,
3125 4505 3369 4563 absolute
3399 4507 3507 4563 lata
3532 4513 3589 4564 et

2003 4592 2355 4667 promulgata
2393 4593 2465 4648 ita
2500 4591 2780 4665 obligavit.
2812 4595 2991 4668 Atque
3020 4593 3126 4650 hoc
3158 4595 3321 4652 modo
3350 4603 3582 4668 possunt

2004 4687 2169 4742 etiam
2198 4701 2297 4757 pro
2325 4684 2430 4741 hac
2460 4684 2730 4742 sententia
2757 4682 2907 4741 citati
2938 4691 3195 4742 auctores
3218 4685 3482 4758 dicentes,
3512 4687 3586 4744 le·

2003 4793 2099 4851 ges
2139 4777 2400 4849 positivas
2442 4789 2697 4847 expresse
2737 4774 2983 4834 dicentes
3031 4791 3107 4832 ex
3146 4793 3337 4845 nunc,
3389 4776 3472 4834 vel
3512 4793 3589 4835 ex

2004 4873 2160 4935 tunc,
2198 4873 2297 4924 aut
2323 4864 2522 4938 aliquid
2544 4864 2913 4942 aequivalens,
2940 4872 3066 4938 post
3086 4864 3580 4940 promulgationem

2008 4958 2190 5015 statim
2230 4954 2466 5028 obligare
2494 4969 2713 5024 omnes,
2744 4969 2844 5010 seu
2872 4953 2923 5010 in
2956 4960 3075 5012 toto
3105 4956 3401 5014 territorio.
3432 4956 3586 5025 Quod

2005 5054 2154 5106 tenet
2192 5045 2381 5104 Glossa
2420 5047 2473 5102 in
2508 5044 2766 5103 clement.
2814 5049 2869 5103 2.
2912 5043 2979 5101 de
3017 5045 3273 5102 haeretic.
3310 5045 3473 5104 verbo
3510 5063 3587 5106 ex

2004 5143 2162 5204 tunc,
2200 5151 2366 5210 quam
2407 5133 2478 5191 ibi
2520 5139 2829 5208 sequuntur
2856 5133 3133 5206 doctores,
3163 5142 3219 5192 et
3246 5136 3581 5193 Panormita·

2006 5244 2111 5286 nus
2134 5227 2189 5285 in
2209 5241 2333 5299 cap.
2360 5229 2415 5284 2.
2442 5223 2509 5281 de
2534 5226 2758 5282 constit.
2791 5239 2847 5280 n.
2876 5225 2931 5298 7,
2952 5231 3012 5282 et
3032 5224 3100 5281 ibi
3122 5224 3339 5283 Felinus
3362 5241 3415 5282 n.
3449 5229 3502 5299 7,
3526 5227 3588 5284 li·
3686 5243 3709 5261 ··
