4325 6267
1754 275 1966 329 carm·
1990 278 2143 327 xm.

305 403 586 477 praelatus
617 403 873 463 ordinare
893 366 1140 463 subditos
1169 403 1474 463 secundum
1503 410 1712 462 rectam
1739 403 1902 459 ratio-

304 512 432 552 nem
483 495 551 553 ad
591 494 792 569 aliquid
835 495 1104 568 agendum
1129 537 1144 567 ,
1186 495 1522 553 sufficienter
1549 492 1900 568 proponendo

308 584 694 643 communitati
735 586 1074 643 voluntatem
1115 600 1305 656 suam,
1335 591 1392 642 et
1416 584 1766 646 nihilominus
1795 598 1904 641 non

311 675 458 733 serre
501 675 710 749 legem,
753 676 883 749 quia
922 691 1028 731 non
1066 674 1300 731 includit
1332 681 1688 748 praeceptum
1714 689 1904 747 perpe-

308 776 475 824 tuum
512 774 570 823 et
608 766 828 833 stabile,
857 764 1004 839 quod
1047 765 1283 823 diximus
1311 765 1514 839 requiri
1539 759 1608 823 a‘d
1637 766 1901 827 rationem

306 857 465 930 legis:
489 856 634 914 unde
655 864 768 915 tota
790 856 878 915 illa
901 857 1136 914 definitio
1166 858 1420 914 convenit
1439 864 1732 931 praecepto
1753 874 1904 915 com-

307 946 572 1003 munitati
607 945 986 1019 promulgato,
1030 946 1242 1003 etiamsi
1269 946 1338 1004 ad
1364 946 1504 1005 diem
1536 953 1747 1009 tantum
1774 964 1898 1021 pro-

309 1040 553 1109 positum
583 1037 672 1092 sit.
705 1035 786 1093 Ad
813 1035 960 1109 quod
990 1035 1114 1093 dico
1143 1036 1406 1108 breviter,
1437 1037 1522 1094 vel
1553 1036 1606 1094 d.
1637 1037 1902 1095 Thomam

310 1126 476 1183 latius
505 1125 804 1198 sumpsisse
833 1126 1004 1198 legem
1025 1166 1041 1195 ,
1069 1132 1126 1183 et
1153 1124 1257 1182 sub
1293 1125 1386 1183 illa
1421 1126 1902 1199 comprehendisse

309 1231 472 1273 omne
513 1214 826 1273 huiusmodi
857 1224 1245 1288 praeceptum,
1276 1216 1362 1273 vel
1388 1223 1541 1291 certe
1571 1216 1904 1289 particulam

311 1307 546 1378 primam
583 1307 660 1363 ita
687 1290 1084 1378 intelligendam
1107 1320 1228 1362 esse
1251 1347 1266 1377 ,
1297 1314 1362 1363 ut
1389 1305 1687 1364 ordinat-io
1715 1310 1903 1363 ratio-

311 1399 407 1453 n-is
436 1412 538 1469 pro
573 1396 666 1453 illa
705 1403 918 1452 tantum
938 1437 952 1465 ,
993 1411 1134 1470 quae
1177 1397 1379 1454 stabilis
1409 1413 1474 1454 ac
1502 1397 1771 1454 duratura
1796 1403 1898 1465 est,

312 1494 594 1543 sumatur.
623 1484 776 1545 Unde
815 1492 1004 1558 posset
1041 1486 1273 1544 sortasse
1308 1487 1533 1544 brevius
1573 1487 1648 1545 ita
1674 1486 1899 1551 definiri:

303 1580 418 1635 Lex
444 1582 532 1633 est
558 1591 863 1639 commune
883 1581 1270 1650 praeceptum
1287 1621 1300 1641 .
1336 1579 1576 1643 iustum,
1611 1594 1688 1635 ac
1715 1577 1901 1635 stabi·

301 1667 379 1736 Ie,
409 1664 766 1739 sufficienter
787 1664 1254 1741 promulyatwm.
1279 1666 1419 1724 Illud
1441 1668 1588 1724 enim
1613 1682 1786 1741 genus
1808 1683 1903 1740 po-

304 1760 420 1815 suit
445 1759 610 1815 etiam
656 1755 712 1813 d.
755 1756 986 1814 Thomas
1027 1772 1085 1830 q.
1129 1761 1226 1831 96,
1258 1764 1364 1814 art.
1403 1760 1452 1815 1.
1485 1757 1554 1815 ad
1581 1763 1638 1830 2,
1671 1765 1729 1815 et
1753 1760 1903 1815 Iure-

301 1848 600 1907 consultus
630 1847 668 1904 l.
706 1851 755 1906 1.
790 1846 856 1903 de
885 1846 1116 1919 legibus,
1150 1852 1206 1903 et
1232 1864 1328 1920 per
1371 1848 1502 1905 illud
1529 1848 1904 1907 excluduntur

303 1946 602 2014 praecepta
635 1937 1014 2011 particularia3
1044 1954 1143 2011 per
1169 1938 1300 1996 alias
1330 1955 1458 1997 vero
1487 1939 1788 2011 particulas
1816 1940 1901 1996 iu-

303 2034 568 2090 dicantur
595 2032 798 2100 omnia,
827 2044 968 2101 quae
998 2028 1048 2084 in
1077 2026 1195 2104 lege
1222 2028 1518 2087 desiderari
1546 2035 1807 2102 possunt,
1837 2037 1904 2088 ut

300 2121 464 2179 facile
493 2125 641 2195 patet
666 2117 1028 2176 consideranti
1055 2134 1124 2175 ex
1149 2118 1234 2175 his
1251 2161 1266 2188 ,
1297 2134 1438 2193 quae
1465 2118 1724 2177 diximus.

845 2278 1122 2366 CAPUT
1167 2296 1344 2365 xm.

615 2498 828 2556 Utrum
851 2488 1098 2567 effectus
1126 2508 1170 2551 a
1195 2492 1318 2569 leqe
1346 2495 1606 2553 intentus

691 2586 770 2641 sit
777 2582 995 2657 facere
1013 2582 1288 2641 subditos
1317 2583 1512 2642 bonos.

857 2784 1342 2851 summarium

297 2978 348 3026 1.
377 2975 613 3027 Effectus
646 2976 792 3038 legis.
823 3002 891 3011 —
915 2974 966 3025 2.
994 2974 1133 3025 Finis
1166 2974 1397 3027 intentus
1432 2986 1462 3023 a
1495 2974 1609 3037 lege
1632 2980 1712 3025 est
1737 2974 1903 3026 facere

368 3046 614 3097 subditos
637 3047 814 3097 bonos.
835 3072 906 3082 --
923 3042 974 3091 3.
1006 3044 1187 3107 Opinio
1217 3045 1414 3109 aliquot
1433 3043 1788 3096 themistarum
1805 3047 1905 3095 cir-

367 3130 432 3167 ca
457 3116 698 3167 effectum
725 3115 854 3178 logis
869 3146 884 3169 ‚
910 3114 1128 3165 faciendi
1153 3115 1353 3165 scilicet
1377 3116 1536 3166 bonos
1559 3114 1808 3166 subditos,
1833 3142 1904 3153 —-

369 3186 538 3249 Leges
570 3186 748 3237 civiles
782 3185 1006 3236 efficiunt
1039 3185 1178 3235 cives
1209 3186 1368 3236 bonos
1391 3190 1444 3235 et
1469 3186 1696 3236 civiliter
1718 3190 1773 3235 et
1796 3199 1902 3236 mo-

373 3258 582 3309 raliter.
618 3284 690 3292 —
723 3256 776 3306 4.
815 3256 964 3307 Ratio
995 3268 1024 3305 a
1059 3252 1239 3319 priori.
1265 3283 1336 3292 —
1371 3254 1421 3305 5.
1447 3255 1611 3318 Leges
1633 3256 1908 3307 canonicae

371 3326 574 3377 faciunt
617 3328 778 3377 honos
813 3326 1048 3377 subditos
1081 3326 1402 3389 simpliciter.
1440 3353 1511 3363 —
1542 3326 1594 3377 6.
1631 3325 1806 3425 Potest
1837 3338 1902 3377 ne

374 3398 458 3448 lex
481 3398 679 3448 servari
703 3409 796 3461 per
819 3404 992 3447 actum
1017 3397 1224 3447 malum.

387 3573 408 3628 1
425 3611 440 3627 .
457 3568 790 3643 Explicando
809 3574 1060 3625 naturam
1079 3568 1210 3641 legis
1230 3568 1344 3626 sere
1357 3583 1546 3625 omnes
1561 3568 1678 3625 eius
1699 3584 1899 3625 causas

299 3660 730 3718 declaravimus.
769 3660 948 3717 Primo
977 3658 1325 3732 efficientem,
1356 3660 1488 3733 quia
1507 3674 1628 3716 esse
1651 3658 1812 3719 debet
1833 3658 1900 3735 ab

295 3768 390 3824 ee,
421 3752 518 3825 qui
548 3756 878 3823 potestatem
904 3756 960 3807 et
984 3747 1420 3806 iurisdictionem
1449 3748 1664 3805 habeat.
1701 3749 1900 3807 Deinde

301 3840 640 3899 materialem
669 3840 826 3914 quasi
853 3838 1233 3910 subiectivam,
1257 3840 1385 3912 quia
1411 3854 1531 3895 esse
1553 3838 1716 3896 debet
1743 3841 1798 3895 in
1820 3840 1900 3895 in··-

301 3930 533 3988 tellectu
551 3972 565 3995 ,
605 3936 702 3987 aut
727 3928 1033 3999 voluntate,
1064 3927 1149 3985 vel
1178 3928 1230 3985 in
1257 3944 1612 4003 quacumque
1640 3944 1732 4003 re,
1759 3944 1899 4003 quae

300 4023 525 4093 signum
551 4020 700 4077 illius
729 4019 1026 4076 voluntatis
1054 4019 1226 4091 possit
1251 4018 1303 4076 in
1333 4035 1392 4075 se
1419 4019 1683 4092 recipere:
1707 4026 1762 4077 et
1784 4008 1898 4077 ma·

301 4111 550 4168 terialem
577 4112 735 4183 quasi
763 4110 1082 4167 obiectivam
1100 4150 1116 4181 ,
1141 4110 1272 4183 quia
1297 4124 1420 4167 esse
1446 4108 1606 4168 debet
1629 4100 1698 4167 de
1718 4127 1778 4167 re
1801 4111 1898 4168 ho-

299 4209 492 4271 nesta,
535 4207 592 4257 et
631 4199 784 4256 circa
825 4198 1095 4257 subditos.
1141 4198 1447 4257 For-malem
1477 4201 1641 4257 etiam
1671 4216 1898 4258 causam

299 4290 694 4362 exposuimuS,
727 4287 1052 4347 declarando
1091 4288 1344 4362 modum,
1383 4306 1494 4363 quo
1537 4289 1621 4347 lex
1653 4290 1778 4347 ferri
1805 4291 1898 4349 de-

298 4382 424 4451 bet,
445 4388 506 4439 et
527 4380 885 4454 promulgari.
910 4379 1149 4452 Denique
1171 4380 1382 4437 finalem
1403 4382 1564 4437 etiam
1589 4382 1894 4454 attigimus,

299 4489 438 4531 cum
458 4471 712 4542 diximuS,
737 4469 914 4543 legem
935 4469 1130 4526 dehere
1155 4469 1282 4527 ferri
1304 4486 1404 4543 pro
1423 4472 1706 4527 communi
1728 4470 1894 4545 bono,

295 4564 434 4637 quia
459 4579 590 4621 vero
619 4563 740 4618 finis
767 4576 897 4618 cum
918 4561 1116 4618 effectu
1137 4560 1418 4632 coincidit,
1446 4575 1549 4616 non
1575 4561 1763 4633 potuit
1781 4564 1900 4618 sine

297 4655 397 4711 illo
423 4654 578 4725 plene
607 4652 887 4725 explicari.
917 4653 1018 4709 llic
1046 4642 1178 4724 ergo
1205 4651 1496 4723 incipimus
1525 4651 1590 4708 de
1611 4653 1898 4711 effectibus

297 4752 572 4817 tractare,
600 4752 657 4802 et
685 4743 845 4800 simul
873 4743 1181 4800 innotescet
1196 4741 1442 4815 ‘amplius
1469 4742 1590 4798 finis
1623 4743 1776 4817 legis,
1805 4744 1901 4817 qui

293 4844 392 4894 est
418 4834 663 4907 probitas
689 4842 746 4891 et
771 4832 1026 4890 honestas
1055 4831 1432 4905 subditorum,
1461 4838 1517 4889 et
1542 4832 1667 4891 ideo
1698 4832 1766 4889 ab
1793 4832 1898 4890 hoc

291 4926 540 5003 generali
569 4925 772 4982 effectu
800 4922 1108 4995 incipimus.

379 5018 539 5073 Ratio
575 5029 710 5087 ergo
741 5010 1023 5070 dubitandi
1062 5026 1180 5068 esse
1207 5018 1417 5085 potest,
1447 5014 1578 5086 quia
1607 5010 1694 5071 lex
1719 5011 1898 5071 divina

294 5124 408 5165 non
446 5106 609 5163 babet
646 5105 795 5161 hunc
829 5104 1118 5171 effectum3
1157 5118 1290 5175 ergo
1319 5101 1495 5159 multo
1524 5104 1710 5161 minus
1738 5102 1891 5161 aliae.

295 5196 643 5257 Anteccdens
684 5200 870 5269 patet,
912 5194 1040 5267 quia
1080 5193 1160 5250 lex
1202 5191 1404 5265 divina,
1435 5199 1500 5251 ut
1527 5192 1613 5251 lex
1641 5199 1756 5267 est,
1787 5210 1898 5252 non

3398 256 3483 321 51·

1975 403 2201 475 praebet
2240 404 2417 476 vires,
2450 418 2549 460 nec
2578 404 2735 461 iuvat
2760 403 2828 461 ad
2858 401 3194 475 operandum
3222 400 3457 475 bouum3
3489 400 3561 458 ob

1971 508 2138 567 quam
2168 494 2435 552 rationem
2456 493 2663 551 -Paulus
2691 493 2761 551 ad
2787 496 3017 553 Roman.
3048 499 3100 553 3.
3126 494 3304 567 legem
3322 500 3562 551 veterem

1972 590 2138 641 vocat
2163 582 2340 657 legem
2367 586 2595 656 mortis3
2629 592 2687 641 et
2712 600 2765 642 c.
2800 589 2856 643 4.
2890 587 2986 658 ait,
3018 584 3191 660 legem
3213 584 3349 641 iram
3372 598 3566 656 opera-

1971 674 2049 745 ri,
2078 682 2137 731 et
2178 690 2232 731 c.
2277 678 2338 731 5:
2380 676 2505 733 Lex
2540 674 2925 741 subintravit,
2969 680 3038 732 ut
3062 674 3395 733 abundaret
3420 672 3563 731 deli-

1972 769 2154 823 ctum.
2201 762 2455 821 Secundo
2494 764 2687 821 saltem
2726 764 2815 821 lex
2856 764 3025 821 civilis
3055 783 3163 822 non
3193 765 3353 822 habet
3381 765 3564 822 facere

1973 853 2245 911 hominem
2287 855 2525 925 bonum,
2572 860 2794 927 propter
2833 853 2979 928 quod
3021 856 3186 911 Arist.
3230 859 3284 913 3.
3322 853 3557 913 Politia.

1973 961 2094 1018 cap.
2130 950 2184 1002 3.
2218 944 2380 1002 aliam
2410 943 2543 1001 dicit
2570 959 2691 1001 esse
2719 943 2977 1001 virtutem
3008 944 3132 999 boni
3158 943 3288 1016 viri,
3324 950 3379 999 et
3407 942 3565 1001 aliam

1971 1035 2096 1093 boni
2123 1035 2283 1107 civis,
2314 1028 2447 1108 er'go
2476 1040 2533 1091 et
2559 1033 2643 1090 lex
2672 1032 2805 1106 alia,
2838 1032 2923 1091 lex
2950 1048 3085 1107 ergo
3113 1032 3281 1090 civilis
3312 1032 3442 1089 facit
3462 1032 3560 1089 bo-

1957 1130 2106 1181 ·num
2143 1126 2349 1196 civem,
2390 1123 2487 1180 sed
2516 1138 2625 1179 non
2652 1122 2965 1194 simpliciter
2993 1122 3202 1180 bonum
3226 1122 3422 1181 virum.
3456 1123 3563 1179 Ra-

1971 1217 2047 1273 tio
2075 1222 2260 1274 autem
2287 1219 2389 1285 est,
2420 1213 2547 1287 quia
2573 1213 2687 1282 (inis
2715 1212 2948 1270 civitatis
2976 1212 3156 1283 solum
3184 1218 3269 1269 est
3292 1211 3459 1269 huius
3482 1212 3561 1267 vi-

1974 1313 2058 1363 tae
2096 1304 2407 1378 temporalis
2449 1304 2792 1361 conservatio
2832 1303 2888 1359 in
2929 1302 3181 1359 exteriori
3218 1318 3353 1375 pace
3376 1309 3437 1375 ‚et
3475 1302 3563 1358 iu-

1973 1397 2145 1467 stitia,
2190 1403 2254 1453 ut
2292 1394 2531 1452 sumitur
2556 1408 2623 1451 ex
2652 1392 2845 1451 eodem
2874 1390 3198 1465 philosopho
3248 1394 3297 1450 1.
3330 1390 3566 1449 Politia.

1973 1503 2096 1560 cap.
2128 1492 2160 1545 2
2181 1528 2197 1559 ‚
2226 1484 2293 1541 ad
2320 1500 2487 1558 quem
2526 1483 2685 1541 tinem
2713 1485 2880 1541 etiam
2909 1481 3229 1540 ordinantur
3257 1483 3446 1540 civiles
3490 1482 3565 1540 le-

1973 1593 2100 1652 ges3
2131 1592 2239 1633 non
2268 1590 2402 1648 ergo
2431 1572 2722 1631 intendunt
2747 1588 2934 1629 veram
2963 1573 3289 1644 probitatem
3318 1588 3563 1645 morum,

1971 1684 2112 1743 quae
2152 1667 2285 1723 facit
2325 1666 2599 1722 hominem
2632 1664 2866 1737 honum,
2898 1662 2993 1719 sed
3022 1662 3200 1720 solum
3236 1664 3568 1723 exteriorem

1972 1757 2267 1835 quamdam
2310 1756 2737 1827 observantiam,
2766 1769 2909 1827 quae
2947 1753 3079 1810 facit
3116 1754 3322 1811 bonum
3362 1754 3560 1810 civem.

1971 1850 2150 1908 Tertio
2172 1846 2237 1905 ad
2262 1846 2433 1920 legem
2456 1844 2786 1917 implendam
2804 1859 2911 1900 uon
2932 1849 3017 1900 est
3036 1841 3379 1900 necessarius
3396 1849 3557 1900 actus

1971 1940 2182 2012 bonus3
2206 1938 2335 1994 'imo
2363 1952 2525 2008 saepe
2552 1950 2649 2008 per
2677 1940 2970 2008 peccatum
2998 1931 3251 2006 impletur
3279 1933 3441 1989 etiam
3469 1948 3563 1990 ca-

1971 2032 2169 2087 nonica
2196 2028 2313 2100 le13
2344 2025 2439 2083 sed
2468 2026 2632 2082 homo
2662 2041 2772 2081 non
2799 2024 2856 2081 fit
2882 2024 3094 2096 bonuS,
3123 2024 3224 2079 nisi
3255 2024 3406 2080 bonis
3428 2025 3566 2081 acti-

1969 2120 2106 2188 bus3
2149 2133 2283 2191 ergo
2324 2116 2667 2175 observantia
2700 2113 2831 2188 legis
2859 2130 2968 2172 non
2996 2112 3127 2170 facit
3159 2113 3397 2187 bonum3
3425 2128 3559 2187 ergo

1972 2210 2147 2267 multo
2178 2209 2357 2266 minus
2386 2207 2476 2265 lex
2502 2207 2644 2279 ipsa.-

2049 2306 2104 2361 2.
2135 2298 2499 2358 Nihilominus
2536 2293 2829 2354 dicendum
2867 2300 2986 2366 est,
3027 2294 3189 2351 finem
3230 2293 3499 2352 intentum
3535 2310 3569 2353 a

1970 2391 2089 2467 lege
2117 2406 2261 2461 esse,
2292 2389 2472 2446 facere
2494 2386 2741 2445 subditos
2760 2384 2969 2458 bonos,
2997 2392 3159 2459 atque
3179 2385 3255 2442 ita
3275 2383 3423 2440 hunc
3443 2399 3566 2441 esse

1971 2481 2128 2556 quasi
2155 2480 2410 2538 ultimum
2447 2477 2705 2535 effectum
2744 2474 2899 2549 legis.
2931 2476 3011 2532 lta
3043 2471 3208 2532 docet
3241 2473 3297 2531 d.
3333 2473 3567 2531 Thomas

1971 2589 2029 2647 q.
2053 2577 2149 2642 92,
2176 2578 2281 2628 art.
2316 2574 2367 2641 1,
2392 2584 2558 2644 quem
2578 2581 2767 2624 omnes
2788 2572 3117 2639 sequuntur.
3144 2564 3421 2621 Consonat
3443 2565 3564 2621 Ari-

1971 2667 2102 2719 stot.
2134 2667 2192 2719 2.
2233 2660 2429 2719 Ethio-
2471 2673 2594 2729 cap.
2634 2660 2684 2715 1.
2713 2654 2933 2727 dicens,
2964 2652 3376 2729 lequmlatores
3402 2656 3561 2729 ipsos

1970 2754 2120 2809 cives
2161 2748 2623 2823 assuefacientes
2663 2746 2837 2803 bonos
2872 2742 3123 2819 efficere.
3152 2744 3307 2802 Ratio
3334 2743 3389 2801 d.
3421 2744 3564 2801 Tho-

1970 2857 2092 2899 mae
2129 2848 2243 2913 est,
2287 2839 2413 2914 quia
2449 2838 2651 2895 honum
2692 2835 2897 2894 subditi
2934 2836 2987 2891 in
3022 2834 3129 2891 hoc
3170 2835 3453 2906 consistit,
3499 2840 3561 2893 ut

1971 2931 2195 2989 motioni
2231 2927 2527 3003 superioris
2562 2926 2911 3000 subiiciatur,
2956 2931 3018 2982 ut
3054 2916 3412 2982 sentitbtiam
3437 2926 3559 2982 Ari-

1971 3021 2192 3080 stoteles
2241 3024 2288 3079 l.
2321 3017 2495 3076 Polie.
2528 3031 2651 3087 cap.
2686 3015 2787 3073 ult.
2816 3020 3068 3072 movetur
3094 3021 3277 3073 autem
3304 3013 3557 3071 subditus

1972 3130 2004 3171 a
2030 3111 2336 3185 superiore,
2366 3108 2635 3166 mediante
2662 3107 2801 3180 lege,
2832 3120 2965 3181 ergo
2988 3120 3087 3179 per
3114 3104 3262 3163 illam
3287 3104 3559 3163 efficietur

1969 3204 2169 3275 honus,
2199 3202 2243 3257 si
2268 3202 2317 3257 ei
2348 3198 2686 3257 subiiciatur.
2718 3198 2788 3255 Et
2812 3198 3185 3267 confirmatur,
3207 3197 3335 3269 quia
3358 3195 3462 3269 lex,
3488 3203 3553 3255 ut

1970 3295 2040 3351 sit
2080 3294 2197 3365 lex,
2234 3291 2398 3351 debet
2432 3304 2553 3347 esse
2591 3290 2766 3362 iusta,
2813 3293 2876 3346 ut
2900 3294 3082 3345 autem
3110 3287 3180 3345 sit
3206 3287 3367 3359 iusta,
3398 3303 3559 3360 opor-

1969 3392 2081 3452 tet,
2123 3390 2188 3441 ut
2226 3382 2412 3440 tendat
2438 3379 2723 3438 in‘bonum
2750 3380 2909 3435 finem
2936 3378 3005 3435 ad
3031 3379 3238 3435 bonum
3265 3393 3558 3436 commune

1968 3475 2351 3549 pertinentem,
2382 3478 2439 3531 et
2457 3487 2553 3545 per
2575 3469 2809 3527 medium
2829 3468 3146 3541 honestum,
3172 3484 3303 3543 ergo
3323 3471 3418 3543 qui
3440 3485 3556 3527 ser-

1969 3567 2184 3625 vaverit
2225 3566 2429 3637 legem,
2474 3562 2791 3635 operabitur
2832 3562 2983 3617 circa
3009 3559 3321 3633 honestum,
3352 3568 3406 3643 et
3432 3576 3561 3633 pro-

1969 3662 2088 3731 pter
2115 3669 2407 3725 commune
2436 3654 2673 3727 bonum,
2693 3656 2961 3724 quantum
2988 3656 3159 3708 estex
3178 3654 3230 3708 vi
3251 3651 3401 3725 legis;
3427 3666 3559 3731 ergo

1967 3763 2034 3803 ex
2070 3748 2122 3803 vi
2161 3745 2305 3803 illius
2341 3743 2521 3801 honus
2550 3742 2660 3798 fiet.
2701 3740 2807 3799 Sed
2834 3740 2941 3797 hoc
2970 3740 3336 3799 declarabitur
3362 3741 3563 3800 melius

1969 3834 2285 3894 inductione
2321 3835 2463 3891 sacta
2489 3834 2543 3889 in
2573 3831 2800 3906 singulis
2828 3830 3063 3905 legibus,
3094 3838 3151 3889 et
3174 3832 3555 3906 respondendo

1968 3926 2036 3985 ad
2065 3926 2303 3983 rationes
2330 3922 2635 3981 dubitandi.

2044 4018 2204 4074 Circa
2233 4015 2471 4088 primum
2498 4028 2631 4085 ergo
2660 4018 3046 4087 argumentum
3074 4012 3423 4071 manifestum
3448 4022 3555 4089 est,

1967 4108 2177 4166 divinas
2206 4106 2353 4179 leges
2380 4120 2445 4162 eo
2477 4102 2726 4177 tendere,
2757 4110 2820 4160 ut
2844 4103 3051 4161 saciant
3073 4103 3317 4161 homines
3345 4105 3555 4179 bonos3

1967 4216 2092 4256 nam
2128 4197 2230 4255 lea·
2258 4193 2494 4271 quidem
2522 4198 2754 4261 sancta,
2789 4198 2844 4250 et
2869 4192 3231 4251 mandatum
3257 4200 3551 4265 sanctum,

1965 4294 2020 4346 et
2045 4292 2299 4355 iustum,
2332 4290 2389 4342 et
2415 4286 2660 4350 bonam,
2696 4290 2758 4341 ut
2790 4284 2866 4340 ait
2894 4282 3096 4341 Paulus
3123 4286 3280 4342 Rom.
3315 4287 3367 4343 7.
3398 4287 3555 4354 Quod

1967 4395 2074 4437 non
2103 4378 2284 4437 solum
2310 4392 2503 4435 verum
2528 4381 2614 4430 est
2638 4372 2705 4431 de
2735 4374 2851 4448 lege
2880 4374 3109 4447 scripta,
3134 4382 3409 4449 utcontra
3429 4377 3555 4436 hae-

1967 4472 2167 4527 reticos
2194 4468 2337 4525 infra
2365 4464 2737 4536 ostendemus,
2764 4464 2860 4521 sed
2882 4480 2913 4522 a
2934 4465 3151 4523 fortiori
3170 4467 3329 4523 etiam
3350 4466 3415 4525 de
3438 4468 3557 4543 lege

1965 4561 2175 4635 gratiae
2194 4600 2210 4632 ,
2240 4565 2295 4615 et
2316 4556 2383 4615 de
2410 4556 2528 4630 lege
2555 4555 2787 4613 naturali
2816 4571 2912 4628 per
2939 4572 2997 4613 se
3024 4563 3111 4614 est
3146 4557 3398 4630 evidens;
3429 4576 3557 4619 nam

1966 4650 2215 4723 prohibet
2251 4647 2517 4723 quidquid
2554 4653 2642 4704 est
2667 4646 2871 4703 malum
2892 4689 2907 4719 ,
2939 4647 3201 4721 praecipit
3228 4657 3413 4707 autem
3440 4668 3557 4709 om·
3640 4649 3645 4655 ’

1967 4756 2090 4798 nem
2117 4742 2411 4809 virtutem3
2440 4734 2587 4793 unde
2614 4735 2681 4793 de
2712 4735 2799 4792 illa
2826 4739 3059 4794 maxime
3080 4735 3287 4797 dictum
3308 4739 3557 4799 creditur

1967 4832 2162 4905 psalm.
2196 4834 2251 4889 4:
2292 4830 2439 4906 Quis
2464 4824 2721 4885 ostendet
2744 4826 2909 4885 nobis
2939 4827 3454 4903 bona?Si9natum
3473 4838 3561 4889 est

1968 4938 2146 4997 super
2174 4936 2282 4978 nos
2310 4918 2511 4976 lumen
2535 4916 2732 4976 wltus
2760 4920 2861 4985 tui,
2896 4922 3166 4977 Domine.
3198 4923 3439 4995 Denique
3458 4938 3559 4997 pro

1969 5014 2177 5071 ratione
2217 5009 2452 5082 sufficit,
2480 5012 2655 5067 Deum
2680 5024 2802 5066 esse
2828 5015 3111 5067 auctorem
3138 5010 3366 5069 alicuius
3396 5013 3553 5086 legis,

1968 5109 2030 5160 ut
2066 5107 2221 5159 certo
2262 5104 2503 5168 constet,
2542 5096 2610 5155 ad
2647 5097 2964 5155 efficiendos
2992 5099 3234 5156 homines
3264 5101 3434 5158 bonos
3462 5102 3557 5159 da-

1967 5200 2086 5251 tum
2129 5206 2273 5250 esse.
2304 5188 2457 5249 Unde
2486 5186 2555 5246 ad
2582 5204 2795 5247 omnem
2822 5190 2918 5247 Dei
2944 5188 3120 5263 legem
3147 5190 3402 5263 applicari
3430 5208 3555 5265 pos·
3572 5236 3593 5257 .
