4325 6267
1198 336 1233 355 N

1744 373 1954 423 CAPUT
1982 372 2085 419 111.

362 516 521 565 hatur
558 513 811 579 posterior
838 524 956 577 pars
983 507 1341 560 conclusionis.
1363 531 1431 541 -
1456 502 1504 552 7.
1534 502 1698 552 Prima
1724 499 1893 548 diver-

360 588 495 635 sitas
531 583 902 635 iurisdictionis
940 580 1079 631 Petri
1116 586 1169 628 et
1209 576 1525 639 reliquorum
1550 569 1893 635 apostolorum

357 664 443 705 est
481 660 731 719 perpetua
768 651 1047 703 successio,
1070 676 1139 685 -—
1158 648 1209 698 8.
1240 645 1506 696 Praedicta
1532 646 1757 706 potestas
1781 642 1893 686 erat

361 725 417 773 10
444 726 599 775 Petro
625 723 890 788 superior,
910 721 964 771 10
991 720 1108 769 aliis
1127 716 1358 767 inferiori
1379 712 1544 764 modo.
1562 710 1796 759 -Error
1817 719 1897 755 as-

358 794 683 855 serentium,
721 792 933 843 Petrum
969 789 1129 840 fuisse
1163 788 1387 837 electum
1422 784 1475 834 in
1511 787 1665 844 caput
1690 778 1756 827 ah
1780 776 1899 827 aliis

363 863 633 928 apostolis.
648 862 779 913 —9.
802 862 979 911 Tertia
998 856 1275 910 conclusio:
1298 856 1534 906 Summus
1555 847 1785 903 Pontifex
1806 846 1899 895 im-

355 932 587 983 mediate
626 932 815 995 accipit
852 932 921 981 ab
944 931 1055 995 ipso
1078 928 1285 979 Christo
1317 932 1369 975 01
1395 935 1458 973 ex
1482 922 1531 972 vi
1560 915 1899 969 institut-ionis

358 1004 481 1054 eius
517 1001 646 1054 hanc
695 1006 1003 1066 potestatem
1038 997 1377 1060 legislativam
1413 994 1463 1042 in
1490 991 1779 1041 universam
1804 985 1901 1035 Ec-

354 1074 593 1124 clesiam.
616 1070 793 1123 -10,
837 1071 1067 1122 Potestas
1100 1066 1245 1117 Sedis
1278 1062 1585 1129 apostolicae
1620 1057 1795 1108 eadem
1819 1061 1899 1103 est

357 1156 483 1193 cum
519 1148 773 1207 potestate
812 1141 973 1191 Petri.
996 1166 1067 1176 —
1088 1138 1147 1187 11
1162 1174 1175 1187 .
1202 1136 1504 1187 Declaratur
1528 1128 1808 1179 conclusio.
1832 1150 1900 1160 -

366 1212 456 1263 ¹2.
484 1212 703 1263 Dubium
748 1210 995 1261 incidens.
1019 1236 1089 1245 —
1112 1208 1195 1258 13.
1244 1202 1475 1256 Pontifex
1516 1198 1681 1249 valide
1728 1199 1895 1259 potest

357 1281 505 1332 10110
530 1282 673 1346 leges
698 1281 809 1332 sine
841 1292 1093 1331 consensu
1128 1273 1483 1327 cardinalium.
1506 1298 1573 1305 —
1600 1269 1681 1318 14.
1710 1266 1901 1327 Quarta

357 1353 645 1403 conclusio:
666 1351 797 1401 Solis
822 1349 1065 1414 apostolis
1086 1347 1205 1397 data
1230 1351 1311 1396 est
1333 1340 1625 1393 immediate
1644 1350 1673 1387 a
1697 1335 1901 1387 Christo

358 1422 493 1472 haec
518 1428 763 1485 potestas.

387 1602 436 1655 l.
460 1595 691 1653 Omissis
712 1594 995 1650 haereticis
1020 1588 1467 1664 impugnantibus
1490 1585 1781 1657 primatum
1803 1576 1900 1631 Pe-

294 1688 393 1757 tri,
418 1694 616 1742 contra
640 1700 781 1759 quos
806 1684 857 1739 111
879 1681 1103 1739 materia
1126 1681 1192 1738 de
1212 1678 1491 1744 Clavibus,
1514 1671 1655 1729 etde
1680 1668 1803 1727 Fide
1828 1666 1902 1721 la-

293 1777 413 1835 tius
434 1775 755 1843 disseritur,
775 1779 835 1830 et
862 1771 1027 1828 videri
1056 1776 1234 1842 potest
1254 1768 1506 1824 Bellarm.
1540 1761 1683 1817 libris
1710 1759 1777 1814 de
1804 1771 1901 1811 ro·

298 1884 491 1925 mano
501 1862 793 1936 Pontifice
804 1879 833 1919 a
846 1862 1136 1934 principio,
1149 1856 1442 1915 dicendum
1454 1860 1537 1910 est
1552 1853 1749 1923 primo,
1764 1846 1903 1901 hanc

302 1964 635 2030 potestatem
663 1951 968 2011 immediate
989 1949 1168 2008 datam
1191 1964 1311 2006 esse
1330 1950 1489 2003 Petro
1511 1960 1542 1999 a
1562 1940 1776 1998 Christo
1802 1937 1902 1991 Do-

300 2049 490 2115 mino,
518 2053 574 2102 et
614 2042 875 2119 singulari
906 2057 970 2097 ac
1001 2039 1222 2112 speciali
1250 2035 1435 2092 modo.
1483 2034 1625 2087 Haec
1669 2024 1896 2083 assertio

303 2148 396 2197 est
421 2137 493 2193 de
520 2135 654 2203 tide,
684 2146 828 2207 quae
858 2133 1155 2204 praecipue
1184 2126 1445 2184 fundatur
1476 2125 1525 2178 in
1557 2121 1659 2176 illis
1685 2112 1905 2173 duobus

298 2227 627 2288 testimoniis
650 2224 836 2282 1101111.
860 2226 949 2289 16,
965 2228 1020 2279 01
1040 2222 1187 2276 ioan.
1204 2224 1233 2275 2
1250 2226 1267 2275 1
1283 2237 1297 2285 3
1312 2232 1437 2272 nam
1462 2214 1594 2271 licet
1616 2206 1899 2265 Matth.18.

300 2317 634 2392 generaliter
661 2313 859 2371 dixerit
883 2311 1155 2369 Christus:
1196 2312 1317 2384 Qui
1344 2302 1694 2364 Ecclesiam,
1727 2296 1780 2351 id
1820 2298 1909 2349 est

297 2416 560 2481 pastores
588 2404 890 2474 Ecclesiae,
920 2418 1039 2458 uon
1068 2397 1343 2463 audiar-it,
1477 2400 1533 2450 et
1564 2381 1910 2446 subiunxerit

292 2499 463 2556 etiam
490 2494 837 2569 generaliter:
893 2494 1314 2567 Quaecumque
1351 2482 1791 2557 liqaveritis...3
1824 2479 1908 2527 ta·

300 2604 426 2644 meu
459 2601 584 2658 cap.
624 2588 711 2643 16.
756 2582 1048 2655 specialem
1089 2574 1505 2651 promissionem
1548 2569 1679 2626 10011
1716 2568 1905 2633 Petro,

297 2678 515 2736 dicens:
548 2676 676 2735 Tibi
701 2673 857 2733 dabo
885 2671 1081 2729 claves
1100 2670 1269 2743 requi
1291 2662 1610 2727 coelorum,
1626 2664 1710 2725 et,
1738 2656 1824 2711 Tu
1846 2666 1908 2707 es

301 2770 541 2833 Petrus,
574 2771 634 2822 01
660 2778 837 2837 super
864 2762 1033 2823 ,110110
1069 2763 1305 2833 petram
1346 2747 1675 2825 aedificabo
1706 2738 1901 2801 Eccle-

300 2861 467 2916 siam
492 2869 716 2914 meam,-
744 2867 876 2925 ergo
904 2848 1171 2923 singulari
1205 2853 1262 2902 et
1301 2842 1519 2916 speciali
1560 2838 1722 2896 modo
1766 2834 1907 2889 hanc

304 2953 635 3021 potestatem
656 2942 735 2999 illi
749 2940 1018 3013 promisit.
1032 2939 1227 2995 Postea
1243 2950 1369 2991 vero
1386 2929 1657 3004 implendo
1680 2924 1910 3000 promis-

300 3054 453 3109 sum,
476 3038 643 3091 etiam
676 3028 911 3088 ostendit
936 3028 1078 3085 hanc
1106 3024 1439 3099 singularem
1470 3019 1906 3083 concessionem,

306 3138 367 3187 et
393 3128 519 3185 ideo
559 3123 707 3197 prius
736 3122 889 3177 illum
920 3118 1134 3192 publice
1167 3114 1523 3187 interrogavit
1540 3108 1815 3175 Christus,
1846 3118 1913 3159 an

304 3236 365 3277 se
385 3217 643 3291 diligeret
662 3212 784 3285 plus
812 3225 979 3283 quam
1004 3207 1197 3274 ceteri,
1228 3204 1537 3279 significans
1554 3242 1571 3271 ,
1600 3198 1726 3271 plus
1751 3195 1913 3249 etiam

304 3310 479 3367 l'uisse
510 3312 897 3377 accepturum,
926 3308 983 3357 et
1008 3297 1201 3356 deinde
1229 3293 1542 3365 subiungit:
1569 3293 1759 3349 Pasce
1784 3299 1915 3343 oves

306 3414 507 3458 meas.
534 3398 613 3453 10.
630 3402 725 3466 21,
750 3393 841 3449 uhi
870 3392 923 3447 in
945 3390 1112 3446 verbo
1135 3386 1427 3461 pascendi
1456 3390 1699 3455 potestas
1724 3391 1917 3449 regen-

306 3489 383 3556 di,
400 3496 463 3545 et
488 3487 636 3559 leges
658 3481 862 3541 serendi
883 3480 1241 3554 significatur,
1264 3482 1516 3546 utsupra
1538 3471 1714 3543 tetigi,
1730 3464 1919 3525 01001-

306 3580 498 3654 ligitur
513 3576 711 3647 optime
726 3589 791 3631 011
804 3578 858 3631 2.
874 3572 1009 3643 Reg.
1027 3576 1081 3627 5:
1110 3570 1195 3625 Tu
1203 3580 1413 3642 pasces
1422 3561 1707 3638 populum
1721 3572 1918 3615 meum

307 3666 528 3733 Israel,
555 3670 612 3722 01
636 3667 753 3721 eris
776 3664 1057 3736 princeps
1083 3672 1262 3730 super
1287 3671 1444 3713 eum.
1477 3656 1615 3709 Dum
1637 3657 1819 3707 autem
1844 3647 1923 3702 in-

307 3758 531 3815 definite
550 3756 679 3813 dixit
708 3768 836 3809 oves
865 3765 1047 3816 111000,
1088 3754 1150 3805 ut
1175 3760 1344 3818 supra
1366 3745 1501 3814 dixi,
1534 3738 1797 3810 ostendit,
1822 3753 1918 3808 po-

310 3854 566 3905 testatem
582 3859 704 3899 0000
730 3855 1042 3914 supremam
1066 3844 1123 3895 et
1142 3834 1545 3893 monarchicam
1568 3832 1729 3888 etiam
1754 3842 1919 3899 super

306 3940 445 3994 alios
471 3932 790 4007 apostolos,
820 3946 946 3985 nam
975 3928 1049 3984 illi
1074 3930 1237 3983 etiam
1265 3931 1423 3982 erant
1451 3938 1581 3978 oves
1607 3917 1826 3977 Christi.
1854 3916 1923 3973 Et

306 4027 431 4085 ideo
466 4025 677 4081 dicitur
704 4022 754 4078 in
784 4037 907 4092 cap.
934 4022 1009 4075 In
1034 4032 1181 4073 novo
1200 4018 1563 4077 testamento,
1600 4010 1725 4066 dist.
1756 4014 1848 4077 21,
1872 4011 1927 4063 01

305 4134 431 4190 000.
474 4118 579 4172 Ita
602 4114 907 4178 Dominus,
938 4107 1065 4165 dist.
1109 4108 1194 4177 19,
1215 4106 1373 4161 Ρο110
1392 4118 1523 4158 ‘esse
1564 4101 1745 4157 datam
1770 4106 1926 4170 pote-

312 4214 517 4265 statem
550 4210 610 4259 ut
630 4202 813 4273 capiti,
837 4198 1034 4254 ceteris
1058 4204 1120 4253 ut
1142 4194 1415 4252 membris.
1446 4192 1591 4249 idem
1618 4189 1941 4265 habeturin·

309 4314 435 4369 cap.
470 4298 629 4352 Cum
651 4292 1047 4349 beatissimus,
1067 4292 1123 4342 et
1145 4300 1267 4356 cap.
1294 4285 1599 4357 Loquitur,
1630 4295 1758 4338 cum
1782 4277 1923 4335 mul·

320 4390 389 4444 tis
412 4385 556 4455 aliis,
582 4387 678 4453 24,
702 4398 761 4454 q.
796 4385 842 4439 Ι.
869 4380 950 4435 Ex
969 4392 1081 4450 quo
1106 4374 1251 4445 loco,
1274 4380 1414 4429 etex
1437 4372 1562 4428 dist.
1586 4374 1677 4427 96.
1704 4376 1759 4425 01
1782 4366 1921 4423 111111-

320 4479 391 4535 110
437 4474 559 4532 aliis
598 4473 736 4530 locis
772 4468 987 4527 Decreti
1023 4464 1201 4536 colligi
1240 4469 1423 4531 001001
1456 4460 1675 4517 evidens
1709 4456 1923 4515 traditio

325 4565 652 4640 pontificum
669 4602 684 4629 ,
724 4558 1085 4616 conciliorum
1102 4597 1117 4626 ,
1150 4560 1207 4611 et
1231 4559 1449 4625 patrum
1472 4550 1613 4607 banc
1640 4551 1923 4608 veritatem

324 4656 685 4717 confirmans,
717 4663 885 4722 quam
912 4644 1266 4703 Bellarminus
1301 4645 1465 4699 etiam
1498 4656 1665 4714 supra
1698 4641 1923 4712 copiose

316 4743 699 4819 prosequitur,
722 4747 776 4795 et
802 4736 921 4794 ideo
950 4734 1095 4791 illam
1122 4734 1335 4790 omitto.
1364 4732 1521 4789 Ratio
1547 4746 1673 4787 vero
1699 4730 1917 4801 propria

318 4836 421 4893 11111
464 4832 721 4889 voluntas
760 4825 992 4897 Christi,
1024 4823 1382 4896 congruentia
1420 4828 1605 4878 autem
1644 4826 1765 4887 est,
1796 4821 1930 4893 quia

319 4923 586 4999 oportuit,
612 4927 670 4978 et
690 4916 900 4988 decuit,
928 4915 979 4971 in
1000 4912 1197 4971 Christi
1212 4911 1463 4969 Ecclesia
1485 4926 1606 4967 esse
1632 4910 1929 4982 perfectam

323 5016 591 5071 unitatem
618 5008 923 5084 mysticam,
946 5009 1000 5059 et
1020 5001 1475 5075 perfectissimum
1497 4999 1830 5072 regimen,et
1852 4998 1931 5053 in·

284 5094 289 5105 ’
328 5103 511 5162 stituit
538 5100 682 5156 illam
714 5112 809 5168 per
854 5093 1077 5151 modum
1107 5090 1493 5158 monarchiae,
1532 5097 1587 5145 et
1615 5102 1931 5159 supremam

326 5196 665 5267 potestatem
694 5187 786 5242 uni
814 5181 1081 5251 contulit,
1108 5179 1175 5237 ad
1202 5194 1368 5251 quam
1394 5182 1611 5236 Petrum
1641 5179 1805 5252 elegit
1830 5192 1931 5234 sua

333 5282 595 5341 altissima
624 5273 1133 5349 praedestinatione.

492 5388 692 5435 Suum,
714 5384 771 5428 De
792 5383 979 5438 Legibus
995 5402 1046 5412 -—
1062 5380 1167 5423 Pars
1186 5378 1221 5422 1.

3353 349 3474 410 305
3547 356 3550 361 ’

2042 502 2097 553 2.
2124 497 2281 553 Dicet
2301 495 2517 567 aliquis,
2541 510 2609 551 ex
2629 492 2712 549 bis
2733 494 2984 549 omnihus
3007 493 3184 549 solum
3206 491 3446 564 probari,
3461 490 3560 545 Pe-

1967 596 2052 644 tro
2080 588 2265 645 datam
2292 601 2414 641 esse
2443 591 2764 657 potestatem
2799 584 3162 640 universalem
3203 580 3422 665 regendi
3453 580 3558 635 Ec·-

1966 678 2218 741 0100101ος
2264 693 2367 733 000
2411 690 2538 731 vero
2575 674 2695 731 inde
2739 674 3071 730 sufficienter
3101 674 3346 745 probari,
3376 670 3558 725 datam

1967 769 2135 825 fuisse
2177 767 2252 824 illi
2293 775 2616 840 potestatem
2661 766 2805 839 leges
2849 764 3084 835 10100111,
3127 765 3256 836 quia
3293 762 3564 831 potuisset

1968 860 2224 917 Christus
2250 875 2410 915 unam
2435 864 2758 931 potestatem
2780 857 2910 913 dare
2931 859 3046 913 sine
3069 854 3193 911 alia.
3215 849 3560 921 Respondeo,

1968 957 2270 1022 utrumque
2297 948 2550 1005 convinci
2571 964 2636 1003 ex
2660 946 2842 1003 dictis.
2865 948 3066 1017 Primo,
3081 945 3209 1018 quia
3226 943 3388 999 verba
3406 940 3561 997 Chri-

1968 1044 2033 1097 sti
2064 1038 2391 1099 universalia
2422 1038 2595 1109 10010,
2636 1035 3056 1112 Quodcumque
3094 1035 3408 1107 liqaveris;
3450 1032 3565 1086 vin-

1967 1130 2157 1187 culum
2189 1136 2372 1185 autem
2401 1128 2588 1201 legum
2613 1134 2702 1183 est
2732 1143 2902 1183 unum
2931 1142 2995 1182 ex
3038 1126 3367 1197 praecipuis,
3411 1120 3561 1194 quod

1970 1237 2268 1294 supremus
2309 1220 2566 1290 princeps
2606 1217 2824 1273 iniicere
2863 1224 3061 1291 potest.
3107 1216 3258 1275 Unde
3301 1228 3560 1285 suprema

1970 1319 2212 1383 potestas
2242 1308 2439 1381 ligandi
2470 1307 2615 1363 hunc
2657 1309 2820 1363 etiam
2865 1315 3050 1363 actum
3094 1306 3374 1377 potissime
3411 1318 3562 1360 com-

1968 1399 2274 1474 prehendit.
2305 1399 2450 1455 Idem
2482 1396 2757 1469 colligitur
2782 1398 3040 1453 011,νο1110
3067 1394 3191 1451 111οε
3223 1398 3410 1451 Pasce
3437 1409 3564 1449 oves

1968 1508 2160 1557 meas:
2192 1505 2315 1546 nam
2343 1487 2409 1544 ad
2437 1486 2682 1544 officium
2714 1476 2952 1558 pastoris
2975 1487 3206 1558 pertinet
3227 1501 3356 1541 oves
3377 1492 3566 1543 custo-

1968 1582 2108 1651 dire,
2138 1588 2196 1638 01
2221 1579 2479 1651 dirigere,
2511 1592 2574 1633 ac
2605 1591 2890 1645 coercere,
2919 1576 3068 1649 quod
3099 1591 3194 1646 per
3223 1577 3370 1649 leges
3401 1575 3568 1631 maxi-

1970 1687 2059 1729 me
2088 1674 2143 1727 ht
2171 1671 2237 1727 ab
2269 1670 2506 1725 humano
2537 1672 2773 1738 pastore.
2821 1670 3104 1721 Praeterea
3143 1682 3210 1723 ex
3251 1672 3450 1722 natura
3490 1666 3570 1721 rei

1972 1759 2274 1818 includitur
2304 1759 2436 1814 haec
2469 1764 2710 1830 potestas
2740 1757 2793 1811 in
2827 1771 3052 1811 munere
3080 1757 3305 1827 capitis,
3343 1762 3398 1812 et
3428 1756 3570 1827 prin-

1973 1852 2132 1923 cipis,
2165 1866 2261 1905 seu
2293 1848 2532 1918 supremi
2563 1847 2820 1917 pastoris.
2854 1848 2922 1902 Et
2949 1848 3070 1904 ideo
3091 1846 3252 1903 etiam
3275 1862 3434 1919 reges
3455 1861 3569 1901 sae-

1972 1942 2107 2005 culi,
2136 1956 2204 1996 eo
2231 1942 2350 2009 ipso
2366 1937 2515 2011 qnod
2539 1952 2570 1993 a
2592 1936 2870 2009 republica
2895 1936 2961 1993 ad
2986 1937 3118 1993 illud
3141 1954 3342 1993 munus
3365 1936 3566 2011 eligan-

1976 2040 2085 2102 tur,
2118 2036 2445 2103 potestatem
2485 2027 2838 2099 legislativum
2879 2029 3188 2099 accipiunt3
3235 2028 3328 2083 sed
3372 2030 3571 2085 Petrus

1973 2123 2190 2194 accepit
2213 2120 2386 2177 simile
2409 2134 2610 2175 munus
2633 2125 2688 2173 et
2707 2117 3068 2189 principatum
3091 2106 3458 2189 spiritualem,
3485 2134 3572 2174 er·

1974 2229 2045 2285 go
2070 2220 2127 2268 et
2154 2216 2484 2282 potestatem
2513 2207 2895 2279 legislativam.
2926 2209 3092 2264 Maior
3132 2215 3217 2263 est
3251 2208 3574 2263 naturaliter

1976 2300 2220 2373 evidens,
2250 2300 2375 2373 quia
2403 2304 2695 2370 repugnat,
2719 2312 2840 2352 0000
2867 2296 3207 2369 00001101οω
3229 2303 3285 2352 01
3303 2297 3574 2368 guberna·

1974 2402 2184 2462 torem,
2213 2396 2270 2447 et
2309 2404 2416 2446 000
2459 2403 2618 2460 posse
2659 2387 3000 2459 praecipere,
3037 2395 3094 2445 et
3131 2403 3232 2445 suo
3274 2394 3569 2459 praecepto

1981 2483 2222 2555 obligare
2263 2478 2572 2536 subditum:
2605 2478 2736 2533 alias
2765 2482 2948 2549 posset
2976 2477 3231 2535 subditus
3260 2478 3372 2534 sine
3411 2477 3578 2549 culpa

1975 2589 2081 2628 non
2112 2571 2291 2627 100010
2320 2570 2468 2625 iussa
2509 2567 2837 2639 superioris,
2868 2573 2924 2623 01
2961 2574 3361 2641 consequenter
3387 2572 3578 2639 posset

1975 2662 2050 2719 illi
2080 2661 2355 2732 resistere,
2379 2666 2436 2715 et
2461 2673 2568 2713 000
2597 2665 2783 2728 posset
2810 2656 2950 2713 iuste
2977 2658 3101 2731 cogi
3127 2656 3195 2714 ad
3221 2657 3323 2733 gilla
3347 2658 3575 2731 implen-

1976 2751 2077 2823 11ος
2108 2752 2266 2808 etita
2291 2765 2400 2807 000
2425 2754 2571 2806 esset
2595 2747 2754 2817 ordo,
2785 2748 2882 2806 sed
2911 2763 3129 2805 summa
3155 2748 3440 2821 00010010,
3472 2765 3577 2807 000

1976 2842 2061 2900 1110
2088 2848 2237 2898 00301
2264 2840 2536 2912 superior,
2562 2839 2660 2894 nisi
2691 2838 2903 2895 nomine
2931 2845 3162 2896 tantum.
3188 2840 3256 2897 Et
3281 2839 3398 2897 ideo
3429 2841 3578 2911 prin-

1979 2935 2183 3008 cipium
2226 2932 2362 2989 hoc:
2401 2927 2809 2989 Obediendwm
2845 2934 2932 2987 cst
2970 2930 3376 3005 superioribus
3415 2938 3578 2988 natu-

1982 3024 2079 3081 rali
2107 3022 2312 3079 lumine
2339 3027 2424 3077 est
2448 3019 2694 3087 evidens,
2719 3018 2825 3075 imo
2853 3025 2910 3074 01
2935 3034 3036 3090 001
3062 3034 3120 3075 00
3150 3026 3340 3075 notum
3365 3036 3432 3077 ex
3466 3027 3576 3077 ter-

1981 3129 2161 3171 101010.

2016 3282 2023 3289 ἱ
2059 3208 2114 3261 3.
2147 3203 2342 3267 Dices,
2385 3198 2511 3255 hinc
2553 3197 2618 3254 ad
2668 3212 2944 3273 summum
2987 3198 3203 3268 probari
3253 3204 3575 3269 potestatem

1982 3289 2380 3367 praecipiendi,
2405 3303 2512 3344 non
2535 3302 2663 3345 vero
2684 3287 2832 3360 leges
2861 3286 3092 3358 10100111,
3117 3289 3268 3346 31001
3295 3290 3580 3362 magistra·-

1984 3390 2076 3441 tus
2105 3381 2324 3439 inl'erior
2350 3378 2512 3435 habet
2539 3384 2865 3450 potestatem
2893 3377 3286 3450 praecipiendi,
3309 3393 3418 3433 000
3447 3394 3581 3437 vero

1986 3472 2193 3531 10100111
2221 3470 2390 3545 leges.
2422 3466 2774 3539 Respondeo,
2802 3468 2931 3525 lieet
2957 3467 3092 3524 haec
3119 3468 3227 3524 sint
3265 3468 3584 3541 separabilia

1987 3566 2039 3622 in
2072 3560 2314 3620 interiori
2343 3560 2746 3633 gubernatore,
2777 3574 2883 3615 non
2914 3574 3042 3614 vero
3073 3558 3124 3613 in
3165 3572 3455 3631 supremo,
3486 3560 3584 3633 qui

1988 3654 2061 3712 sit
2087 3657 2258 3725 caput
2282 3651 2450 3707 totius
2478 3646 2839 3720 reipublicae,
2870 3647 3146 3722 loquendo
3177 3648 3367 3706 saltem
3393 3664 3459 3706 ex
3485 3664 3584 3707 na-

1990 3749 2117 3800 tura
2141 3743 2244 3813 rei,
2273 3736 2542 3814 quidquid
2571 3738 2638 3794 sit
2663 3737 2730 3794 de
2759 3738 2998 3808 potentia
3029 3737 3280 3795 absoluta
3307 3740 3423 3795 Dei.
3451 3740 3584 3796 Pro-

1988 3832 2174 3903 batur,
2208 3838 2326 3888 tum
2354 3830 2485 3902 quia
2511 3834 2752 3899 potestas
2780 3826 3142 3898 praecipiendi
3171 3837 3258 3884 est
3286 3827 3585 3901 proportio-

1991 3930 2115 3978 nata
2155 3919 2518 3993 principatui,
2551 3922 2612 3973 ut
2644 3914 2712 3972 de
2754 3916 2970 3987 regibus
3007 3915 3271 3989 diximus,
3301 3923 3421 3975 tum
3459 3918 3586 3989 quia

1992 4012 2095 4069 hoc
2124 4016 2208 4067 est
2234 4024 2300 4065 ex
2331 4015 2532 4065 natura
2560 4008 2636 4063 rei
2666 4008 3038 4061 necessarium
3067 4005 3136 4063 ad
3173 4007 3582 4063 convenientem

1990 4102 2322 4174 reipublicae
2359 4098 2441 4154 vel
2485 4095 2766 4153 Ecclesiae
2808 4095 3281 4168 gubernationem.
3322 4096 3459 4151 Nam
3499 4092 3588 4151 lex

1991 4192 2134 4249 ultra
2172 4193 2564 4261 praeceptum,
2595 4188 2650 4242 10
2683 4186 2951 4257 praesenti
2979 4187 3232 4253 materia,
3263 4200 3369 4240 000
3407 4190 3588 4256 001001

1991 4280 2192 4339 addere
2215 4322 2229 4347 ,
2259 4279 2362 4335 nisi
2389 4277 2836 4349 perpetuitatem,
2869 4275 3004 4333 baec
3035 4284 3219 4333 autem
3246 4282 3333 4331 est
3371 4290 3585 4332 summe

1991 4370 2305 4429 necessaria
2333 4368 2399 4425 ad
2438 4366 2641 4424 bonum
2670 4367 2906 4441 regimen
2941 4364 3244 4422 universale
3265 4407 3280 4435 ,
3311 4365 3438 4437 quia
3467 4379 3589 4435 per-

1992 4469 2159 4535 petua
2187 4460 2419 4515 mutatio
2439 4465 2497 4513 et
2522 4458 2756 4513 cessatio
2786 4457 2966 4529 legum
2991 4454 3058 4511 ad
3087 4455 3440 4513 mutationem
3468 4469 3591 4527 per-

1996 4566 2258 4609 sonarum
2288 4550 2617 4621 regentium,
2649 4547 2904 4602 inlinitum
2936 4545 3314 4602 confusionem
3345 4552 3585 4616 pareret,

1996 4648 2060 4700 ut
2086 4655 2183 4712 per
2213 4654 2272 4695 se
2311 4642 2500 4693 notum
2527 4642 2630 4702 est,
2657 4642 2712 4691 et
2739 4651 2906 4707 supra
2933 4641 3022 4692 est
3049 4642 3352 4691 ostensum.
3377 4635 3531 4692 Unde
3557 4650 3590 4691 a

1994 4727 2262 4803 principio
2289 4725 2565 4783 nascentis
2602 4724 2883 4781 Ecclesiae
2913 4724 2986 4780 ita
3023 4722 3334 4780 intellectus
3359 4730 3447 4781 est
3483 4726 3593 4796 pri·

1998 4827 2181 4876 matus
2208 4816 2350 4874 Petri
2372 4824 2429 4872 et
2457 4822 2699 4887 potestas
2720 4814 2862 4882 eius,
2885 4821 2942 4871 et
2967 4812 3111 4870 idem
3131 4819 3352 4871 constat
3370 4814 3439 4871 de
3461 4830 3588 4871 suc-

1998 4906 2319 4965 cessorihus
2347 4905 2514 4973 Petri,
2551 4909 2613 4960 ut
2639 4920 2766 4961 mox
2795 4903 3064 4960 dicemus.

2076 4998 2131 5057 4¹.
2167 4994 2420 5053 Secundo
2459 4992 2748 5050 dicendum
2775 4998 2892 5062 est,
2926 4991 3069 5049 hanc
3107 4999 3434 5065 potestatem
3479 4994 3596 5050 aliis

1996 5089 2161 5144 etiam
2190 5082 2455 5158 apostolis
2485 5083 2670 5141 datam
2698 5097 2819 5139 esse
2857 5082 3164 5139 immediate
3191 5082 3260 5138 ab
3296 5084 3413 5154 ipso
3437 5084 3598 5141 Chri-

1996 5184 2103 5243 sto,
2132 5173 2386 5250 quamvis
2414 5172 2630 5229 diverso
2661 5172 2820 5229 modo
2840 5178 2894 5225 et
2925 5172 3102 5227 minus
3129 5172 3372 5241 00110010
3391 5214 3406 5244 ,
3428 5190 3596 5245 quam

1998 5270 2182 5325 Petro.
2203 5266 2448 5323 Priorem
2469 5269 2682 5338 partem
2703 5261 3160 5319 tenetnurand.in
3181 5261 3595 5337 4,dist.2⁴,q.2,

3088 5366 3142 5408 39
