4325 6267
771 293 894 360 246

761 451 954 504 genere
987 449 1080 492 suo
1115 444 1282 505 potest
1319 439 1551 506 obligare
1587 437 1685 490 sub
1719 437 1869 504 culpa
1901 435 2138 499 mortali,
2162 435 2289 487 licet

760 523 862 562 non
897 523 1098 574 semper
1130 511 1226 562 boc
1263 511 1526 574 contingat
1558 510 1610 560 in
1637 507 1917 561 individuo.
1943 535 2012 547 --
2035 508 2087 560 3.
2114 506 2290 558 Corol-

761 581 962 632 larium.
991 608 1062 618 —-
1085 581 1352 633 Praedicta
1377 587 1603 646 potestas
1627 579 1972 644 praecipiendi
2005 591 2122 629 cum
2145 583 2290 627 tanta

763 651 994 714 rigorosa
1031 651 1343 714 obligatione
1376 652 1710 716 consequitur
1733 649 1798 700 ad
1820 649 1960 700 illam
1983 654 2289 714 potestatem

760 733 824 770 ex
849 721 958 784 ipsa
983 728 1168 771 natura
1203 721 1311 784 rei,
1339 735 1439 772 non
1463 727 1542 772 est
1569 727 1736 772 tamen
1760 733 1825 770 ex
1848 720 2055 784 speciali
2079 730 2289 769 conces-

760 791 905 843 sione
929 791 1018 842 Dei
1043 799 1136 842 aut
1159 790 1370 844 Christi.
1391 817 1462 828 —
1477 792 1531 842 4.
1555 790 1842 844 Secundum
1863 789 2211 842 corollarium-

767 979 818 1036 1.
847 979 1231 1051 Praeceptum,
1265 986 1331 1037 ut
1355 983 1509 1038 notat
1533 979 1787 1038 Caiet.‘2.
1819 983 1877 1049 2,
1907 993 1963 1052 q.
1997 981 2102 1037 104
2128 1019 2142 1048 ,
2174 981 2282 1033 art.

683 1074 741 1142 2,
773 1074 831 1125 et
865 1069 917 1126 in
946 1069 1104 1126 Sum.
1135 1070 1302 1127 verbo
1322 1074 1731 1145 praeceptum,
1761 1067 2035 1126 interdum
2055 1081 2281 1141 genera·

680 1159 807 1216 liter
856 1161 1094 1217 sumitur
1140 1175 1242 1232 pro
1280 1159 1508 1232 imperio
1550 1160 1858 1233 imponente
1903 1158 2284 1216 necessitatem

682 1248 1002 1320 obediendi,
1045 1251 1118 1307 ita
1161 1256 1225 1306 ut
1255 1255 1538 1322 peccetur,
1569 1251 1615 1305 si
1648 1265 1756 1306 non
1782 1249 2104 1322 impleatur,
2135 1249 2285 1304 iuxta

679 1338 812 1399 illud
856 1341 1167 1417 Hieronymi
1203 1340 1337 1398 libro
1363 1344 1425 1399 -1.
1460 1347 1656 1398 contra
1691 1340 2054 1397 Iovinianum:
2107 1335 2281 1414 Quod

673 1433 1050 1506 praecipitur
1071 1476 1084 1498 ,
1121 1434 1491 1507 imperatum·
1524 1429 1677 1506 quod
1701 1433 2051 1506 imperatur,
2087 1443 2283 1484 neces-

681 1538 744 1579 se
771 1526 856 1580 est
875 1520 1020 1594 fieri
1040 1566 1055 1588 ‚
1090 1537 1212 1594 cap.
1243 1521 1346 1578 ult.
1387 1527 1473 1593 14,
1503 1538 1558 1596 q.
1599 1520 1980 1595 1.‘Aliquando
2025 1535 2155 1577 vero
2186 1534 2279 1576 ac-

680 1613 882 1684 cipitur
917 1611 1348 1669 antonomastice
1377 1626 1476 1684 pro
1505 1613 1729 1684 imperio
1753 1615 2061 1683 imponente
2092 1623 2284 1667 neces·

681 1705 893 1760 sitatem
924 1702 1223 1759 mortaliter
1247 1700 1530 1775 peccandi,
1555 1703 1725 1760 sinon
1748 1697 2024 1775 pareatur,
2058 1705 2112 1756 et
2131 1707 2285 1757 utro·

681 1809 790 1867 que
827 1792 991 1850 modo
1019 1798 1381 1865 praeceptum
1407 1791 1635 1849 includit
1657 1790 2038 1865 obligationem
2064 1791 2118 1846 in
2149 1804 2283 1846 con-

680 1881 926 1940 scientia:
976 1889 1034 1938 et
1059 1881 1133 1938 ita
1159 1887 1394 1956 utraque
1422 1883 1559 1939 ratio
1582 1882 1855 1955 praecepti
1877 1881 2082 1938 sufficit
2100 1879 2171 1938 ad
2193 1897 2285 1936 ve·

679 1988 798 2031 ram
838 1971 1108 2029 rationem
1146 1971 1282 2045 legis
1300 2013 1316 2044 ,
1345 1977 1402 2028 et
1427 1972 1610 2046 aliqua
1636 1986 1828 2028 earum
1857 1970 2169 2028 necessaria
2197 1976 2286 2028 est

689 2053 840 2120 iuxta
875 2076 1046 2135 supra
1073 2062 1240 2120 dicta.
1270 2063 1407 2118 Hinc
1435 2077 1567 2134 ergo
1595 2062 1771 2119 oritur
1798 2061 2069 2135 quaestio,
2100 2075 2167 2116 an
2198 2061 2281 2117 lex

689 2151 864 2210 civilis
887 2151 1068 2209 solum
1098 2151 1345 2210 includat
1364 2153 1630 2209 rationem
1653 2153 1934 2224 praecepti
1956 2151 2105 2224 large
2127 2166 2281 2207 surn-

686 2244 796 2318 pti,
839 2243 924 2300 vel
961 2244 1126 2300 etiam
1165 2243 1340 2314 possit
1361 2257 1429 2298 ex
1457 2257 1559 2299 suo
1586 2257 1784 2316 genere
1811 2241 1982 2314 magis
2010 2240 2279 2314 obligare,

613 2387 620 2392 .
685 2342 745 2392 et
767 2335 1149 2392 necessitatem
1184 2333 1462 2407 imponere
1493 2331 1575 2390 vel
1604 2332 1845 2405 parendi,
1872 2331 1956 2388 vel
1979 2329 2281 2388 mortaliter

688 2423 970 2498 peccandi.
1009 2426 1072 2482 In
1097 2439 1208 2496 quo
1237 2429 1444 2496 puncto
1474 2422 1675 2480 clarius
1698 2423 1952 2480 videntur
1974 2421 2126 2494 loqui
2146 2423 2279 2480 Ger-

687 2532 817 2588 son,
869 2521 926 2571 et
969 2514 1250 2571 Almainus
1287 2528 1456 2587 supra
1498 2513 1645 2571 citati
1693 2527 1816 2586 cap.
1848 2513 1970 2586 XX,
2016 2516 2279 2585 negantes

686 2605 1030 2678 magistratui
1075 2603 1224 2660 civili
1264 2603 1406 2659 banc
1447 2609 1792 2675 potestatem.
1825 2602 2082 2674 Idemque
2111 2617 2142 2657 a
2170 2601 2283 2658 l'or-

686 2678 814 2752 tiori
834 2699 1039 2761 tenent,
1068 2693 1164 2768 qui
1190 2692 1259 2749 de
1279 2692 1492 2766 legibus
1511 2693 1898 2750 ecclesiasticis
1925 2691 2032 2749 hoc
2053 2691 2277 2763 docent,

687 2801 828 2860 quos
867 2783 1002 2840 libro
1047 2783 1292 2858 sequenti
1329 2799 1451 2857 cap.
1483 2784 1666 2841 xvm.
1703 2782 2275 2840 commemorabimus.

686 2874 863 2949 Aliqui
889 2875 1052 2933 etiam
1082 2875 1400 2932 canonistas
1427 2874 1766 2947 docuerunt,
1794 2889 1901 2929 non
1928 2888 2050 2929 esse
2078 2888 2304 2946 pecca-¹

687 2974 806 3025 tum
843 2965 1110 3036 mortale,
1149 2981 1257 3022 non
1297 2979 1491 3036 parere
1534 2962 1746 3038 legibus
1772 2963 2024 3021 civilibus
2057 2964 2279 3021 secluso

687 3063 1029 3129 contemptu.
1061 3053 1212 3112 lmol.
1253 3055 1307 3111 in
1345 3061 1518 3127 repet.
1553 3057 1730 3127 capite
1763 3057 1918 3112 Cum
1943 3057 2270 3128 contingat,

686 3146 753 3205 de
783 3148 890 3203 iur.
923 3145 1031 3203 col.
1069 3146 1158 3215 17,
1189 3146 1353 3202 cuius
1379 3143 1688 3202 doctrinam
1715 3146 1768 3200 in
1801 3144 1902 3202 hac
1927 3150 2094 3219 parte
2120 3143 2279 3202 valde

684 3236 1034 3296 commendat
1073 3235 1244 3293 Felin.
1275 3235 1327 3291 in
1356 3249 1409 3292 c.
1450 3241 1498 3294 1.
1530 3234 1598 3292 de
1635 3235 1872 3307 sponsal.
1904 3250 1962 3291 n.
2001 3239 2100 3308 19,
2130 3234 2277 3293 unde

684 3329 937 3387 videntur
981 3342 1320 3400 supponere,
1359 3341 1426 3383 ex
1462 3325 1514 3383 vi
1550 3326 1738 3384 talium
1767 3326 1954 3401 legum
1981 3342 2089 3382 non
2115 3326 2274 3400 sequi

682 3435 781 3493 per
813 3437 872 3476 se
901 3418 1064 3476 talem
1091 3417 1492 3490 obligationem.
1524 3417 1588 3473 Hi
1616 3433 1746 3474 vero
1775 3421 2032 3473 auctores
2062 3415 2274 3473 nullam

621 3504 636 3519 ⁰
685 3525 880 3567 novam
912 3509 1210 3582 rationem,
1240 3507 1323 3564 vel
1351 3506 1724 3579 probationem
1752 3507 2015 3577 afferunt,
2046 3521 2159 3580 qua
2184 3523 2275 3564 os-

683 3598 940 3671 tendant,
970 3596 1235 3656 excedere
1270 3596 1572 3655 efficaciam
1609 3599 1889 3670 potestatis
1926 3614 1990 3654 ac
2026 3597 2160 3671 legis
2197 3597 2275 3654 ci-

682 3691 836 3765 vilis,
877 3691 1139 3763 attingere
1166 3687 1312 3745 bunc
1340 3687 1574 3762 gradum
1601 3688 1901 3761 praecepti,
1934 3703 2036 3744 seu
2066 3687 2273 3760 obliga-

684 3781 864 3848 tioniS,
896 3786 955 3835 et
979 3794 1202 3850 omnes,
1244 3793 1385 3852 quae
1421 3777 1598 3835 afferri
1634 3785 1892 3851 possunt,
1924 3777 2274 3836 reducuntur

683 3872 750 3929 ad
789 3884 913 3942 eas,
943 3884 1085 3942 quae
1120 3868 1172 3925 in
1209 3869 1386 3940 capite
1412 3867 1522 3925 XX.
1538 3871 1764 3941 positae
1794 3874 1945 3925 sunt.
1975 3867 2183 3936 Quibus
2212 3883 2271 3924 o·

681 3975 883 4018 missis:

756 4055 813 4109 2.
844 4049 978 4107 Dico
1006 4048 1213 4121 primo:
1247 4047 1360 4105 Lex
1387 4046 1559 4105 civilis
1585 4061 1651 4105 ex
1678 4061 1880 4122 genere
1905 4062 2008 4105 suo
2028 4047 2269 4122 obligare

678 4145 861 4216 potest
887 4139 991 4196 sub
1018 4145 1176 4196 reatu
1203 4137 1446 4196 mortalis
1477 4137 1693 4212 culpae.
1719 4141 1852 4197 Dico
1875 4146 2058 4198 autem
2079 4155 2156 4197 ex
2175 4155 2271 4214 qe-

679 4248 814 4290 nere
847 4247 982 4299 suo,
1019 4231 1146 4303 quia
1173 4235 1384 4288 certum
1413 4235 1518 4296 est,
1549 4232 1604 4286 in
1633 4229 1909 4287 individuo
1940 4246 2040 4288 seu
2074 4231 2131 4287 in
2159 4231 2272 4287 sin·

677 4321 821 4397 gulis
856 4321 1068 4394 legibus
1109 4334 1220 4377 non
1257 4333 1471 4392 semper
1509 4335 1630 4377 esse
1667 4328 1777 4377 tam
1807 4334 2031 4394 gravem
2061 4319 2269 4394 obliga·

678 4414 902 4483 tionem,
927 4416 988 4468 ut
1015 4409 1374 4484 transgressio
1405 4409 1534 4483 legis
1561 4409 1734 4466 civilis
1764 4417 1978 4468 reatum
2011 4417 2269 4468 aeternae

679 4516 884 4574 poenae
924 4501 1167 4558 inducat.
1211 4500 1348 4567 Quia
1384 4514 1484 4556 nec
1527 4497 1613 4556 lex
1653 4499 1832 4559 divina
1862 4544 1876 4573 ,
1917 4507 1975 4558 et
2001 4501 2269 4559 naturalis

680 4591 824 4651 omni
851 4591 1080 4649 materia
1114 4595 1171 4648 et
1205 4589 1419 4647 actione
1448 4605 1578 4646 cum
1605 4597 1758 4648 tanto
1789 4593 1968 4664 rigore
1997 4591 2265 4665 obligant,

591 4693 600 4701 ‘
679 4689 744 4740 ut
769 4697 834 4739 ex
870 4685 919 4740 1.
946 4686 1003 4754 2,
1035 4696 1095 4754 q.
1127 4685 1218 4753 88,
1241 4685 1298 4737 et
1321 4684 1412 4738 89.
1438 4696 1588 4738 nunc
1611 4696 1881 4754 suppono.
1905 4682 2113 4738 Dicitur
2135 4673 2268 4755 ergo

651 4770 768 4840 glex
795 4769 967 4827 civilis
993 4785 1061 4827 ex
1089 4784 1193 4826 suo
1229 4784 1430 4844 genere
1457 4770 1696 4845 obligare
1723 4771 1828 4828 sub
1857 4772 2109 4845 mortali,
2140 4773 2269 4847 quia

683 4861 728 4917 si
754 4876 820 4918 ex
850 4867 1005 4933 parte
1032 4860 1288 4918 materiae
1317 4861 1392 4916 sit
1417 4861 1715 4934 capacitas,
1744 4866 1799 4918 et
1823 4862 2079 4919 voluntas
2107 4863 2270 4937 legis·

681 4947 868 5007 latoris
905 4950 1255 5023 interveniat,
1286 4966 1353 5008 ex
1388 4957 1546 5022 parte
1583 4950 1715 5023 legis
1757 4965 1865 5008 non
1893 4950 2051 5010 deest
2084 4951 2269 5010 effica-

681 5041 766 5098 cia
799 5056 898 5098 seu
924 5046 1166 5113 potestas
1195 5039 1263 5097 ad
1291 5037 1660 5114 obligandum.
1693 5042 1774 5097 Ita
1803 5039 1969 5098 docet
1993 5047 2179 5115 aperte
2206 5041 2263 5100 d.

681 5115 996 5191 Thomas‘z
1028 5137 1086 5206 2,
1116 5147 1173 5206 q.
1214 5133 1340 5205 104,
1371 5121 1474 5189 art:
1510 5136 1564 5189 s.
1597 5131 1784 5189 iuncto
1815 5137 1920 5189 art.
1958 5137 2008 5202 1,
2038 5149 2094 5206 q.
2137 5137 2263 5207 105,

681 5229 739 5281 et
764 5240 824 5299 q.
859 5225 984 5298 147,
1013 5229 1119 5282 art.
1151 5227 1208 5298 3,
1237 5224 1368 5280 Soto
1393 5221 1486 5280 lib.
1519 5226 1566 5282 1.
1599 5220 1671 5281 de
1695 5225 1945 5294 iustitia,
1981 5239 2039 5300 q.
2068 5228 2123 5298 6,
2155 5229 2262 5284 art.

2149 307 2352 358 met
2377 307 2485 358 111.

2357 438 2422 504 4,
2454 435 2646 492 Castro
2673 431 2769 490 lib.
2808 433 2857 493 l.
2888 429 2961 490 de
2987 431 3099 508 leq.
3128 447 3297 509 poen.
3326 446 3451 506 cap.
3484 436 3549 504 4,
3576 438 3633 491 et
3661 437 3717 507 5,
3744 431 3943 492 Driedo

2357 523 2449 582 lib.
2490 529 2545 584 2.
2588 521 2662 581 de
2699 522 2889 582 libert.
2930 524 3244 583 christian.
3286 541 3409 598 cap.
3448 527 3507 596 1,
3544 523 3741 584 Medin.
3780 526 3843 584 C.
3876 525 3946 584 de

2355 614 2624 687 poeniten.
2658 619 2825 672 tract.
2858 619 2915 686 4,
2944 613 3011 671 de
3038 615 3201 673 ieiun.
3227 629 3279 672 c.
3316 617 3370 682 7,
3394 615 3578 674 Adria.
3605 616 3852 690 quodlib.
3878 621 3942 688 6,

2354 715 2459 765 art.
2493 712 2549 781 2,
2578 707 2742 766 Maior
2770 711 2827 781 4,
2858 705 2983 764 dist.
3020 710 3109 778 15,
3137 722 3195 780 q.
3228 710 3286 776 4,
3315 708 3635 779 praesertim
3664 705 3734 764 ad
3753 712 3815 781 2,
3834 709 3946 766 Na·

2354 813 2501 855 varr.
2540 799 2596 855 in
2630 799 2786 855 Sum.
2820 812 2943 871 cap.
2975 801 3083 870 23,
3109 813 3166 853 n.
3198 803 3291 871 55,
3320 799 3547 856 covarr.
3577 799 3629 854 in
3656 813 3776 872 reg.
3802 814 3943 872 pec·

2354 893 2575 956 catum,
2609 904 2665 960 p.
2694 891 2754 959 2,
2784 893 2809 962 g
2838 893 2892 958 5,
2923 902 2981 944 n.
3007 891 3065 959 2,
3094 892 3152 944 et
3178 892 3233 960 3,
3266 888 3359 946 ubi
3382 887 3570 960 plures
3591 886 3726 946 alios
3746 887 3937 946 refert.

2352 979 2425 1036 Et
2452 977 2669 1051 probari
2696 985 2877 1050 potest
2900 992 2969 1034 ex
2996 979 3234 1051 August.
3265 978 3427 1052 epist.
3465 983 3555 1036 50.
3586 994 3693 1035 non
3722 976 3885 1054 longe
3908 993 3941 1034 a

2352 1069 2647 1142 principio,
2678 1067 2921 1125 dicente:
2960 1069 3327 1144 Quicumque
3364 1065 3587 1140 legibus
3620 1071 3940 1143 imperato·

2352 1175 2509 1227 rum,
2537 1174 2689 1232 quae
2702 1173 2814 1234 pro
2836 1161 2949 1216 Dei
2968 1161 3215 1215 veritate
3218 1155 3516 1229 serentur,
3537 1157 3940 1232 obtemperare

2352 1265 2473 1306 non
2516 1247 2675 1317 vult,
2732 1250 2995 1322 acquirit
3038 1246 3267 1320 grande
3310 1247 3690 1323 supplicium
3732 1249 3937 1322 Utique

2352 1339 2496 1413 apud
2538 1341 2711 1396 Deum
2731 1381 2747 1410 ,
2786 1346 2851 1396 ut
2876 1353 2944 1395 ex
2970 1344 3234 1396 contextu
3260 1345 3496 1396 constat.
3526 1337 3747 1397 Ostendi
3771 1341 3939 1396 etiam

2355 1435 2539 1503 potest
2564 1431 2795 1486 assertio
2826 1429 3081 1486 omnibus
3107 1429 3426 1487 testimoniis
3448 1437 3504 1486 et
3518 1430 3822 1488 rationibus
3844 1429 3940 1486 ad-

2351 1519 2535 1576 ductis
2566 1520 2619 1575 in
2646 1534 2769 1591 cap.
2802 1519 2922 1590 XX3
2953 1534 3078 1575 nam
3106 1518 3360 1593 obligatio
3382 1521 3433 1576 in
3456 1521 3791 1578 conscientia
3811 1520 3942 1576 sim·

2350 1609 2565 1682 pliciter
2592 1609 2741 1667 dicta
2766 1607 3081 1667 extenditur
3108 1625 3173 1667 ex
3198 1625 3399 1683 genere
3428 1626 3531 1668 suo
3566 1610 3633 1667 ad
3662 1610 3939 1684 obiigatio·

2351 1717 2475 1759 nem
2516 1701 2617 1758 sub
2659 1700 2896 1759 mortali.
2938 1700 3089 1759 Unde
3128 1701 3263 1758 ratio
3298 1702 3522 1774 propria
3545 1708 3665 1772 est,
3696 1700 3825 1774 quia
3852 1701 3936 1758 lex

2350 1791 2591 1848 bumana
2612 1805 2676 1848 ex
2700 1805 2759 1846 se
2781 1789 2987 1863 obligat
3008 1790 3060 1846 in
3083 1790 3438 1864 conscientia3
3456 1805 3590 1864 ergo
3612 1806 3678 1848 ex
3700 1807 3757 1848 se
3770 1789 3938 1848 etiam

2350 1881 2561 1938 inducit
2612 1881 2993 1955 obligationem
3039 1883 3298 1939 materiae
3340 1882 3837 1954 proportionatam,
3892 1883 3937 1938 si

2351 1973 2501 2030 circa
2530 1971 2677 2028 illam
2708 1970 2959 2028 absolute
2979 1971 3217 2042 seratur,
3241 1987 3372 2046 ergo
3395 1988 3462 2030 ex
3484 1989 3542 2030 se
3567 1971 3829 2031 inducere
3851 1988 3943 2029 va-

2351 2064 2426 2122 let
2446 2063 2832 2139 obligationem
2856 2063 2959 2120 sub
2983 2064 3213 2120 mortali.
3238 2063 3622 2135 confirmatur,
3644 2064 3773 2137 quia
3792 2065 3933 2120 ratio

2350 2155 2613 2212 naturalis
2634 2153 2827 2224 dictat,
2843 2153 3045 2210 talibus
3061 2153 3269 2227 legibus
3285 2171 3407 2212 esse
3428 2153 3806 2226 obediendum,
3822 2151 3935 2211 sic-

2348 2251 2413 2302 ut
2439 2244 2641 2316 dictat,
2669 2259 2791 2302 esse
2820 2243 3181 2302 obediendum
3209 2244 3553 2317 parentibus,
3586 2251 3641 2301 et
3674 2245 3820 2302 sicut
3856 2245 3938 2302 di·

2349 2340 2485 2405 ctat,
2510 2333 2926 2407 promissionem
2942 2335 3051 2390 Deo
3076 2333 3277 2391 factam
3297 2350 3417 2392 esse
3439 2335 3783 2408 servandam
3799 2350 3934 2410 ergo

2348 2427 2496 2484 sicut
2530 2442 2638 2482 non
2678 2439 2897 2482 servare
2923 2431 3077 2496 vota,
3104 2424 3191 2482 vel
3218 2440 3325 2481 non
3362 2423 3580 2482 obedire
3616 2426 3935 2497 parentibus

2346 2531 2414 2572 ex
2454 2530 2555 2571 suo
2586 2530 2783 2588 genere
2810 2521 2895 2572 est
2922 2519 3214 2586 peccatum
3242 2514 3499 2586 mortale,
3528 2517 3607 2572 ita
3631 2517 3797 2573 etiam
3826 2531 3934 2574 non

2350 2622 2570 2664 servare
2611 2605 2755 2679 leges
2798 2604 3019 2676 civiles,
3064 2623 3163 2664 seu
3206 2605 3386 2681 (quod
3428 2603 3648 2678 perinde
3676 2605 3792 2679 est)
3821 2622 3933 2662 non

2350 2697 2569 2756 obedire
2596 2695 2825 2769 principi
2854 2695 3146 2769 saeculari,
3177 2713 3244 2754 ex
3274 2712 3377 2754 suo
3404 2710 3604 2770 genere
3630 2702 3715 2753 est
3734 2711 3933 2770 pecca-

2350 2793 2467 2844 tum
2508 2785 2766 2859 mortale;
2804 2800 2935 2858 ergo
2962 2785 3113 2860 leges
3140 2785 3330 2843 civiles
3354 2801 3421 2843 ex
3448 2801 3645 2860 genere
3674 2801 3777 2843 suo
3806 2803 3938 2860 pos-

2348 2883 2481 2933 sunt
2510 2875 2749 2948 obligare
2779 2873 2844 2931 ad
2875 2877 3119 2932 mortale.

2425 2971 2479 3024 3.
2514 2967 2689 3038 Atque
2718 2965 2843 3021 hinc
2872 2965 3126 3037 infertur,
3156 2971 3483 3038 potestatem
3514 2965 3651 3023 banc
3679 2966 3755 3022 sic
3775 2981 3934 3038 prae-

2348 3055 2584 3128 cipie'ndi
2625 3072 2757 3112 cum
2796 3063 2908 3112 tam
2947 3057 3197 3129 rigorosa
3237 3056 3559 3130 obligatione
3594 3072 3704 3115 non
3732 3073 3934 3114 conve·

2347 3148 2463 3203 nire
2486 3145 2821 3220 principibus
2842 3144 3219 3202 saecularibus
3234 3161 3301 3203 ex
3317 3146 3535 3218 speciali
3550 3148 3644 3204 Dei
3666 3146 3933 3204 autChri-

2348 3238 2416 3294 sti
2442 3237 2819 3307 concessione,
2852 3235 2946 3292 sed
2972 3251 3037 3292 ex
3069 3242 3266 3293 natura
3292 3237 3370 3294 rei
3400 3239 3665 3311 consequi
3692 3237 3759 3294 ad
3778 3237 3929 3296 illam

2344 3333 2701 3401 potestatem,
2746 3342 2909 3400 quam
2953 3325 3152 3383 babent
3190 3342 3222 3382 a
3262 3329 3373 3384 Deo
3412 3327 3481 3385 ad
3522 3325 3933 3400 gubernandam

2344 3417 2741 3490 rempublicam
2770 3418 2823 3473 in
2854 3431 2957 3472 suo
2986 3415 3195 3472 ordine.
3227 3411 3495 3474 Probatur
3514 3418 3689 3489 primo
3711 3433 3743 3474 a
3764 3417 3929 3474 simili

2347 3509 2412 3566 de
2442 3512 2738 3602 potes-tate,
2776 3521 2943 3580 quam
2981 3512 3138 3579 pater
3166 3506 3326 3563 babet
3358 3506 3428 3564 ad
3462 3507 3839 3578 imperandum
3868 3509 3935 3564 fi-

2343 3599 2435 3671 lio,
2469 3595 2790 3672 imponendo
2818 3597 2865 3652 ei
2890 3612 3109 3670 gravem
3138 3596 3542 3670 obligationem,
3567 3597 3787 3672 quando
3814 3613 3932 3654 ma-

2342 3689 2477 3747 teria
2516 3688 2662 3746 illam
2704 3687 2977 3762 postulat3
3016 3685 3103 3744 illa
3143 3687 3284 3744 enim
3324 3692 3566 3760 potestas
3606 3703 3715 3744 non
3750 3695 3931 3747 estex

2342 3779 2563 3854 speciali
2602 3779 2987 3850 concessione,
3030 3778 3127 3836 sed
3162 3779 3413 3852 sequitur
3450 3778 3566 3835 iure
3605 3785 3833 3838 naturae
3858 3795 3931 3837 ex

2340 3869 2392 3928 vi
2418 3868 2637 3926 dominii
2677 3861 2890 3941 paterni
2930 3874 2987 3925 et
3013 3866 3153 3925 illius
3191 3867 3455 3926 naturalis
3482 3869 3762 3942 principii:
3796 3869 3929 3927 obe·

2340 3959 2597 4018 diendum
2620 3965 2711 4016 est
2734 3958 3047 4031 parentibus
3072 3960 3217 4016 iuste
3239 3959 3723 4038 praecipientibus.
3746 3959 3926 4018 Idem-

2339 4065 2449 4126 que
2488 4058 2575 4106 est
2611 4063 2743 4106 cum
2770 4049 3126 4122 proportione
3152 4047 3221 4106 de
3247 4047 3581 4119 obedientia,
3611 4065 3779 4124 quam
3806 4065 3927 4108 ser-

2339 4156 2443 4197 vus
2483 4139 2648 4198 debet
2682 4137 2934 4210 domin03
2968 4152 3102 4211 ergo
3128 4137 3272 4195 idem
3298 4143 3384 4194 est
3407 4136 3474 4195 de
3501 4137 3803 4198 obedientia
3830 4140 3929 4198 de-

2338 4232 2451 4289 bita
2472 4229 2680 4304 legibus
2701 4227 3030 4302 principum.
3057 4228 3335 4302 Secundo,
3362 4229 3489 4303 quia
3509 4235 3746 4302 potestas
3768 4234 3923 4304 prin-

2338 4321 2475 4392 cipis
2516 4319 2586 4377 ad
2626 4317 3073 4376 constituendum
3112 4325 3299 4377 actum
3342 4325 3407 4376 ut
3442 4323 3815 4380 necessarium
3854 4321 3927 4380 ad

2337 4410 2679 4468 honestatem
2720 4407 2861 4465 illius
2906 4408 3159 4482 virtutis,
3198 4409 3254 4465 in
3294 4411 3455 4466 cuius
3482 4413 3708 4469 materia
3732 4427 3922 4470 versa-

2338 4508 2459 4574 tur,
2488 4499 2577 4557 vel
2612 4498 2678 4556 ad
2714 4498 3192 4571 praescribendum
3228 4498 3466 4557 medium
3491 4503 3549 4558 in
3576 4502 3668 4560 tali
3698 4505 3927 4562 materia

2338 4591 2588 4663 virtutis,
2626 4605 2737 4647 non
2766 4596 2944 4647 estex
2969 4589 3186 4662 speciali
3214 4592 3570 4650 concessione
3605 4591 3865 4652 distincta
3893 4613 3929 4653 a

2336 4685 2605 4754 potestate
2644 4677 2862 4752 regendi
2901 4678 3329 4754 rempublicam,
3371 4677 3467 4738 sed
3506 4687 3593 4738 est
3633 4682 3845 4741 inclusa
3874 4684 3930 4741 in

2334 4771 2425 4829 illa
2450 4787 2517 4828 ex
2544 4771 2661 4843 ipsa
2690 4770 2765 4826 rei
2791 4776 3023 4842 natura3
3054 4767 3149 4827 sed
3175 4785 3242 4826 ex
3270 4768 3375 4827 bac
3400 4776 3685 4845 potestate,
3710 4779 3767 4830 et
3790 4779 3927 4832 actu

2334 4863 2453 4920 eius
2480 4861 2728 4934 sequitur
2754 4859 3045 4917 intrinsece
3070 4865 3128 4918 et
3155 4875 3219 4917 ex
3249 4867 3449 4918 natura
3474 4861 3574 4932 rei,
3605 4868 3669 4920 ut
3697 4863 3769 4920 sit
3788 4879 3921 4936 pec-

2335 4957 2521 5010 catum
2557 4948 3134 5024 mortale‘transgredi
3161 4949 3322 5008 talem
3350 4949 3561 5025 Iegem3
3592 4967 3725 5026 ergo
3754 4953 3921 5012 etiam
4036 5013 4061 5034 ,

2334 5047 2574 5116 potestas
2604 5041 2683 5098 sic
2712 5041 3074 5115 praecipiendi
3100 5047 3187 5099 est
3212 5041 3429 5100 inclusa
3454 5058 3523 5101 ex
3544 5049 3743 5102 natura
3762 5045 3842 5103 rei
3862 5047 3919 5103 in

2336 5131 2430 5191 tali
2472 5139 2775 5206 potestate,
2813 5138 2871 5190 et
2896 5148 3000 5190 non
3025 5138 3112 5190 est
3136 5131 3314 5191 addita
3340 5149 3438 5206 per
3466 5134 3761 5207 specialem
3788 5154 3925 5196 con-

2334 5224 2661 5283 cessionem.
2710 5223 2883 5282 Minor
2928 5222 3243 5282 declaratur
3290 5224 3549 5300 (caetera⁴
3586 5227 3732 5285 enim
3773 5227 3931 5288 clara
