4325 6267
1783 352 1993 406 CAPUT
2018 351 2144 403 XX.-

342 477 697 537 inveniuntur
723 476 956 550 exempti
976 476 1157 552 quoad
1180 476 1469 555 synodales
1496 477 1666 553 leges3
1684 478 1949 551 ergojiisi

339 569 477 627 alias
516 567 838 641 specialiter·
862 568 971 624 sint
1014 569 1282 642 exempti,
1313 573 1571 625 tenentur
1595 566 1703 625 illis
1730 581 1943 640 parere.

338 662 501 717 Patet
529 658 947 731 consequentia,
976 658 1107 731 quia
1134 666 1265 715 sunt
1288 660 1523 717 subiecti
1549 674 1616 716 ex
1648 659 1701 715 vi
1729 656 1949 716 ordina-

342 752 460 807 riae
500 748 887 807 iurisdictionis
913 749 1260 822 episcopalis.
1293 751 1429 808 Item
1457 749 1561 807 hac
1592 750 1799 807 ratione
1822 749 1947 805 iura

3408 341 3542 417 373.

2016 479 2532 539 constitutionibus
2553 480 2838 539 subiicere
2865 486 3084 555 eoquat
3105 479 3433 557 religiosos.
3457 483 3530 541 Et
3555 484 3615 541 li-

2013 572 2104 625 cet
2140 566 2211 625 ibi
2249 570 2602 627 nominentur
2629 572 2942 643 specialiter
2979 572 3176 629 fratres
3212 571 3616 646 praedicatores

2013 662 2073 713 et
2098 656 2335 715 minores
2353 700 2370 731 ,
2399 665 2581 719 tamen
2607 660 2666 719 id
2702 668 2790 719 est
2813 662 2986 737 gratia
3016 662 3279 737 exempli,
3311 678 3493 721 sermo
3534 668 3620 722 ta-

2016 760 2141 804 men
2169 749 2436 820 generalis
2478 756 2565 807 est
2591 750 2659 807 de
2687 751 2944 831 omnibus
2975 752 3265 826 similibus,
3291 759 3352 811 ut
3376 758 3529 825 patet
3547 769 3618 813 ex
3721 748 3742 771 ⁶

341 840 571 913 antiqua
599 840 975 913 praecipiunt,
1018 847 1081 897 ut
1109 839 1363 898 monachi
1388 838 1663 912 episcopis
1692 844 1943 911 pareant,
2016 835 2123 893 illis
2162 837 2374 894 verbis:
2426 841 2583 897 Cum
2625 838 2870 914 quidam
2907 844 3026 899 viri
3063 840 3350 917 reliqwsi,
3400 847 3622 917 utputa

339 937 404 987 et
430 930 499 987 ab
526 932 607 986 eis
634 929 1579 1003 corripiantur,cap.Monasteria‚
1600 934 1660 987 et
1687 943 1810 1001 cap.
1836 930 1948 989 Co·
1998 922 2242 997 fratres
2273 926 2753 1001 praedicatores,
2793 936 2850 988 et
2889 934 3180 993 πώποτ-ιε,
3218 937 3333 999 etc.
3366 932 3616 1003 Accedit,

339 1021 676 1093 quonimus,
706 1022 793 1091 18,
823 1035 879 1092 q.
906 1024 965 1091 2,
991 1026 1047 1078 et
1072 1019 1127 1076 d.
1152 1019 1387 1079 Thomas
1414 1021 1470 1075 in
1499 1024 1558 1091 2,
1588 1018 1829 1077 distinct.
1850 1021 1947 1087 ⁴4,

344 1110 404 1165 in
432 1108 614 1166 ultim.
648 1107 782 1165 dub.
814 1108 958 1166 liter.
990 1108 1059 1165 ad
1085 1114 1141 1167 2.
1174 1110 1277 1177 ait,
1306 1108 1641 1167 monachum
1678 1107 1851 1171 teneri
1878 1105 1951 1165 ad

342 1197 715 1257 obediendum
745 1197 926 1255 abbati
954 1195 1079 1271 plus
1106 1214 1275 1271 quam
1301 1200 1569 1271 episcopo
1592 1198 1643 1254 in
1667 1197 1790 1269 illis,
1807 1212 1951 1275 quae

343 1286 416 1344 ad
445 1294 653 1345 statum
685 1286 909 1361 regulae
935 1289 1237 1361 pertinent3
1280 1290 1335 1344 in
1365 1287 1446 1344 his
1472 1292 1680 1359 autem,
1709 1302 1853 1359 quae
1880 1284 1947 1342 ad

342 1377 691 1450 disciplinam
738 1376 1175 1437 ecclesiasticam
1216 1379 1522 1450 pertinent,
1558 1375 1735 1449 magis
1774 1376 1950 1433 teneri

344 1467 624 1539 episeopo,
641 1465 772 1540 quia
806 1467 864 1523 in
893 1465 975 1523 his
1002 1468 1297 1539 episcopus
1323 1472 1411 1523 est
1437 1465 1688 1537 superior
1714 1464 1945 1521 abbatis.

346 1557 495 1629 Ergo
522 1556 568 1612 si
595 1555 745 1628 leges
772 1555 1108 1629 episcopales
1142 1561 1202 1612 et
1227 1554 1518 1633 synodales
1546 1569 1655 1612 non
1682 1554 1793 1611 sint
1816 1568 1953 1609 con·

345 1652 433 1703 tra
463 1651 669 1703 statum
709 1643 935 1719 regulae
961 1644 1273 1718 religiosae,
1302 1644 1428 1702 licet
1456 1644 1565 1701 sint
1592 1642 1834 1701 diversae
1851 1684 1866 1715 ‚
1888 1638 1954 1700 'et

345 1734 551 1809 aliquid
580 1737 629 1793 ei
667 1734 889 1806 addant,
912 1741 1169 1793 tenentur
1194 1733 1427 1807 religiosi
1453 1734 1533 1791 eis
1560 1731 1777 1790 obedire
1805 1747 1872 1791 ex
1898 1733 1953 1789 vi

344 1824 580 1898 religiosi
610 1829 822 1895 status,
856 1824 903 1881 si
944 1823 1077 1881 alias
1104 1826 1339 1896 exempti
1367 1838 1475 1879 non
1506 1827 1657 1879 sunt.

423 1917 535 1974 Nec
558 1921 758 1973 contra
784 1914 893 1972 boc
914 1913 1097 1973 obstat
1116 1914 1379 1970 motivum
1403 1912 1601 1983 prioris
1622 1908 1950 1968 sententiae.

346 2009 489 2066 Dico
514 2008 679 2078 enim,
698 2004 1002 2078 religiosos,
1024 2019 1133 2061 non
1160 2003 1410 2061 obstante
1440 2008 1613 2073 statu,
1643 2001 1795 2073 prius
1821 1999 1955 2057 obli-

347 2098 469 2170 gari
508 2095 577 2152 ad
606 2092 879 2152 ‚servanda
914 2092 1167 2151 mandata
1204 2094 1297 2150 Dei
1340 2098 1397 2151 et
1430 2090 1746 2162 Ecclesiae,
1784 2106 1953 2163 quam

350 2201 456 2245 sua
505 2190 734 2242 statuta.
766 2182 919 2242 Unde
965 2184 1095 2241 licet
1138 2198 1237 2259 per
1276 2182 1405 2240 talia
1448 2188 1661 2239 statuta
1702 2179 1956 2253 specialia

348 2290 521 2333 onera
560 2274 897 2347 suscipiant,
924 2280 1147 2346 propter
1176 2272 1271 2330 illa
1296 2287 1407 2330 non
1434 2276 1773 2330 excusantur
1800 2286 1833 2327 a
1861 2286 1953 2344 ge-

348 2364 631 2423 neralibus
657 2362 1001 2438 legibus,sed
1028 2362 1121 2420 illa
1146 2362 1454 2421 voluntarie
1478 2361 1790 2434 suscipiunt
1810 2359 1958 2418 ultra

350 2456 671 2513 communia
712 2453 879 2511 onera
920 2442 1368 2510 christianorum.
1407 2452 1552 2509 Inter
1594 2450 1730 2509 baec
1768 2455 1954 2508 autem

348 2543 627 2619 generalia
654 2558 823 2601 onera
842 2542 1271 2601 christianorum
1294 2546 1692 2614 computantur
1712 2555 1799 2614 ea,
1814 2554 1957 2615 quae

352 2650 453 2707 per
492 2633 642 2707 leges
678 2631 1022 2706 episcopales
1059 2639 1158 2690 aut
1183 2629 1469 2709 synodales
1498 2630 1753 2689 omnibus
1781 2630 1957 2704 impo-

352 2727 566 2780 nuntur
593 2766 607 2795 ,
652 2724 785 2779 etin
814 2737 1168 2796 quocumque
1196 2727 1343 2779 statu
1371 2722 1577 2777 servari
1604 2726 1862 2793 possunt,
1895 2727 1959 2778 ut

272 2828 279 2835 ·
350 2818 488 2869 sunt
511 2812 731 2883 ieiunia,
762 2811 1104 2885 testivitates,
1122 2811 1320 2868 etc.Et
1348 2809 1467 2867 ideo
1494 2810 1563 2867 ab
1589 2810 1671 2867 his
1698 2812 1957 2867 excusari

354 2917 462 2960 non
512 2908 749 2976 possunt
780 2907 1005 2973 propter
1032 2901 1289 2974 specialia
1318 2916 1483 2973 onera
1510 2900 1598 2957 sui
1622 2905 1822 2958 status.
1854 2901 1957 2958 Ne·

349 3009 461 3068 que
505 2990 844 3065 comparatio
883 2990 953 3048 ibi
980 2990 1129 3049 iacta
1152 2990 1319 3065 valet,
1349 2990 1479 3063 quia
1508 2995 1713 3047 statuta
1740 2989 1961 3063 religio-

351 3098 543 3141 sorum
582 3098 691 3139 non
720 3086 853 3139 sunt
877 3080 1149 3155 generalia
1169 3095 1269 3155 pro
1302 3086 1417 3137 tota
1438 3079 1698 3153 dioecesi,
1714 3080 1809 3137 sed
1830 3088 1959 3137 sunt

350 3172 607 3245 specialia
647 3172 769 3229 talis
798 3171 1207 3229 communitatis
1232 3177 1290 3228 et
1318 3170 1688 3244 professionis,
1703 3169 1825 3229 ideo
1850 3186 1958 3228 non

356 3268 595 3337 possunt
638 3260 879 3335 obligare
918 3260 1260 3333 saeculares,
1291 3260 1403 3317 sive
1430 3260 1695 3332 clericos,
1726 3260 1839 3316 sive
1868 3259 1959 3317 lai-

353 3369 485 3424 cos3
537 3353 691 3426 leges
734 3356 915 3429 autem
952 3350 1195 3423 episcopi
1232 3349 1511 3423 generales
1551 3356 1681 3407 sunt
1714 3364 1814 3421 pro
1843 3356 1960 3407 toto

353 3442 670 3513 territorio,
723 3442 781 3496 in
826 3456 939 3513 quo
986 3446 1277 3497 morantur
1324 3438 1591 3513 religiosi,
1631 3444 1685 3496 et
1710 3437 1831 3496 ideo
1860 3438 1959 3498 illis

353 3531 702 3605 obligantur,
736 3529 781 3585 si
809 3530 1046 3601 exempti
1075 3544 1179 3584 non
1211 3530 1341 3586 sint.

430 3623 504 3677 De
526 3620 789 3691 exemptis
810 3634 941 3677 vero
961 3624 1045 3675 est
1073 3618 1307 3690 speciale
1334 3616 1585 3690 dubium,
1612 3632 1681 3675 an
1708 3617 1950 3691 obligen-

360 3716 451 3768 tur
492 3709 561 3766 ad
616 3708 980 3767 obediendum
1021 3707 1236 3782 legibus
1276 3710 1685 3781 episcoporum.
1730 3707 1957 3766 Videtur

354 3808 545 3861 autem
570 3798 888 3870 dicendum,
914 3798 967 3854 in
994 3800 1178 3871 rigore
1201 3803 1257 3856 et
1284 3814 1351 3855 ex
1382 3799 1431 3854 vi
1458 3797 1591 3871 legis
1618 3814 1727 3854 non
1756 3797 1959 3872 obliga·

355 3893 425 3949 ri.
458 3889 660 3962 Primo,
702 3890 832 3962 quia
869 3893 999 3945 sunt
1038 3888 1359 3961 simpliciter
1399 3888 1632 3960 exempti
1672 3904 1705 3945 a
1743 3888 1960 3946 iurisdi-

356 3982 543 4038 ctione
574 3986 685 4036 tam
724 3979 1147 4051 episcoporum,
1179 3992 1346 4050 quam
1374 3976 1707 4052 synodorum
1743 3980 1961 4050 episco-

354 4069 596 4144 palium3
635 4082 767 4141 ergo
811 4066 1045 4125 maxime
1072 4071 1206 4123 sunt
1222 4068 1455 4138 exempti
1478 4082 1509 4123 a
1533 4066 1707 4138 primo
1728 4072 1856 4125 actu
1878 4068 1964 4125 iu-

357 4156 720 4228 risdictionis,
744 4156 840 4229 qui
863 4160 948 4212 est
965 4154 1143 4230 legem
1170 4154 1331 4212 terre.
1364 4155 1637 4227 Secundo,
1667 4158 1799 4229 quia
1828 4162 1961 4213 sunt

356 4253 512 4305 extra
538 4245 900 4315 territorium,
916 4250 1241 4317 argumento
1264 4259 1387 4316 cap.
1412 4250 1463 4315 t,
1478 4244 1547 4301 de
1567 4244 1874 4321 privileg.in
1898 4250 1955 4319 6,

358 4343 417 4395 et
445 4336 597 4394 iuxta
624 4333 702 4407 id,
733 4333 883 4408 quod
910 4348 1077 4406 supra
1108 4332 1375 4409 diximus,
1404 4332 1726 4391 existentem
1753 4334 1807 4392 in
1835 4334 1959 4394 loco

356 4429 609 4496 exempto
630 4438 751 4481 esse
772 4429 925 4481 extra
947 4423 1284 4480 territorium
1307 4420 1489 4496 quoad
1510 4423 1767 4481 effectum
1790 4426 1958 4483 iuris-

358 4512 629 4580 dictionis.
643 4513 847 4584 Tertio,
871 4511 1001 4585 quia
1020 4510 1075 4567 hi
1104 4511 1341 4585 religiosi
1368 4513 1602 4585 exempti
1629 4529 1739 4570 non
1766 4521 1956 4571 tenen-

359 4608 453 4659 tur
478 4616 671 4674 parere
702 4600 1106 4674 episcopis,nisi
1132 4602 1185 4657 in
1216 4602 1436 4659 casibus
1463 4617 1494 4657 a
1521 4604 1642 4660 iure
1661 4605 1958 4676 expressis,

361 4698 424 4749 ut
448 4690 725 4765 colligitur
753 4705 823 4747 ex
846 4689 994 4747 dicto
1022 4705 1149 4763 cap.
1182 4694 1230 4747 1.
1257 4690 1325 4747 de
1352 4692 1663 4767 privilegiis,
1694 4692 1743 4750 in
1776 4697 1832 4769 6,
1863 4695 1955 4751 ibi:

360 4778 557 4840 Salvis
578 4778 815 4837 casibus
828 4777 1006 4851 ‚aliia
1036 4781 1104 4836 in
1129 4779 1337 4853 quibus
1358 4784 1765 4857 episcoporum
1783 4785 1962 4842 turis-

360 4868 611 4926 dtetioni
638 4867 872 4927 subesse
911 4872 1207 4928 canonica
1236 4874 1620 4946 praecipiunt
1658 4875 1961 4932 instituta.-

360 4957 576 5015 nullum
602 4962 785 5015 autem
813 4964 898 5015 est
924 4956 1208 5017 decretum
1236 4962 1596 5033 canonicum,
1627 4962 1777 5035 quod
1802 4978 1965 5035 prae·

360 5048 534 5121 cipist
570 5054 851 5118 exemptos
878 5062 1071 5120 parere
1098 5049 1309 5123 legibus
1345 5052 1771 5125 episcoporum3
1802 5053 1963 5128 quin-

363 5139 477 5195 imo
506 5137 708 5208 in‘cap.
742 5138 969 5204 Nimis,
1004 5137 1071 5194 de
1098 5140 1368 5197 excessib.
1397 5141 1788 5213 praelatorum,
1818 5144 1963 5201 inter

364 5226 489 5302 alia,
515 5242 657 5303 quae
685 5226 1045 5301 prohibentur
1071 5228 1370 5305 episcopis,
1397 5230 1639 5305 ponitur,
1662 5231 1813 5307 quod
1840 5234 1963 5291 suis

2015 1014 2166 1090 quod
2208 1016 2478 1075 tridentin.
2510 1018 2810 1076 concilium
2847 1037 2986 1079 sess.
3019 1024 3116 1093 25,
3146 1036 3270 1093 cap.
3313 1026 3400 1079 12.
3435 1021 3501 1078 de
3527 1037 3617 1093 re·

2014 1105 2133 1179 gul.
2165 1106 2478 1179 specialiter
2515 1108 2810 1182 praecipit,
2840 1117 2904 1167 ut
2943 1111 3180 1185 religiosi
3207 1112 3450 1185 exempti
3491 1110 3620 1167 obe-

2015 1192 2170 1251 diant
2205 1196 2481 1268 episcopis
2509 1199 2563 1252 in
2592 1212 2960 1257 censurarum
2988 1205 3046 1257 et
3070 1198 3338 1258 festorum
3367 1200 3630 1271 observa-2

2018 1282 2165 1341 tione
2187 1285 2256 1342 ab
2277 1285 2354 1341 eis
2380 1293 2830 1359 praeceptorum.
2856 1290 2916 1345 In
2949 1305 3062 1363 quo
3091 1288 3311 1347 videtur
3351 1304 3624 1361 suppone-

2017 1389 2100 1447 re,
2128 1382 2290 1432 antea
2319 1391 2428 1432 non
2467 1376 2640 1436 fuisse
2667 1377 2736 1436 ad
2764 1377 2872 1437 hoc
2901 1378 3194 1455 obligatos,
3227 1378 3324 1437 sed
3353 1394 3452 1452 per
3477 1378 3628 1437 illam

2018 1465 2198 1537 legem
2225 1480 2422 1523 eorum
2445 1468 2774 1541 exemptioni
2795 1468 3124 1544 derogatum
3152 1469 3232 1527 iri.
3255 1470 3325 1525 Et
3344 1474 3628 1542 praeterea

2016 1553 2141 1611 inde
2182 1556 2422 1612 sumitur
2452 1542 2841 1629 argumentum
2869 1559 2938 1616 ab
2967 1558 3213 1632 speciali,
3244 1557 3396 1633 quod
3423 1558 3476 1614 in
3505 1556 3626 1614 aliis

2020 1643 2238 1719 legibus
2267 1645 2697 1719 episcopalibus,
2729 1655 2792 1703 ut
2817 1648 3173 1720 ieiuniorum,
3203 1663 3258 1703 v.
3290 1664 3348 1721 g.
3379 1647 3626 1721 religiosi

2019 1734 2257 1805 exempti
2287 1732 2509 1791 obedire
2537 1751 2646 1793 non
2672 1742 2950 1795 tenentur.
2989 1738 3232 1812 Denique
3270 1736 3407 1795 baec
3444 1752 3625 1795 exem·

2020 1823 2135 1896 ptio
2162 1822 2322 1895 pleno
2349 1826 2470 1881 iure
2498 1830 2765 1883 concessa
2791 1833 2898 1901 est,
2929 1833 2994 1885 ut
3018 1843 3086 1885 ex
3112 1826 3406 1901 privilegiis
3431 1825 3626 1885 talium

2020 1910 2403 1984 religiosorum
2426 1920 2735 1987 constat,et
2753 1922 2904 1973 notat
2923 1915 3092 1974 Felin.
3107 1919 3164 1973 in
3191 1932 3314 1989 cap.
3333 1914 3618 1981 Ducem,

2022 2000 2089 2057 de
2129 2001 2283 2060 offic.
2317 2001 2497 2060 ordin.
2527 2004 2579 2060 in
2607 2005 2740 2078 tine,
2771 2021 2836 2063 ex
2863 2006 3232 2064 panormitan.
3264 2013 3324 2064 et
3347 2004 3620 2064 cardinal.

2024 2105 2168 2165 quos
2197 2090 2416 2165 allegat,
2447 2108 2582 2167 ergo
2605 2094 2740 2151 tales
2769 2095 3004 2170 religiosi
3029 2110 3260 2169 prorsus
3283 2100 3415 2153 sunt
3438 2109 3620 2153 exem-

2024 2181 2105 2253 pti
2131 2194 2166 2237 a
2190 2181 2566 2239 iurisdictione
2593 2184 3022 2257 episcoporum,
3057 2192 3120 2242 ut
3147 2186 3202 2241 in
3229 2183 3386 2242 simili
3415 2183 3620 2242 dicitur

2022 2268 2077 2325 in
2106 2284 2233 2342 cap.
2263 2275 2366 2329 Ea·
2393 2287 2524 2334 ore.
2555 2271 2624 2331 de
2651 2274 2969 2348 privilegiis3
3006 2290 3139 2347 ergo
3167 2276 3332 2333 etiam
3359 2290 3391 2331 s
3411 2273 3626 2359 legibus

2022 2374 2218 2417 eorum
2245 2360 2300 2417 in
2328 2358 2413 2417 bis
2441 2361 2718 2437 omnibus,
2747 2378 2892 2437 quae
2915 2378 3016 2437 per
3035 2378 3226 2422 sacros
3255 2378 3496 2422 canones
3517 2380 3626 2423 non

2026 2454 2159 2506 sunt
2197 2456 2445 2522 excepta.

2100 2536 2206 2596 Sed
2235 2537 2364 2596 licet
2391 2537 2498 2596 boc
2526 2554 2720 2598 verum
2747 2539 2818 2597 sit
2843 2556 2910 2599 ex
2937 2540 2991 2597 vi
3011 2542 3297 2615 praecepti
3321 2547 3379 2599 et
3404 2541 3630 2599 iurisdi-

2026 2627 2246 2700 ctionis3
2277 2627 2630 2686 nibilominus
2661 2628 2829 2704 aliqui
2853 2632 3117 2703 sentiunt,
3140 2631 3425 2705 religiosos
3455 2632 3630 2689 teneri

2026 2732 2095 2775 ex
2121 2717 2176 2773 vi
2203 2718 2344 2775 iuris
2373 2720 2640 2777 naturalis
2671 2721 2737 2779 ad
2767 2721 3060 2779 servandas
3087 2720 3187 2780 bas
3213 2720 3363 2795 leges
3391 2720 3628 2797 synoda-

2025 2805 2135 2875 les,
2179 2823 2280 2865 seu
2319 2809 2686 2884 episcopales,
2729 2812 2950 2885 quando
2985 2827 3096 2868 non
3143 2811 3412 2886 derogant
3461 2812 3631 2871 statui

2025 2897 2310 2973 religioso,
2357 2906 2418 2957 et
2461 2906 2716 2973 spectant
2749 2900 2817 2959 ad
2844 2917 3198 2960 communem
3225 2901 3630 2959 observantiam

2026 2994 2084 3045 et
2120 2987 2471 3047 devotionem
2513 2992 2684 3048 totius
2724 2992 2912 3064 populi
2964 2983 3064 3049 aut
3107 2990 3263 3048 cleri.
3314 2992 3473 3048 Ratio
3518 2996 3626 3062 est,

2029 3079 2158 3154 quia
2198 3079 2328 3138 licet
2363 3080 2600 3154 religiosi
2641 3082 2748 3138 sint
2785 3082 3053 3156 exempti,
3093 3080 3446 3140 nihilominus
3497 3085 3630 3138 sunt

2028 3186 2157 3244 pars
2195 3170 2354 3227 istius
2395 3170 2830 3243 communitatis,
2859 3178 2917 3228 et
2939 3171 3065 3229 ideo
3092 3176 3315 3244 propter
3344 3169 3628 3229 uniformi-

2029 3264 2197 3315 tatem
2228 3264 2486 3317 tenentur
2507 3260 2835 3317 conformari
2863 3260 2915 3317 in
2937 3258 3020 3316 bis
3045 3259 3257 3335 legibus
3277 3266 3338 3317 et
3357 3260 3624 3331 moribus,

2028 3349 2159 3421 quia
2189 3348 2366 3421 turpis
2392 3355 2481 3406 est
2506 3363 2665 3421 pars,
2695 3364 2838 3422 quae
2867 3364 2899 3406 a
2924 3355 3040 3407 toto
3067 3347 3363 3419 discordat3
3397 3364 3532 3424 ergo
3559 3364 3628 3407 ex

2028 3437 2135 3494 hoc
2156 3437 2429 3510 principio
2457 3438 2543 3496 lex
2574 3438 2840 3495 naturalis
2862 3438 3068 3512 obligat
3087 3437 3374 3511 religiosos
3391 3437 3463 3496 ad
3487 3438 3626 3503 hanc

2029 3526 2458 3585 uniformitatem
2478 3567 2493 3598 ,
2540 3534 2598 3585 et
2644 3532 3044 3602 consequenter
3093 3526 3160 3585 ad
3189 3527 3626 3587 observationem

2027 3617 2218 3674 talium
2248 3616 2432 3690 legum
2449 3659 2464 3689 ,
2505 3617 2698 3675 saltem
2726 3618 2908 3692 quoad
2938 3618 3046 3676 vim
3074 3618 3414 3691 directivam,
3444 3633 3546 3674 seu
3572 3620 3626 3676 in

2030 3706 2147 3763 soro
2194 3707 2592 3781 conscientiae,
2643 3706 2892 3780 quamvis
2927 3722 3036 3764 non
3073 3705 3259 3780 quoad
3285 3706 3396 3764 vim
3422 3709 3630 3764 coacti-

2029 3811 2184 3865 vam,
2224 3796 2354 3870 quia
2387 3802 2612 3869 propter
2639 3797 3042 3869 exemptionem
3068 3796 3192 3869 cogi
3219 3809 3330 3853 non
3359 3801 3627 3868 poterunt

2027 3901 2125 3958 per
2150 3887 2442 3959 episcopos
2469 3885 2537 3941 ad
2564 3901 2657 3942 eas
2685 3884 2985 3944 servandas
3002 3925 3017 3956 ,
3047 3900 3150 3943 nec
3179 3884 3476 3943 incurrunt
3499 3898 3630 3941 cen-

2028 3990 2215 4049 suras,
2242 3975 2456 4033 etiamsi
2483 3990 2580 4045 per
2605 3989 2699 4031 eas
2725 3975 2867 4032 latae
2895 3976 3024 4033 sint.

2108 4069 2162 4123 6.
2193 4064 2458 4122 Existimo
2488 4070 2688 4137 tamen,
2718 4063 2899 4123 solum
2928 4064 3102 4121 teneri
3129 4061 3416 4137 religiosos
3441 4076 3627 4120 exem·

2027 4161 2152 4229 ptos
2183 4154 2250 4211 ad
2278 4154 2560 4212 vitandum
2589 4153 2910 4213 scandalum
2937 4156 3092 4211 circa
3119 4168 3309 4224 usum,
3332 4150 3417 4209 vel
3439 4152 3628 4209 obser-

2026 4243 2266 4301 vantiam
2296 4243 2486 4301 talium
2512 4243 2720 4317 legum3
2747 4242 2839 4301 illo
2869 4249 3057 4301 autem
3081 4242 3328 4308 secluso,
3355 4257 3468 4298 non
3495 4256 3623 4314 pec-

2028 4349 2190 4407 care,
2219 4333 2337 4391 illas
2375 4348 2484 4390 uon
2511 4332 2802 4405 servando,
2833 4334 2936 4391 nisi
2962 4332 3056 4391 ubi
3083 4347 3190 4389 usu
3225 4336 3282 4389 et
3326 4336 3631 4389 consuetu-

2027 4423 2153 4482 dine
2181 4422 2300 4480 illas
2326 4424 2751 4496 acceptaverint,
2772 4430 2830 4480 et
2857 4439 2958 4480 suo
2984 4422 3092 4482 iuri
3119 4421 3404 4481 cesserint.
3429 4422 3503 4478 Et
3521 4421 3631 4479 hoc

2028 4520 2214 4588 aperte
2254 4513 2494 4571 sentiunt
2519 4512 2712 4571 Palud.
2742 4518 2800 4570 et
2824 4513 3086 4571 Antonin.
3116 4512 3209 4570 ubi
3237 4526 3426 4585 supra.
3458 4512 3620 4571 Ratio

2028 4620 2160 4663 vero
2189 4609 2292 4678 est,
2307 4604 2436 4678 quis
2463 4602 2828 4661 consideratio
2851 4602 2941 4659 illa
2961 4601 3355 4660 uniformitatis
3377 4616 3487 4659 non
3507 4600 3625 4658 sut-

2026 4694 2140 4751 ticit
2175 4694 2246 4751 ad
2285 4691 2600 4750 huiusmodi
2635 4692 3036 4765 obligationem.
3068 4691 3140 4749 Et
3177 4691 3231 4748 in
3259 4690 3444 4762 primis
3473 4688 3646 4764 quod.

2028 4798 2137 4840 non
2175 4782 2416 4841 sufficiat
2451 4780 2520 4840 ad
2556 4780 2940 4855 obligationem
2973 4781 3080 4839 sub
3113 4780 3358 4853 mortali,
3389 4778 3634 4837 ostendi-

2030 4888 2156 4930 mus
2184 4888 2372 4945 supra‚
2405 4878 2462 4929 et
2484 4871 2736 4931 dicemus
2765 4870 2902 4928 infra
2929 4871 2980 4928 in
3011 4871 3254 4929 terminis
3280 4868 3630 4941 tortioribus,
3712 4859 3722 4873 ⁰

2032 4962 2321 5021 tractando
2351 4962 2418 5019 de
2444 4961 2851 5035 dispensatione
2871 4960 3070 5019 harum
3097 4960 3304 5035 legum.
3319 4957 3478 5029 Quod
3497 4974 3632 5017 vero

2030 5050 2119 5109 bic
2156 5051 2305 5109 nulls
2343 5050 2416 5108 sit
2456 5051 2578 5108 talis
2607 5050 2885 5124 obligatio,
2917 5056 3066 5124 patet
3089 5065 3159 5108 ex
3183 5048 3496 5107 diversitate
3523 5052 3634 5115 sta-

2031 5147 2122 5200 tus
2148 5141 2387 5215 religiosi
2413 5158 2446 5199 a
2472 5140 2693 5216 reliquis
2721 5140 3132 5211 saecularibus,
3160 5156 3287 5199 nam
3314 5153 3382 5199 ex
3407 5154 3508 5199 sua
3533 5154 3633 5197 na·

2032 5238 2184 5308 tura,
2202 5239 2265 5289 ut
2291 5231 2372 5291 sic
2399 5229 2596 5302 dicam,
2621 5229 2856 5291 includit
2878 5231 3175 5307 quamdam
3203 5228 3627 5302 difformitatem,
