4325 6267
1810 347 2023 397 CAPUT
2052 349 2197 397 xvl.

353 470 497 527 illam
526 468 871 527 intrinsecam
894 470 1185 543 malitiam,
1212 487 1319 527 non
1345 485 1473 528 vero
1503 488 1605 543 pro
1630 473 1770 544 aliis3
1796 478 1947 529 certe

282 574 297 581 ·
354 575 453 633 pro
480 558 572 643 illa
597 560 707 615 erit
733 565 1089 633 praeceptum
1117 561 1362 618 naturale
1388 562 1647 635 obligans
1685 561 1751 617 ad
1784 560 1945 618 talem

348 656 537 707 actum
559 688 575 710 .
604 654 663 705 et
690 665 795 705 non
825 665 927 723 pro
953 650 1073 707 aliis
1092 692 1107 721 ,
1138 658 1196 709 et
1222 652 1297 709 ita
1328 659 1505 709 stante
1533 653 1623 709 illa
1652 653 1945 710 occasione

350 755 485 797 cum
530 737 781 794 omnibus
823 740 1252 798 circumstantiis
1278 781 1293 810 ,
1332 758 1440 797 non
1480 744 1685 813 poterit
1717 758 1943 815 praece-

351 834 505 901 ptum
524 843 641 883 non
672 826 947 901 obligare:
972 830 1121 901 quod
1148 833 1194 887 si
1217 837 1497 889 mutentur
1520 832 1737 888 occasio
1758 838 1813 887 et
1832 834 1943 888 cir-

351 917 741 989 cumstantiae,
766 923 899 975 tunc
923 916 1170 976 desinere
1189 921 1391 992 poterit
1416 920 1695 993 obligatio,
1726 938 1831 977 non
1864 928 1945 979 ta-

344 1010 475 1064 'men
514 1021 612 1081 per
654 1008 1148 1081 dispensationem,
1180 1009 1275 1066 sed
1311 1011 1437 1083 quia
1468 1010 1599 1067 haec
1638 1019 1724 1067 est
1748 1017 1947 1067 natura

350 1093 628 1171 praecepti
666 1098 1005 1166 affirmativi,
1037 1106 1099 1156 ut
1134 1098 1339 1173 obliget
1376 1116 1593 1172 semper
1629 1108 1685 1157 et
1711 1118 1817 1158 non
1847 1117 1945 1173 pro

348 1202 583 1258 semper.
610 1191 663 1245 Si
687 1204 817 1243 vero
842 1196 1199 1261 praeceptum
1218 1196 1302 1245 est
1324 1191 1655 1263 negativum,
1682 1197 1746 1247 ut
1766 1192 1837 1248 sit
1856 1207 1948 1248 na·

348 1278 524 1335 turale
552 1285 795 1350 oportet,
828 1284 891 1335 ut
918 1277 1200 1351 prohibeat
1241 1294 1379 1349 rem,
1409 1280 1539 1351 quia
1564 1280 1705 1336 mala
1730 1287 1836 1349 est,
1866 1288 1947 1338 at-

347 1384 459 1441 que
495 1368 631 1426 adeo
674 1376 738 1426 ut
774 1384 873 1441 per
912 1383 969 1424 se
1002 1375 1060 1425 et
1086 1370 1382 1425 intrinsece
1419 1376 1507 1425 est
1540 1369 1710 1426 mala:
1743 1370 1945 1445 alioqui

349 1474 461 1515 non
492 1462 601 1515 erit
639 1465 993 1530 praeceptum
1032 1458 1314 1530 naturale,
1348 1458 1495 1531 quod
1536 1474 1639 1513 non
1668 1457 1817 1529 lacit,
1848 1460 1943 1517 sed

348 1548 587 1605 ostendit
614 1548 875 1604 malitiam
905 1557 1066 1603 actus
1096 1547 1372 1620 prohibiti.
1391 1549 1524 1605 Nam
1554 1549 1600 1603 si
1630 1550 1774 1605 actio
1796 1564 1860 1605 ex
1884 1565 1944 1608 se

347 1638 467 1695 talis
508 1654 613 1695 non
654 1645 759 1705 est,
784 1638 1259 1695 *necessaria-erit
1297 1638 1474 1711 aliqua
1515 1637 1803 1712 voluntas,
1847 1653 1943 1710 per

330 1738 512 1801 'quam
541 1730 632 1786 fiat
659 1729 821 1785 rnala.

422 1818 579 1875 Dices
619 1819 733 1875 fieri
762 1834 956 1891 posse,
990 1821 1051 1874 ut
1078 1818 1223 1875 actio
1248 1819 1439 1875 eadem
1470 1817 1747 1875 interdum
1784 1832 1850 1873 ex
1881 1832 1942 1873 se

342 1908 485 1965 maia
510 1908 629 1979 sit,
660 1908 933 1965 interdum
974 1923 1105 1965 vero
1145 1924 1253 1964 non
1296 1908 1393 1977 sit3
1424 1907 1518 1965 sed
1558 1913 1783 1980 contra,
1814 1907 1945 1981 quia

344 2005 483 2055 tunc
520 2013 630 2055 non
659 2001 859 2071 poterit
888 2006 1187 2072 utrumque
1215 1998 1415 2055 habere
1442 2014 1572 2055 cum
1598 1997 1804 2055 eisdem
1832 2000 1940 2055 cir-

338 2089 683 2145 cumstantiis
720 2089 804 2145 vel
828 2088 1229 2145 conditionibus
1247 2105 1312 2145 ex
1338 2094 1491 2160 parte
1516 2089 1789 2145 materiae.
1806 2090 1939 2145 Nam

278 2251 285 2259 ¹
336 2192 469 2233 cum
503 2178 717 2234 bonitas
756 2179 841 2235 vel
864 2178 1064 2235 malitia
1105 2184 1443 2252 consurgant
1482 2194 1547 2233 ex
1586 2181 1940 2235 consonantia

338 2266 799 2327 veldissonantia
838 2273 998 2324 actus
1038 2266 1106 2324 ad
1148 2273 1402 2324 naturam
1442 2266 1796 2336 rationalem,
1828 2269 1941 2323 fieri

337 2372 445 2413 non
478 2364 683 2429 potest,
716 2364 777 2414 ut
807 2356 955 2413 idem
976 2363 1139 2413 actus
1160 2372 1291 2413 cum
1310 2355 1511 2412 eisdem
1536 2355 1939 2413 conditionibus

338 2448 411 2503 sit
440 2462 539 2519 per
566 2464 625 2503 se
650 2445 905 2503 dissonus
946 2454 1003 2503 et
1028 2462 1340 2516 consonus,
1371 2446 1500 2519 quia
1537 2461 1645 2503 non
1676 2446 1941 2503 resultant

339 2530 613 2607 oppositae
656 2536 952 2593 relationes
982 2552 1054 2592 ex
1080 2536 1271 2593 eodem
1298 2536 1685 2609 fundamento,
1714 2552 1847 2609 ergo
1879 2542 1942 2593 ut

341 2626 461 2683 illae
506 2626 753 2683 diversae
791 2626 1133 2683 habitudines
1181 2632 1521 2699 consurgant
1546 2627 1707 2684 etiam
1736 2642 1833 2698 pro
1861 2626 1941 2683 di-

336 2716 513 2772 versis
561 2716 923 2788 temporibus,
954 2730 1180 2773 necesse
1206 2722 1323 2786 est,
1355 2723 1417 2771 ut
1446 2730 1545 2786 pro
1572 2715 1673 2793 illis
1700 2716 1793 2772 liat
1818 2732 1939 2772 mu·

340 2807 473 2862 tatio
520 2806 574 2861 in
620 2805 1029 2863 conditionibus
1069 2807 1345 2862 materiae.
1387 2806 1461 2863 Ut
1498 2823 1554 2859 v.
1598 2822 1652 2879 g.
1686 2807 1939 2877 accipere

338 2910 457 2951 rem
482 2894 735 2967 alienam,
760 2896 1035 2952 interdum
1055 2902 1143 2952 est
1162 2895 1389 2962 malum,
1412 2894 1687 2951 interdum
1707 2894 1934 2966 bonum,

338 2983 435 3041 sed
468 3000 574 3041 non
606 3000 736 3041 cum
761 2982 959 3041 eisdem
986 2984 1416 3041 circumstantiis
1436 3024 1451 3055 ,
1477 2983 1571 3040 sed
1598 2985 1705 3040 erit
1731 2985 1935 3040 malum

335 3074 455 3130 sine
504 3079 749 3131 extrema
775 3074 1120 3146 necessitate,
1152 3075 1357 3130 bonum
1398 3090 1529 3131 vero
1570 3074 1619 3130 in
1659 3073 1769 3147 illa,
1799 3076 1931 3149 quia

336 3179 436 3235 pro
472 3163 579 3220 illis
606 3162 1101 3235 opportunitatibus
1129 3164 1376 3219 variatur
1404 3164 1491 3219 ius
1518 3162 1706 3219 utendi
1732 3164 1821 3220 tali
1852 3178 1933 3220 re.

334 3255 493 3310 Tunc
527 3260 717 3310 autem
748 3258 1101 3325 praeceptum
1129 3254 1439 3326 negativum
1477 3252 1725 3311 naturale
1755 3254 1937 3327 prohi-

332 3340 469 3399 bens
508 3342 671 3399 talem
695 3350 905 3414 actum,
930 3358 1035 3399 non
1060 3343 1313 3415 prohibet
1337 3342 1489 3399 illum
1510 3344 1807 3416 abstracte,
1838 3344 1931 3401 sed

334 3439 400 3489 ut
430 3431 634 3489 malum
659 3445 767 3503 est,
787 3448 851 3489 ac
875 3432 1104 3499 subinde
1125 3440 1188 3490 ut
1210 3440 1459 3489 versatur
1480 3434 1627 3491 circa
1654 3434 1934 3491 materiam

336 3522 532 3578 talibus
569 3524 999 3579 circumstantiis
1025 3524 1313 3597 affectum,
1345 3540 1475 3597 ergo
1500 3540 1603 3580 non
1628 3531 1808 3597 potest
1828 3525 1935 3581 tale

328 3619 687 3684 praeceptum
725 3610 957 3669 deiicere
992 3611 1145 3670 circa
1190 3629 1345 3669 suam
1379 3614 1680 3685 materiam,
1711 3622 1767 3671 et
1796 3630 1932 3672 con·

330 3708 625 3773 sequenter
675 3718 777 3757 nec
820 3702 973 3758 circa
1011 3701 1153 3758 illam
1194 3700 1518 3775 dispensari.
1562 3704 1706 3759 Haec
1747 3709 1932 3760 autem

329 3792 471 3847 ratio
508 3791 829 3848 universalis
854 3797 939 3847 est
968 3806 1066 3862 pro
1096 3790 1346 3847 omnibus
1374 3793 1682 3865 praeceptis
1701 3800 1931 3851 natura-

331 3879 499 3951 libus,
534 3889 589 3937 et
618 3881 707 3938 illa
733 3880 973 3938 ostendit
1000 3881 1345 3937 intrinsecam
1367 3880 1721 3939 differentiam
1748 3883 1929 3955 quoad

332 3970 439 4027 hoc
481 3972 622 4028 inter
660 3971 905 4029 naturale
944 3977 1293 4043 praeceptum
1332 3978 1387 4028 et
1423 3974 1753 4043 positivum:
1795 3990 1929 4048 ergo

329 4060 481 4117 nulla
514 4062 765 4133 exceptio
798 4060 881 4117 vel
910 4062 1161 4117 limitatio
1192 4060 1355 4118 habet
1381 4062 1564 4119 locum
1593 4064 1645 4119 in
1688 4062 1805 4137 lege
1835 4082 1931 4121 na-

334 4151 499 4207 turali
518 4190 533 4221 ,
564 4153 611 4206 si
641 4151 857 4223 proprie
885 4150 951 4206 de
979 4149 1067 4207 illa
1093 4156 1149 4206 et
1177 4150 1243 4208 de
1274 4167 1400 4207 vera
1427 4152 1823 4224 dispensatione
1852 4156 1930 4211 lo-

326 4256 587 4313 quamur.
632 4240 789 4309 Quod
831 4240 873 4296 si
912 4239 1185 4297 interdum
1224 4242 1279 4299 d.
1325 4242 1579 4315 Thomas,
1624 4245 1706 4301 rel
1747 4246 1928 4318 gravis

327 4338 532 4387 auctor
562 4330 719 4387 aliter
746 4331 969 4389 locutus
991 4337 1097 4403 est,
1125 4331 1232 4388 late
1254 4333 1454 4405 accipit
1474 4333 1925 4405 dispensationem

326 4438 428 4494 pro
458 4422 752 4477 mutatione
787 4420 1127 4493 obligationis
1166 4429 1289 4478 orta
1322 4438 1391 4479 ex
1427 4423 1727 4481 mutatione
1758 4431 1929 4481 mate-

320 4512 432 4568 riae
458 4553 473 4580 ,
517 4510 743 4585 quando
796 4511 883 4568 illa
922 4512 1153 4568 mutatio
1198 4514 1455 4569 materiae
1496 4514 1923 4571 extraordinarie

323 4602 377 4656 til
404 4618 436 4657 a
456 4603 565 4657 Deo
594 4616 689 4671 per
722 4616 1033 4675 supremam
1055 4601 1349 4673 quamdam
1380 4610 1725 4675 potestatem,
1750 4612 1814 4662 ut
1833 4622 1926 4662 su·

326 4708 425 4763 pra
451 4690 832 4764 respondendo
858 4690 925 4747 ad
954 4692 1291 4749 Bernardum
1320 4691 1450 4749 satis
1475 4692 1857 4765 explicuimus.

3416 332 3526 395 141

2551 472 2830 541 CAPUT
2873 472 3051 541 XVI.

2024 694 2239 753 Utrum
2287 696 2456 751 circa
2512 692 2700 767 leyem
2751 693 3096 751 naturalem
3145 693 3364 751 habeat
3413 693 3610 750 locum

2088 781 2326 854 epiilcta,
2373 781 2461 840 vel
2507 785 2915 857 interpretatio
2953 786 3072 841 sive
3111 798 3154 841 a
3177 787 3326 852 Deo,
3374 786 3493 841 sive
3531 785 3608 843 ab

2087 870 2534 945 hominesacta.
3009 883 3018 891 ’

2585 1068 3032 1133 Sammarium

2019 1268 2067 1319 1.
2105 1269 2356 1321 Auctores
2390 1271 2728 1321 communiter
2763 1278 3084 1335 supponunt,
3124 1272 3286 1336 legem
3321 1274 3607 1325 naturalem

2084 1354 2232 1411 posse
2252 1341 2484 1405 recipere
2505 1341 3133 1405 interpretationem—2.
3157 1342 3336 1406 Opinio
3353 1356 3606 1407 asserem,

2082 1411 2322 1474 epiikiam
2346 1422 2491 1475 posse
2515 1411 2700 1461 cadere
2725 1412 2777 1461 in
2803 1413 2916 1475 lege
2945 1413 3197 1473 naturali,
3223 1420 3277 1464 et
3309 1414 3374 1463 ab
3403 1412 3605 1464 homine
3683 1416 3690 1423 '

2084 1480 2340 1532 interdum
2365 1480 2496 1531 fieri.
2523 1508 2594 1519 -
2619 1482 2670 1531 3.
2698 1482 2810 1533 Alia
2835 1483 3004 1546 opinio
3026 1494 3287 1544 asserem,
3315 1482 3479 1545 legem
3516 1496 3605 1533 na-

2084 1552 2304 1601 turalem
2338 1564 2451 1603 esse
2485 1553 2706 1616 epiikiae
2741 1553 3048 1616 incapacem.
3073 1580 3144 1589 --
3168 1554 3221 1603 4.
3259 1552 3506 1603 Iudicium
3540 1553 3608 1603 de

2078 1621 2432 1682 opinionibus:
2461 1622 2676 1685 eligitur
2703 1624 2972 1686 posterior,
2999 1630 3052 1673 et
3077 1623 3603 1689 explicatur.—÷Quae

2077 1687 2343 1741 distinctio
2376 1691 2443 1742 sit
2480 1692 2614 1741 inter
2651 1692 2886 1755 epiikiam
2923 1698 2976 1742 et
3013 1694 3506 1757 interpretationem.
3532 1720 3603 1728 —

2080 1758 2132 1808 5.
2158 1760 2323 1809 Prima
2343 1762 2576 1811 assertio:
2599 1762 2758 1811 multa
2785 1769 3054 1826 praecepta
3080 1764 3330 1813 naturalia
3355 1775 3507 1827 saepe
3525 1763 3603 1811 in·
3661 1788 3674 1795 -

2078 1827 2258 1891 digent
2297 1832 2720 1895 interpretatione
2763 1838 2817 1881 et
2840 1830 3346 1883 declaratione.—6.
3372 1832 3603 1883 Secunda

2076 1900 2318 1950 assertio:
2349 1901 2558 1963 Propria
2582 1901 2770 1963 epiikia
2794 1914 2893 1951 non
2919 1900 3073 1951 habet
3097 1902 3263 1951 locum
3297 1903 3348 1952 in
3376 1904 3490 1967 lege
3513 1916 3602 1953 na-

2082 1970 2257 2030 turali,
2288 1976 2345 2020 ut
2369 1970 2615 2021 naturalis
2639 1978 2736 2020 cst.
2765 1998 2834 2007 —
2857 1970 3193 2022 confirmatur
3227 1972 3321 2022 hoc
3354 1978 3407 2021 et
3439 1973 3600 2035 expli·

2077 2046 2228 2089 catur
2258 2040 2411 2090 variis
2433 2040 2691 2103 exemplis.
2718 2068 2789 2076 —
2817 2040 2866 2090 7.
2895 2039 3230 2091 confirmatur
3262 2042 3417 2091 etiam
3441 2042 3598 2093 ratio-

2080 2122 2163 2158 ne.
2183 2136 2251 2145 —
2265 2109 2317 2159 8.
2346 2109 2875 2173 Obiecti0.—-Duplex
2898 2108 3184 2161 differentia
3203 2109 3332 2175 legis
3355 2112 3600 2175 positivae

2077 2185 2131 2229 et
2156 2179 2427 2241 naturaliS,
2449 2179 2584 2229 unde
2604 2181 2824 2230 solvitur
2839 2180 3079 2231 obiectio.
3105 2208 3170 2217 —-
3193 2179 3246 2229 9.
3274 2181 3438 2231 Prima
3456 2180 3599 2231 diffe-

2077 2250 2338 2299 rentia.—
2356 2249 2670 2299 Mendacium
2691 2257 2771 2299 est
2795 2250 3074 2301 intrinsece
3097 2250 3284 2299 malum
3299 2286 3315 2312 ‚
3343 2262 3402 2300 ac
3428 2251 3599 2314 proin-

2071 2319 2135 2369 de
2171 2320 2310 2368 nulla
2345 2332 2496 2370 causa
2530 2318 2852 2370 cohonestari
2885 2334 2976 2384 per
3009 2333 3064 2370 se
3097 2327 3288 2387 potest.
3312 2347 3381 2357 --
3402 2322 3487 2371 10.
3507 2320 3595 2371 Se-

2076 2388 2242 2439 cunda
2263 2389 2571 2440 differentia.
2592 2416 2662 2426 -
2683 2390 2767 2439 11.
2794 2390 2968 2440 Tertia
2992 2390 3234 2439 assertio:
3261 2388 3366 2439 Lex
3389 2396 3594 2441 natura-

2076 2458 2141 2509 lis
2156 2494 2172 2521 ‚
2199 2466 2259 2509 ut
2291 2472 2383 2523 per
2407 2459 2568 2524 legem
2595 2460 2860 2523 positivam
2882 2460 3193 2521 constituta,
3218 2460 3486 2511 admittere
3509 2474 3598 2524 po·

2076 2535 2178 2580 test
2196 2529 2454 2593 cpiikiam.

2092 2720 2138 2773 1.
2171 2719 2290 2773 Duo
2317 2716 2368 2771 in
2399 2715 2501 2772 hoc
2533 2714 2692 2773 titulo
2723 2722 3005 2789 petuntur,
3029 2731 3201 2772 unum
3219 2721 3325 2781 est,
3351 2731 3416 2772 an
3438 2716 3588 2772 circa

2004 2806 2308 2863 naturalem
2338 2806 2512 2879 legem
2541 2806 2736 2863 habeat
2762 2806 2946 2863 locum
2975 2806 3198 2879 epiikia3
3232 2805 3381 2863 aliud
3406 2812 3510 2877 est,
3544 2807 3587 2863 si

2004 2896 2188 2952 locum
2219 2895 2399 2968 habet,
2433 2912 2498 2954 an
2529 2912 2562 2952 a
2585 2896 2704 2953 solo
2728 2898 2860 2971 Deo,
2889 2896 2972 2952 vel
3002 2897 3070 2952 ab
3096 2896 3402 2953 hominibus
3427 2897 3590 2953 etiam

2004 2987 2116 3043 lieri
2156 2988 2354 3057 possit.
2386 2988 2446 3043 ln
2485 2986 2658 3058 primo
2701 2992 2908 3057 puncto
2950 2986 3064 3041 sere
3103 3002 3290 3043 omnes
3330 2991 3586 3043 auctores

2008 3078 2299 3133 convenire
2329 3075 2600 3147 videntur,
2631 3076 2802 3147 legem
2833 3075 3135 3132 naturalem
3166 3092 3322 3148 posse
3343 3077 3588 3149 recipere

2002 3166 2502 3238 interpretationem
2532 3179 2629 3237 per
2655 3163 2924 3237 epiikiam,
2957 3173 3020 3221 ut
3045 3180 3112 3222 ex
3143 3166 3322 3222 statim
3351 3166 3591 3239 allegan-

2001 3254 2085 3312 dis
2118 3256 2414 3313 constabit.
2455 3255 2794 3313 Dissentiunt
2831 3261 3050 3327 tamen·‚
3092 3270 3214 3311 nam
3251 3254 3474 3329 quidam
3511 3255 3589 3313 di·

2002 3352 2159 3413 cunt,
2187 3344 2324 3400 hanc
2345 3342 2590 3417 epiikiam
2611 3343 2729 3416 lege
2749 3344 2981 3399 naturali
3001 3360 3033 3400 a
3055 3344 3173 3400 solo
3196 3346 3305 3401 Deo
3327 3345 3440 3401 fleri
3461 3361 3587 3417 pos·

2003 3450 2083 3491 se.
2116 3433 2393 3492 Tribuitur
2413 3432 2468 3489 d.
2494 3434 2730 3489 Thomas
2749 3434 2804 3488 in
2827 3436 2884 3501 4,
2909 3432 2964 3489 d.
2993 3436 3086 3505 33,
3110 3449 3166 3505 q.
3199 3440 3248 3503 1,
3273 3440 3378 3489 art.
3406 3437 3463 3505 2,
3497 3433 3588 3489 ubi

2003 3527 2248 3600 loquitur
2289 3526 2339 3581 in
2367 3524 2684 3595 particulari
2725 3524 2792 3581 de
2835 3525 2952 3597 lege
2993 3525 3226 3581 naturali
3267 3523 3585 3597 prohibente
3689 3517 3692 3521 ’

2000 3615 2364 3688 pluralitatem
2393 3630 2650 3684 uxorum,
2681 3623 2862 3673 tamen
2890 3615 2959 3672 ibi
2988 3616 3201 3672 nomine
3227 3615 3588 3688 dispensatio·

2002 3706 2085 3761 nis
2115 3705 2308 3761 utitur.
2334 3705 2404 3761 Et
2430 3704 2620 3760 eodem
2651 3703 2812 3760 modo
2834 3704 2900 3761 ibi
2920 3704 3227 3763 Richardus
3249 3711 3354 3761 art.
3380 3709 3430 3777 1,
3454 3720 3509 3777 q.
3534 3708 3583 3775 1,

2000 3794 2190 3863 Palud.
2235 3794 2677 3867 supplementum
2717 3794 2972 3850 Gabrielis
2997 3837 3012 3865 ,
3051 3799 3108 3851 et
3144 3793 3230 3849 alii
3269 3792 3497 3863 ibidem,
3525 3795 3584 3851 in

1997 3884 2190 3943 eodem
2239 3872 2377 3942 casu
2417 3891 2651 3942 utuntur
2693 3884 2904 3941 nomine
2944 3883 3380 3956 dispensationis.
3424 3884 3580 3940 Sicut

1998 3974 2155 4032 etiam
2178 3974 2334 4037 multi
2358 3974 2593 4046 theologi
2618 3974 2779 4048 (utin
2802 3973 2894 4029 lib.
2910 3974 2998 4031 Vl.
3015 3972 3082 4031 de
3107 3981 3233 4030 voto
3254 3973 3578 4045 notavimus)

1997 4064 2134 4137 legis
2165 4066 2672 4136 interpretationem
2702 4065 2753 4119 in
2783 4064 3000 4119 casibus
3029 4064 3284 4120 obscuris
3305 4062 3585 4134 dispensa-

2001 4156 2200 4210 tionem
2225 4160 2446 4211 vocant.
2462 4155 2531 4209 Et
2551 4154 2699 4210 iuxta
2721 4154 2864 4211 dicta
2887 4151 3101 4210 videtur
3120 4152 3426 4209 necessaria
3449 4150 3584 4206 haec

1998 4244 2298 4317 expositio,
2330 4246 2459 4317 quia
2496 4244 2740 4315 rigorose
2765 4242 3092 4315 dispensatio
3122 4258 3228 4298 non
3256 4242 3402 4298 cadit
3425 4240 3476 4295 in
3508 4240 3582 4297 le-

1995 4351 2119 4409 gem
2147 4335 2481 4402 naturalem,
2511 4339 2575 4391 ut
2602 4339 2882 4389 ostensum
2907 4328 3024 4405 est3
3057 4348 3188 4405 ergo
3218 4334 3263 4388 si
3289 4332 3469 4405 aliqua
3499 4332 3580 4387 vi·

1999 4424 2161 4481 detur
2187 4425 2333 4496 fieri,
2362 4439 2486 4480 esse
2519 4422 2680 4479 debet
2717 4438 2813 4494 per
2843 4422 3062 4479 modum
3092 4422 3577 4493 interpretationis.

2002 4516 2147 4571 llaec
2189 4520 2371 4570 autem
2415 4511 2630 4570 videtur
2667 4511 2942 4568 moraliter
2977 4512 3311 4584 necessaria,
3343 4510 3471 4582 quia
3497 4510 3585 4568 lex

1996 4603 2260 4660 naturalis
2285 4602 2466 4676 quoad
2489 4602 2670 4676 aliqua
2690 4608 2982 4675 praecepta
3004 4602 3176 4675 magis
3195 4608 3403 4659 remota
3422 4618 3453 4657 a
3475 4601 3583 4672 pri·

2000 4694 2103 4750 mis
2130 4693 2446 4765 principiis,
2478 4699 2726 4748 versatur
2754 4693 2906 4749 circa
2934 4691 3212 4748 materiam
3243 4690 3579 4763 mutabilem,

1995 4792 2053 4841 et
2078 4799 2221 4857 quae
2249 4785 2300 4838 in
2331 4783 2514 4839 multis
2542 4781 2764 4838 casibus
2794 4788 2978 4853 potest
3003 4779 3266 4853 delicere,
3291 4787 3355 4838 ut
3375 4780 3582 4837 Aristo·

1995 4874 2129 4931 teles
2170 4873 2304 4931 dixit
2333 4880 2386 4931 5.
2415 4872 2610 4931 Echio.
2643 4887 2768 4943 cap.
2803 4874 2868 4940 7,
2893 4876 2952 4928 et
2987 4876 3082 4943 123
3112 4884 3244 4944 ergo
3283 4870 3334 4926 in
3373 4870 3460 4927 illa
3495 4878 3581 4926 est

1992 4965 2155 5022 etiam
2186 4963 2492 5020 necessaria
2519 4960 2739 5034 epiikia‚
2769 4961 2898 5034 quia
2927 4960 3054 5018 alias
3083 4978 3244 5034 saepe
3271 4968 3415 5019 esset
3440 4962 3580 5018 iniu-

1994 5062 2101 5115 sta.
2144 5052 2300 5122 Quod
2342 5060 2526 5110 autem
2567 5052 2702 5109 haec
2743 5052 3017 5123 pertineat
3054 5051 3122 5108 ad
3161 5051 3340 5109 solum
3379 5053 3574 5123 Deum,

1990 5142 2276 5216 probatur,
2302 5143 2429 5217 quia
2454 5144 2575 5201 eius
2601 5148 2686 5199 est
2712 5141 3054 5217 interpretari
3079 5141 3278 5215 legem,
3302 5141 3465 5199 cuius
3490 5146 3578 5199 est

1990 5232 2248 5291 condere.
