4325 6267
1778 342 1989 393 CAPUT
2014 345 2133 392 XV.

318 468 459 540 iure,
488 468 584 528 sed
612 470 797 527 statim
838 468 1011 527 oritur
1052 485 1118 527 ex
1144 468 1481 528 dissonantia
1509 470 1806 527 verborum
1840 468 1908 525 ad

315 566 575 616 mentem.

405 653 491 708 17.
520 648 757 706 Tandem
783 666 851 706 ex
877 649 1037 707 dictis
1065 649 1409 723 intelligitur,
1440 665 1552 723 quo
1574 665 1739 706 sensu
1762 648 1911 705 dixe-

319 741 393 795 n‘t
418 738 729 795 Bernardus
759 742 809 796 in
842 740 931 797 lib.
966 741 1137 797 citato
1172 738 1243 796 de
1262 745 1566 814 praecept.
1598 744 1654 796 st
1679 738 1915 813 dispen-

320 835 437 887 sat.
472 845 597 901 cap.
633 834 691 901 5,
721 846 809 901 ea,
838 846 981 903 quae
1006 830 1280 903 pertinent
1304 830 1372 887 ad
1400 835 1688 901 praecepta
1714 844 1913 885 secun-

318 920 421 978 dae
462 920 708 987 tabulae,
754 920 957 977 mutari
1003 935 1163 991 posse
1199 920 1529 977 auctoritate
1572 922 1661 976 Dei
1701 917 1912 991 praeci-

318 1011 546 1082 pientis3
578 1010 819 1083 loquitur
854 1010 997 1067 enim
1041 1026 1151 1068 non
1190 1010 1257 1067 de
1293 1013 1596 1084 praeceptis
1634 1012 1764 1083 ipsis
1798 1010 1913 1065 for-

320 1099 537 1156 maliter
576 1102 841 1172 sumptis,
884 1108 946 1156 ut
982 1102 1063 1156 sic
1098 1100 1313 1173 dicam,
1354 1100 1446 1157 sed
1484 1100 1554 1157 de
1580 1100 1911 1168 actionibus,

318 1190 476 1246 circa
504 1205 642 1262 quas
679 1189 774 1244 illa
811 1196 1101 1262 praecepta
1144 1197 1451 1247 versantur.
1484 1193 1559 1247 De
1588 1190 1789 1263 quibus
1817 1191 1912 1262 ait,

318 1295 451 1337 cum
479 1296 576 1351 per
598 1295 657 1335 se
680 1296 960 1353 uunquam
988 1280 1207 1349 liceant,
1232 1280 1553 1337 auctoritate
1580 1282 1672 1336 Dei
1702 1278 1910 1351 praeci-

320 1370 515 1441 pientis
528 1380 700 1441 posse
722 1370 907 1425 licere.
929 1369 1085 1437 Quod
1108 1386 1297 1427 verum
1318 1372 1471 1427 estin
1495 1387 1661 1427 sensu
1682 1370 1917 1443 explica-

322 1466 401 1529 to,
420 1457 511 1515 illa
532 1464 713 1515 tamen
736 1474 843 1515 non
865 1466 950 1516 est
970 1458 1301 1532 dispensatio
1324 1461 1375 1515 in
1400 1468 1693 1532 praecepto
1715 1476 1912 1517 secun·

322 1546 423 1603 dae
454 1546 699 1619 tabulae,
726 1547 823 1604 sed
848 1554 933 1603 est
958 1549 1189 1606 mutatio
1216 1551 1473 1605 materiae
1508 1552 1661 1621 eius,
1694 1555 1758 1606 ut
1783 1548 1919 1605 dixi-

324 1652 468 1691 mus.
501 1637 697 1693 Tamen
725 1638 855 1709 quia
882 1636 1018 1695 baec
1046 1638 1297 1709 mutatio,
1323 1639 1543 1711 quando
1572 1640 1628 1694 tit
1652 1654 1719 1695 ex
1750 1654 1917 1710 pecu-

322 1724 438 1781 liari
466 1723 700 1781 dominio
724 1732 781 1781 et
802 1732 1071 1797 potestate
1084 1727 1197 1801 Dei,
1220 1733 1324 1797 est,
1352 1735 1416 1783 ut
1436 1730 1512 1784 ita
1532 1728 1737 1797 dicam,
1766 1733 1921 1784 extra

322 1832 553 1873 cursum
578 1825 804 1874 naturae
826 1825 880 1873 et
904 1826 1117 1890 praeter
1138 1818 1288 1891 leges
1304 1818 1607 1875 ordinariae
1636 1817 1921 1891 providen-

321 1908 451 1977 tiae,
468 1904 587 1961 ideo
608 1906 879 1963 interdum
895 1908 1226 1979 dispensatio
1247 1908 1567 1980 appellatur,
1584 1925 1687 1964 non
1704 1908 1921 1980 quidem

322 1996 526 2068 proprii
556 1997 831 2068 praecepti
874 1996 1137 2053 naturalis
1167 1998 1371 2072 (neque
1400 1998 1505 2055 boc
1534 1998 1669 2055 dixit
1694 2001 1920 2055 Bernar-

321 2084 463 2155 dus,
494 2086 543 2141 si
583 2091 785 2141 attente
814 2085 1087 2158 legatur),
1121 2086 1216 2143 sed
1246 2087 1509 2144 ordinarii
1538 2104 1741 2145 cursus
1767 2095 1823 2145 et
1850 2089 1925 2145 le-

320 2174 404 2247 gis
432 2174 819 2246 providentiae,
846 2190 987 2247 quae
1014 2192 1046 2232 a
1072 2176 1267 2233 divina
1293 2176 1575 2234 voluntate
1602 2177 1817 2252 pendet.
1853 2180 1920 2235 Et

322 2264 375 2319 in
412 2264 607 2322 eodem
648 2280 815 2321 sensu
853 2265 1069 2323 videtur
1103 2266 1328 2323 locutus
1356 2268 1768 2339 Bonaventura,
1798 2283 1923 2323 nam

322 2356 643 2411 sententiam
676 2354 933 2411 Bernardi
962 2356 1231 2412 imitatur.
1250 2358 1437 2411 Dices:
1466 2358 1609 2429 Ergo
1638 2356 1785 2412 nulla
1814 2358 1923 2413 erit

324 2452 459 2500 tunc
488 2442 787 2499 differentia
824 2443 965 2499 inter
994 2453 1287 2515 praecepta
1314 2446 1522 2517 primae
1560 2452 1619 2501 et
1647 2444 1923 2502 secundae

326 2534 568 2603 tabulae,
598 2549 763 2606 quam
805 2534 1182 2590 Bonaventura
1211 2536 1518 2605 constituit,
1549 2542 1605 2591 et
1629 2536 1772 2592 favet
1796 2538 1924 2593 Ber-

325 2620 563 2693 nardus;
602 2639 723 2678 nam
756 2624 943 2678 statim
972 2639 1096 2695 cap.
1131 2627 1184 2681 6.
1215 2623 1373 2695 dicit,
1404 2625 1673 2697 quaedam
1701 2628 1777 2681 ita
1802 2642 1923 2681 esse

324 2712 701 2781 immutabilia,
748 2718 808 2767 ut
836 2728 935 2769 nec
958 2729 989 2769 a
1018 2715 1127 2769 Deo
1154 2716 1271 2785 ipso
1317 2715 1513 2771 mutari
1554 2714 1787 2772 valeant.
1821 2719 1925 2773 Re-

322 2800 627 2874 spondetur
668 2798 824 2857 facile
850 2816 917 2859 ex
945 2801 1103 2858 dictis
1124 2842 1139 2869 ,
1169 2804 1224 2858 in
1253 2802 1357 2859 hoc
1384 2818 1503 2861 esse
1531 2804 1921 2876 differentiam,

324 2890 477 2965 quod
512 2897 803 2963 praecepta
832 2892 1032 2963 primae
1060 2891 1275 2949 tabulae
1300 2893 1427 2950 talia
1451 2900 1599 2961 sunt,
1625 2903 1815 2951 utnon
1839 2911 1927 2951 so-

324 2981 441 3038 lum
489 2981 605 3052 ipsa
642 2982 946 3039 formaliter
982 2982 1281 3055 dispensari
1321 3000 1427 3040 non
1460 2985 1698 3056 possint,
1732 3001 1925 3041 verum

323 3074 493 3130 etiam
536 3088 716 3145 neque
754 3073 805 3127 in
847 3073 1182 3145 actionibus,
1212 3090 1351 3145 quas
1392 3074 1716 3147 prohibent,
1756 3074 1928 3146 possit

328 3162 449 3220 talis
478 3164 709 3219 mutatio
748 3164 899 3233 fieri,
930 3171 994 3219 ut
1022 3161 1259 3234 liceant,
1290 3164 1375 3220 vel
1405 3164 1663 3221 honestae
1691 3165 1829 3235 sint,
1860 3180 1925 3220 ac

326 3251 556 3309 subinde
602 3260 663 3307 ut
690 3268 867 3324 neque
896 3254 1053 3309 etiam
1092 3254 1437 3310 materialiter
1473 3263 1721 3325 sumptae
1762 3253 1925 3310 hone-

326 3341 458 3397 stari
508 3344 718 3412 possint
765 3345 1095 3400 auctoritate
1148 3346 1240 3399 Dei
1288 3345 1687 3417 praecipientis
1730 3345 1927 3403 Odium

322 3432 465 3487 enim
495 3433 587 3487 Dei
619 3431 769 3487 nullo
810 3432 973 3489 modo
1004 3439 1183 3511 pqtest
1212 3433 1519 3507 honestari,
1553 3450 1652 3492 nec
1684 3434 1925 3492 adoratio

323 3522 478 3593 idoli,
508 3538 609 3579 nec
650 3522 841 3579 cultus
868 3523 1093 3580 alterius
1122 3525 1215 3579 Dei
1254 3532 1469 3596 praeter
1497 3527 1667 3580 Deum
1708 3541 1923 3596 verum,

324 3613 456 3685 quia
480 3613 548 3668 ab
578 3612 661 3668 his
700 3614 1005 3669 actionibus
1034 3614 1339 3671 secundum
1369 3630 1428 3671 se
1457 3616 1692 3686 sumptis
1718 3615 1928 3687 insepa-

326 3701 515 3759 rabilis
554 3710 639 3757 est
692 3701 1041 3775 deformitas,
1074 3704 1117 3758 si
1154 3703 1319 3761 libere
1349 3706 1510 3776 fiant,
1541 3706 1690 3778 quod
1720 3722 1830 3761 non
1858 3706 1929 3761 ita

324 3808 540 3864 semper
569 3792 732 3848 estin
760 3794 1066 3850 actionibus
1094 3796 1494 3866 pertinentibus
1544 3797 1609 3853 ad
1639 3803 1927 3869 praecepta

325 3881 601 3939 secundae
629 3882 861 3939 tabulae.
889 3882 1043 3951 Quod
1074 3900 1180 3940 non
1218 3885 1624 3959 universaliter,
1656 3886 1751 3943 sed
1778 3886 1928 3943 inde-

327 3971 473 4027 finite
500 3971 875 4042 accipiendum
903 3981 1009 4043 est,
1035 3973 1216 4047 aliqua
1246 3973 1390 4029 enim
1414 3983 1707 4046 praecepta
1730 3992 1927 4032 secun-

328 4062 431 4118 dae
462 4062 677 4119 tabulae
714 4068 947 4134 possunt
971 4079 1093 4119 esse
1123 4062 1481 4120 immutabilia
1499 4065 1659 4119 etiam
1683 4064 1789 4121 hoc
1814 4082 1927 4122 mo-

330 4151 423 4221 do,
456 4161 517 4207 ut
542 4158 727 4223 aperte
754 4152 957 4208 fatetur
994 4152 1310 4209 Bernardus
1349 4152 1498 4210 dicto
1536 4166 1659 4225 cap.
1696 4159 1760 4227 6,
1790 4161 1847 4211 et
1873 4156 1925 4209 in

328 4242 705 4313 superioribus
734 4242 865 4298 satis
902 4242 1231 4313 explicatum
1260 4250 1367 4299 est.

415 4336 501 4388 18.
534 4332 795 4402 Superest
829 4331 1161 4403 dicendum,
1194 4348 1259 4387 an
1300 4333 1491 4389 saltem
1523 4340 1675 4389 extra
1703 4334 1928 4391 Decalo-

330 4436 467 4492 gum
493 4420 597 4474 sint
624 4420 801 4492 aliqua
830 4421 1101 4476 naturalia
1122 4429 1434 4494 praecepta,
1460 4438 1600 4496 quae
1628 4424 1847 4495 proprie
1871 4432 1929 4481 et

332 4508 633 4565 formaliter
665 4510 890 4566 relaxari
921 4511 1144 4581 possint
1172 4526 1268 4583 per
1296 4511 1533 4568 divinam
1552 4504 1555 4509 ’
1576 4512 1927 4585 dispensatio-

328 4614 476 4655 nem.
502 4598 751 4655 Affirmat
775 4600 916 4655 enim
957 4603 1085 4657 Soto
1111 4599 1235 4657 loco
1265 4602 1454 4674 citato,
1480 4608 1535 4657 et
1561 4603 1929 4674 sequiturMe-

333 4687 459 4745 dina
485 4687 634 4745 dicto
662 4696 767 4745 art.
788 4694 843 4759 8,
866 4696 923 4745 et
946 4691 1137 4746 tribuit
1156 4690 1480 4761 d.Thomae,
1503 4692 1581 4747 vel
1607 4693 1733 4764 quia
1754 4710 1809 4765 q.
1831 4698 1927 4765 94,

335 4784 445 4834 art.
475 4782 527 4834 5.
557 4776 707 4844 dicit,
724 4778 893 4849 legem
922 4778 1231 4835 naturalem
1258 4779 1441 4853 quoad
1465 4780 1672 4853 aliquas
1696 4782 1925 4838 conclu·

336 4868 515 4923 siones
542 4882 703 4938 posse
724 4867 775 4922 in
806 4866 989 4949 aliquo
1018 4868 1333 4938 particulari
1364 4885 1500 4926 casu
1530 4871 1755 4941 mutari,
1789 4879 1849 4927 ut
1875 4872 1927 4927 in

336 4958 457 5031 lege
484 4957 552 5014 de
584 4956 861 5013 reddendo
892 4957 1132 5029 deposito
1159 4960 1285 5033 (quo
1313 4959 1559 5032 exemplo
1590 4967 1827 5017 utuntur
1846 4960 1929 5018 di-

339 5049 415 5107 cti
451 5054 711 5104 auctores
747 5047 813 5104 ad
859 5047 1230 5119 probandum,
1270 5048 1727 5121 dispensationem
1767 5067 1928 5121 posse

340 5138 541 5195 cadere
577 5138 631 5193 in
670 5138 831 5194 talem
870 5137 1094 5213 legem),
1128 5138 1212 5195 vel
1241 5138 1411 5207 forte,
1444 5139 1571 5211 quia
1608 5138 1665 5195 d.
1696 5140 1929 5197 Thomas

339 5228 493 5288 dicta
512 5246 571 5304 q.
606 5232 731 5304 too,
757 5235 863 5287 art.
900 5234 953 5288 8.
986 5229 1139 5303 dicit,
1164 5232 1216 5286 in
1240 5238 1549 5305 praecepta,
1574 5245 1714 5303 quae
1733 5229 1932 5289 dantur

3378 328 3496 390 139

1986 468 2051 525 ad
2082 467 2520 527 determinandas
2551 468 2746 527 modos
2785 469 3052 542 speciales
3091 470 3392 542 exequendi
3425 486 3577 541 prae-

1978 567 2139 631 cepta
2167 559 2457 632 Decalogi,
2497 574 2657 630 posse
2685 557 2884 615 cadere
2923 557 3407 632 dispensationem,
3437 568 3498 616 ut
3525 563 3570 616 si

1978 649 2045 707 ad
2073 650 2378 707 custodiam
2418 650 2654 705 civitatis
2692 649 2984 707 distribuat
3018 649 3102 706 lex
3132 650 3338 721 vigilias
3367 664 3464 721 per
3491 650 3568 706 ci·

1977 755 2073 795 ves
2100 782 2115 810 ,
2158 745 2339 811 potest
2377 754 2508 795 cum
2547 739 2732 811 aliquo
2773 738 3073 810 dispensari
3115 738 3256 813 (hoc
3303 742 3446 797 enim
3485 746 3570 796 est

1978 828 2286 901 exemplum
2314 827 2370 883 d.
2392 829 2658 895 Thomae,
2689 828 2838 901 quod
2877 828 2946 884 ad
2983 828 3122 885 hanc
3161 831 3320 885 etiam
3358 837 3565 901 partem

1982 921 2113 976 soto
2142 916 2426 989 applicat).
2459 918 2634 972 Huius
2655 917 2812 973 etiam
2845 918 3141 973 sententiae
3169 918 3382 976 videtur
3402 920 3572 975 fuisse

1981 1007 2425 1065 Altisiodorensis
2465 1022 2631 1077 supra
2660 1048 2674 1079 ,
2704 1006 2988 1079 distinguit
3013 1009 3154 1064 enim
3187 1010 3236 1065 in
3263 1010 3567 1082 praeceptis

1984 1103 2225 1171 quatuor
2251 1096 2459 1170 gradus
2487 1096 2847 1166 necessitatis,
2878 1112 2946 1153 ex
2974 1097 3173 1169 quibus
3201 1106 3434 1170 quartus
3465 1115 3574 1155 non

1984 1187 2115 1243 facit
2140 1185 2208 1242 ad
2239 1201 2486 1256 causam,
2512 1186 2636 1258 quia
2662 1192 2746 1241 est
2773 1184 2839 1241 de
2869 1189 3194 1243 necessitate
3223 1188 3572 1257 proveniente

1983 1292 2047 1333 ex
2078 1275 2196 1349 lege
2225 1274 2484 1345 humana,
2509 1276 2561 1329 in
2593 1277 2748 1331 tertio
2770 1276 2922 1347 ponit
2945 1283 3255 1348 praecepta,
3278 1293 3418 1349 quae
3444 1294 3573 1349 pen-

1986 1366 2120 1423 dent
2146 1381 2212 1421 ex
2240 1372 2372 1422 actu
2401 1364 2661 1436 humano,
2695 1381 2860 1438 quam
2889 1373 3234 1439 supponunt,
3269 1374 3329 1422 ut
3357 1374 3484 1424 sunt
3509 1366 3576 1425 de

1988 1455 2268 1513 servandis
2295 1455 2458 1525 votis,
2489 1455 2829 1527 iuramentis,
2858 1455 3238 1512 contractibus
3257 1497 3271 1525 ,
3302 1463 3410 1512 etc.
3441 1464 3499 1513 et
3523 1457 3576 1513 in

1988 1546 2073 1601 his
2102 1560 2268 1618 parva
2296 1553 2380 1601 est
2408 1544 2741 1614 difficultas,
2775 1552 2838 1611 ut
2875 1552 3026 1616 patet
3049 1562 3114 1601 ex
3145 1548 3319 1619 capite
3355 1562 3580 1619 praece-

1990 1636 2163 1693 denti.
2196 1638 2256 1691 ln
2283 1636 2458 1707 primo
2484 1650 2620 1708 ergo
2659 1634 2833 1707 gradu
2860 1637 3205 1693 necessitatis
3232 1637 3393 1709 dicit,
3425 1654 3584 1709 prae-

1990 1733 2153 1799 cepta
2180 1742 2287 1781 non
2312 1740 2432 1781 esse
2460 1724 2863 1797 dispensabilia,
2883 1726 2936 1779 in
2963 1726 3207 1781 secundo
3230 1735 3415 1783 autern
3435 1742 3579 1797 esse,

1988 1817 2139 1889 ponit
2157 1815 2467 1887 exemplum
2487 1818 2539 1870 in
2565 1822 2856 1887 praecepto
2874 1831 2975 1871 non
2992 1815 3225 1873 ducendi
3249 1816 3434 1887 plures
3450 1834 3585 1873 uxo-

1991 1922 2101 1963 reS.
2134 1908 2208 1964 Et
2239 1906 2502 1962 rationem
2531 1904 2752 1974 indicat,
2783 1906 2908 1977 quia
2935 1905 3028 1963 illa
3049 1914 3176 1962 sunt
3198 1907 3470 1964 secundae
3494 1924 3585 1963 ne-

1992 1996 2286 2069 cessitatiS,
2317 2011 2457 2067 quae
2485 2000 2616 2051 sunt
2643 1994 2823 2068 aliquo
2848 1994 3007 2052 modo
3033 1997 3341 2053 necessaria
3365 1997 3433 2053 ad
3455 2012 3586 2053 con-

1992 2086 2354 2143 servationem
2377 2084 2645 2153 caritatis,
2665 2101 2770 2139 non
2798 2095 2972 2140 tamen
2995 2085 3311 2158 simpliciter
3333 2085 3399 2141 ad
3415 2087 3586 2157 ipsam
3621 2144 3632 2153 ,

1994 2178 2313 2245 caritatem3
2359 2190 2480 2229 nam
2523 2173 2654 2230 haec
2695 2175 3043 2232 constituunt
3079 2176 3315 2247 primum
3353 2176 3588 2247 gradum

1991 2265 2357 2321 necessitatis.
2387 2266 2556 2321 Favet
2585 2263 2814 2319 multum
2842 2262 2897 2319 d.
2922 2263 3152 2320 Thomas
3175 2268 3227 2320 in
3253 2268 3309 2335 4,
3332 2263 3458 2320 dist.
3487 2268 3580 2334 33,

1992 2362 2206 2428 quaest.
2247 2361 2296 2412 i.
2337 2357 2470 2411 Nam
2509 2353 2560 2409 in
2607 2358 2654 2411 1.
2697 2360 2803 2409 art.
2848 2352 3032 2425 docet,
3072 2369 3192 2410 esse
3234 2360 3588 2425 praeceptum

1994 2446 2246 2501 naturale
2285 2444 2572 2517 prohibens
2615 2443 2978 2516 pluralitatem
3025 2460 3261 2499 uxorum
3305 2446 3586 2515 pertinens

1991 2551 2099 2591 non
2144 2534 2212 2591 ad
2253 2535 2534 2607 primaria,
2573 2534 2670 2590 sed
2707 2534 2776 2590 ad
2815 2533 3135 2590 secundaria
3172 2540 3490 2606 praecepta,
3531 2540 3589 2591 et

1991 2625 2115 2682 ideo
2146 2625 2355 2694 subdit,
2386 2630 2490 2679 art.
2522 2628 2580 2695 2,
2612 2626 2855 2696 potuisse
2882 2626 3055 2681 Deum
3088 2626 3143 2679 in
3171 2623 3262 2680 illo
3292 2630 3583 2695 praecepto

1992 2716 2335 2789 dispensare.
2369 2714 2684 2787 Eademque
2715 2715 2854 2771 ratio
2879 2715 2983 2770 erit
3009 2714 3076 2771 de
3106 2722 3396 2786 praecepto
3425 2722 3587 2771 natu-

1991 2807 2091 2863 rali
2124 2806 2444 2878 prohibente
2477 2805 2881 2861 matrimonium
2911 2805 3049 2862 inter
3085 2806 3314 2877 fratres,
3348 2804 3492 2861 unde
3519 2806 3586 2862 de

2000 2897 2272 2956 Abraham
2301 2896 2502 2968 legitur
2524 2937 2538 2963 ,
2571 2896 2828 2951 habuisse
2857 2896 3046 2951 Saram
3075 2910 3319 2951 sororem
3351 2911 3506 2951 suam
3535 2898 3588 2949 in

1994 3002 2242 3045 uxorem.
2275 2989 2410 3043 Item
2448 2987 2515 3043 de
2545 2976 2840 3057 praecepto
2879 3001 2983 3041 non
3021 2984 3352 3041 dissolvendi
3392 2986 3583 3042 vincu-

1994 3078 2111 3134 lum
2147 3076 2470 3133 matrimonii
2513 3076 2897 3131 consummati.
2929 3077 3073 3130 'Nam
3115 3074 3248 3131 haec
3293 3082 3350 3131 et
3385 3075 3581 3133 similia

1991 3165 2258 3223 naturalia
2295 3173 2466 3235 sunt3
2504 3171 2562 3220 et
2601 3171 2778 3221 tamen
2816 3166 2870 3220 in
2907 3164 3008 3219 illis
3047 3164 3361 3233 dispensare
3400 3172 3580 3237 potest

1992 3260 2155 3315 Deus.
2198 3254 2635 3312 Fundamentum
2671 3256 2788 3311 Soti
2823 3270 2946 3310 esse
2993 3253 3232 3323 videtur,
3274 3256 3399 3326 quia
3449 3254 3581 3309 baec

1995 3352 2287 3417 praecepta
2312 3360 2414 3400 nec
2445 3344 2708 3415 proxime,
2734 3359 2833 3399 nec
2857 3350 3064 3399 remote
3086 3344 3441 3399 continentur
3463 3359 3590 3414 pro·

1995 3438 2107 3508 prie
2139 3438 2191 3490 in
2237 3434 2538 3506 praeceptis
2580 3432 2863 3505 Decalogi,
2907 3439 3162 3505 tanquam
3205 3431 3588 3488 conclusiones

1995 3525 2047 3580 in
2071 3525 2368 3596 principiis.
2394 3522 2547 3580 Unde
2569 3524 2749 3591 sentit,
2772 3536 2874 3576 non
2899 3522 3082 3578 inferri
3107 3538 3201 3594 per
3223 3522 3584 3577 necessariam

1997 3615 2467 3685 consequentiam,
2497 3612 2692 3668 etideo
2723 3627 2831 3667 non
2869 3611 3066 3666 habere
3106 3618 3304 3667 tantam
3347 3613 3582 3667 necessi-

2001 3709 2189 3773 tatem,
2220 3703 2352 3775 quin
2382 3702 2432 3757 in
2461 3703 2540 3757 eis
2569 3702 2742 3773 possit
2767 3701 3093 3773 dispensari.

2086 3798 2174 3851 19.
2203 3792 2563 3849 Nihilominus
2589 3790 2885 3848 dicendum
2907 3797 3011 3861 est,
3044 3791 3257 3862 proprie
3285 3791 3578 3865 loquend0,

1996 3900 2102 3940 non
2132 3883 2445 3954 dispensare
2473 3884 2644 3938 Deum
2683 3884 2733 3936 in
2773 3880 2956 3953 aliquo
2993 3889 3285 3952 praecepto
3323 3884 3578 3953 naturali,

1998 3973 2094 4030 sed
2122 3979 2340 4029 mutare
2371 3973 2652 4027 materiam
2677 3970 2821 4041 eius,
2851 3969 2932 4025 vel
2962 3972 3439 4042 circumstantias,
3473 3973 3585 4027 sine

1994 4062 2196 4136 quibus
2221 4068 2572 4133 praeceptum
2595 4061 2776 4133 ipsum
2798 4060 3046 4116 naturale
3071 4077 3176 4116 non
3195 4061 3396 4133 obligat
3415 4077 3481 4117 ex
3504 4078 3585 4131 se,

1993 4158 2051 4207 et
2077 4152 2282 4223 absque
2311 4149 2728 4221 dispensatione.
2754 4150 2904 4205 Hanc
2927 4147 3095 4205 credo
3117 4166 3239 4207 esse
3263 4157 3493 4206 mentem
3521 4150 3582 4207 d.

1994 4240 2228 4296 Thomas
2251 4241 2303 4295 in
2332 4240 2465 4311 dict.
2493 4247 2598 4295 art.
2631 4244 2684 4309 8,
2713 4246 2770 4295 et
2795 4240 3050 4311 Caietani,
3074 4234 3352 4309 Richardi,
3379 4246 3434 4295 et
3453 4240 3584 4296 alio-

1994 4346 2137 4387 rum.
2170 4330 2341 4396 Quam
2371 4329 2542 4402 probo
2571 4330 2743 4399 primo
2769 4328 3114 4385 excludendo
3141 4330 3406 4402 exempla,
3443 4345 3585 4402 quae

1994 4424 2045 4477 in
2081 4420 2426 4476 contrarium
2453 4418 2774 4474 afferuntur.
2806 4420 3051 4475 Primum
3080 4426 3198 4475 erat
3225 4418 3290 4475 de
3321 4435 3426 4474 non
3458 4418 3580 4475 red·

1995 4510 2172 4567 dendo
2199 4508 2443 4581 deposito
2462 4508 2517 4563 in
2547 4523 2683 4563 casu
2711 4508 3050 4578 necessario,
3083 4508 3171 4563 illa
3201 4524 3331 4564 vero
3360 4524 3464 4563 non
3493 4517 3584 4565 est

1996 4599 2350 4671 dispensatio,
2381 4605 2442 4654 ut
2460 4605 2546 4654 est
2565 4598 2808 4665 evidens,
2837 4598 2972 4654 alias
2995 4598 3374 4672 unusquisque
3397 4614 3588 4655 secum

1995 4690 2334 4762 dispensaret
2362 4691 2416 4744 in
2445 4687 2532 4743 illa
2559 4686 2676 4760 lege
2705 4688 2962 4759 naturali,
2987 4690 3114 4760 quia
3137 4704 3236 4743 sua
3258 4690 3588 4744 auctoritate

1996 4784 2176 4851 potest
2202 4794 2306 4834 non
2338 4775 2565 4833 reddere
2592 4776 2903 4848 depositum
2933 4776 2982 4832 in
3015 4776 3104 4833 tali
3132 4778 3410 4849 casu,imo
3439 4784 3589 4834 tene-

1996 4877 2110 4927 tur.
2143 4870 2243 4925 Est
2268 4884 2400 4940 ergo
2428 4867 2518 4923 illa
2545 4868 2774 4923 mutatio
2799 4866 2856 4922 in
2888 4867 3142 4939 materia,
3174 4864 3270 4938 per
3299 4883 3467 4940 quam
3499 4868 3555 4922 tit
3575 4910 3588 4937 ,

1996 4969 2060 5018 ut
2084 4962 2174 5017 illa
2203 4976 2312 5016 non
2339 4960 2410 5015 sit
2428 4958 2655 5015 materia
2679 4958 2795 5013 talis
2817 4958 3110 5029 praecepti,
3138 4964 3199 5014 ut
3219 4973 3342 5029 cap.
3370 4960 3462 5015 ΙΙΙ.
3494 4957 3592 5014 de·

1998 5050 2220 5107 claravi.
2254 5049 2406 5107 Unde
2433 5050 2698 5105 immerito
2727 5048 3020 5105 adducitur
3050 5048 3103 5103 d.
3128 5050 3362 5105 Thomas
3394 5050 3446 5103 in
3475 5056 3581 5105 art.

2002 5145 2057 5209 5,
2086 5156 2143 5212 q.
2178 5144 2272 5212 94,
2303 5140 2430 5213 quia
2457 5138 2527 5194 ibi
2555 5154 2658 5193 non
2688 5136 2754 5193 de
2783 5136 3182 5209 dispensatione
3201 5180 3216 5209 ,
3247 5138 3344 5195 sed
3369 5138 3438 5194 de
3466 5154 3587 5193 mu·

1998 5231 2198 5289 tatione
2249 5244 2316 5286 ex
2364 5234 2520 5301 parte
2566 5228 2822 5285 materiae
2874 5227 3218 5301 loquebatur.
3264 5226 3585 5297 Secundum
