4325 6267
812 323 898 392 84

738 473 812 532 sit
847 469 916 530 de
954 466 1142 540 modo,
1173 481 1286 542 quo
1313 464 1590 540 legislator
1615 461 1889 524 humanus
1917 463 2194 538 obligatur
2222 480 2326 523 sua

723 543 881 638 loge.
920 558 1076 630 Quod
1119 560 1166 614 si
1199 556 1347 614 ultra
1381 555 1559 629 legem
1592 554 1904 629 generalem
1938 555 2172 613 accedat
2201 570 2329 627 pro·

737 653 958 723 missio,
1004 649 1113 706 iam
1153 650 1298 705 Deus
1339 645 1669 720 obligabitur
1707 644 1776 701 ad
1817 645 2140 704 servandam
2182 645 2329 702 illam

735 758 847 798 non
887 755 954 798 ex
993 738 1114 812 lege
1153 735 1422 811 positiva,
1469 734 1564 792 sed
1605 749 1672 792 ex
1711 733 2042 792 rectitudine
2067 732 2327 806 naturali,

733 846 875 907 quae
901 828 1140 887 resultat
1174 829 1230 884 in
1269 823 1360 883 tali
1389 823 1606 884 obiecto
1633 839 1700 882 ex
1729 824 1780 880 vi
1811 824 2214 896 promissionis.
2246 825 2329 902 An

733 937 864 980 vero
891 921 967 978 ibi
991 915 1316 976 interveniat
1337 915 1420 973 lex
1445 913 1708 971 naturalis
1724 954 1739 985 ,
1765 912 1983 971 dicetur
2002 916 2058 971 in
2080 913 2332 989 sequenti

771 1017 962 1068 uncto.

729 1027 766 1086 p
817 1104 870 1156 5.
902 1099 1080 1156 Dices:
1115 1097 1159 1152 si
1187 1096 1356 1164 Deus,
1387 1097 1678 1166 postquam
1701 1090 1949 1150 decrevit
1967 1090 2217 1150 absolute
2238 1091 2333 1148 ali-

734 1187 870 1265 quid
897 1187 1230 1256 nonfacere,
1253 1184 1306 1242 id
1327 1190 1534 1258 ageret,
1559 1182 1862 1241 inordinate
1884 1183 2111 1251 faceret,
2133 1189 2193 1240 61
2210 1181 2332 1240 11160

731 1279 785 1338 111
812 1280 993 1337 iacere
1021 1291 1132 1334 non
1161 1281 1369 1347 potest:
1401 1289 1535 1346 ergo
1557 1270 1790 1330 liberum
1811 1271 2098 1330 decretum
2120 1272 2215 1329 Dei
2236 1270 2333 1328 ha-

732 1369 827 1427 bet
851 1369 964 1425 vim
999 1365 1268 1438 positivae
1306 1363 1442 1436 legis
1476 1367 1736 1434 respectu
1761 1360 2064 1420 voluntatis
2089 1363 2241 1432 eius,
2274 1366 2335 1418 ut

733 1474 846 1516 non
886 1455 1063 1530 possit
1100 1453 1328 1512 honeste
1365 1453 1568 1524 facere,
1598 1450 1749 1524 quod
1776 1466 1875 1523 per
1902 1466 1991 1522 se,
2025 1465 2090 1508 ac
2118 1457 2333 1508 remoto

733 1548 828 1608 illo
877 1544 1138 1615 decreto,
1187 1539 1355 1599 libere
1411 1541 1592 1598 iacere
1642 1541 1929 1612 potuisset.
1973 1539 2332 1612 Respondeo,

734 1639 912 1696 Deum
939 1649 1046 1689 non
1074 1645 1237 1704 posse
1265 1630 1450 1688 facere
1477 1634 1668 1686 contra
1697 1643 1863 1685 suum
1883 1628 2194 1701 decretum,
2225 1644 2333 1686 non

734 1730 964 1798 propter
990 1720 1427 1795 prohibitionem,
1459 1734 1626 1793 quam
1655 1718 1944 1776 decretum
1966 1718 2213 1789 inducat,
2239 1718 2335 1776 sed

735 1821 965 1888 propter
989 1811 1408 1884 repugnantiam
1435 1809 1610 1882 ipsius
1636 1809 1736 1883 rei,
1765 1808 1894 1883 quia
1921 1809 1965 1864 si
1992 1815 2177 1881 ageret
2204 1824 2337 1865 con·

736 1913 824 1962 tra
849 1903 1133 1960 decretum
1163 1898 1500 1970 absolutum,
1530 1895 1760 1955 haberet
1786 1895 1970 1968 simul,
1993 1903 2138 1954 etex
2162 1903 2339 1954 aeter-

735 1995 900 2052 nitate
940 1993 1164 2050 decreta
1208 1987 1485 2046 contraria
1521 1989 1674 2044 eirca
1713 1985 1890 2060 idem,
1927 1992 1987 2044 et
2021 2002 2118 2059 pro
2145 1985 2336 2043 eodem

735 2092 1016 2156 tempore,
1068 2096 1168 2138 seu
1207 2077 1456 2136 absolute
1511 2076 1676 2133 vellet
1719 2076 1832 2135 duo
1881 2076 2335 2146 contradictoria,

737 2172 888 2248 quod
919 2175 1214 2244 repugnat.
1248 2170 1450 2241 Ageret
1475 2165 1636 2224 etiam
1665 2171 1860 2223 contra
1876 2165 2183 2223 efficaciam
2205 2181 2337 2223 suae

735 2262 1070 2333 voluntatis,
1113 2264 1171 2316 et
1207 2257 1358 2314 illam
1395 2253 1654 2313 redderet
1693 2254 2033 2312 inefficacem
2067 2259 2124 2312 et
2147 2255 2339 2312 incon·

739 2358 1009 2422 stantem,
1053 2347 1203 2422 quod
1243 2347 1404 2404 etiam
1434 2351 1727 2419 repugnat.
1758 2344 1914 2402 Unde
1944 2343 2179 2402 ulterius
2204 2344 2340 2401 dici·

653 2473 662 2480 ·
737 2449 857 2513 tur,
886 2447 1031 2507 esto,
1062 2455 1172 2495 non
1200 2435 1506 2508 implicaret
1530 2431 2025 2491 contradictionem
2051 2433 2337 2508 physicam

743 2531 759 2604 (
783 2536 848 2587 ut
873 2532 954 2588 sic
984 2526 1199 2598 dicam)
1239 2531 1458 2582 mutare
1485 2525 1660 2580 Deum
1688 2522 1977 2580 decretum
2006 2538 2207 2595 suum,
2240 2522 2339 2580 sed

738 2625 954 2676 tantum
995 2615 1297 2687 moralem,
1341 2628 1406 2670 ac
1449 2611 1717 2684 subinde,
1747 2613 1924 2683 posito
1955 2627 2064 2667 uno
2091 2611 2337 2682 decreto,

739 2724 862 2765 esse
899 2706 1267 2763 inordinatum
1296 2717 1457 2774 agere
1484 2707 1683 2758 contra
1708 2699 1872 2772 illud3
1905 2699 2258 2758 nihilominus
2284 2699 2341 2757 id

739 2789 1018 2854 non’oriri
1058 2809 1123 2852 ex
1165 2791 1563 2866 prohibitione,
1597 2790 1693 2848 sed
1721 2805 1789 2847 ex
1817 2792 2114 2848 intrinseca
2145 2799 2341 2850 natura

740 2897 796 2945 et
821 2886 1062 2944 essentia
1091 2885 1218 2954 Dei,
1250 2884 1401 2940 sicut
1428 2897 1556 2938 mox
1582 2879 1649 2937 de
1677 2881 1910 2937 veritate
1933 2921 1948 2952 ,
1978 2888 2035 2938 et
2059 2881 2339 2955 fidelitate,

743 2987 800 3036 et
827 2975 1094 3033 similibus
1123 2973 1396 3030 dicemus.
1428 2970 1563 3037 Quia
1590 2971 1740 3026 sicut
1767 2985 1876 3026 non
1906 2966 2069 3027 decet
2092 2969 2343 3028 divinita-

744 3075 857 3125 tem
884 3063 1092 3134 sallere,
1122 3063 1197 3121 ita
1223 3076 1327 3118 nec
1353 3062 1752 3117 inconstantem
1775 3075 1916 3117 esse.
1941 3062 2122 3133 Atque
2146 3061 2220 3117 ita
2242 3062 2345 3118 im·

744 3156 988 3231 potentia
1025 3151 1241 3210 volendi
1275 3156 1467 3208 contra
1493 3147 1783 3206 decretum
1809 3164 1920 3205 non
1955 3155 2048 3206 est
2067 3165 2134 3206 ex
2161 3150 2346 3222 prohi-

745 3246 949 3304 bitione
966 3286 982 3317 ,
1027 3241 1122 3300 sed
1147 3257 1216 3299 ex
1241 3246 1442 3298 natura
1467 3239 1579 3311 rei,
1609 3237 1892 3310 proposito
1930 3237 2143 3296 obiecto
2171 3241 2225 3296 in
2255 3241 2349 3298 tali

744 3343 916 3396 statu.

827 3431 882 3484 6.
916 3424 1098 3482 Altera
1124 3435 1253 3494 pars
1274 3417 1528 3488 minoris,
1555 3405 1697 3490 qu‘ae
1719 3424 1839 3476 erat
1859 3415 1927 3475 de
1947 3417 2063 3490 lege
2087 3418 2345 3492 naturali,

745 3517 1036 3590 probatur,
1069 3511 1196 3586 quia
1225 3509 1356 3566 licet
1381 3508 1567 3581 negari
1594 3522 1705 3564 non
1730 3507 1922 3579 possit,
1946 3508 2081 3581 quin
2114 3509 2167 3564 in
2194 3508 2349 3566 intel·

744 3606 899 3664 lectu
943 3604 1121 3662 divino
1171 3598 1357 3656 ordine
1404 3597 1636 3653 rationis
1685 3595 2021 3670 praecedant
2055 3596 2349 3655 dictamina

745 3694 1021 3770 practica,
1052 3688 1254 3765 quibus
1280 3684 1514 3753 iudicat,
1544 3683 1677 3759 quid
1705 3683 1921 3758 deceat,
1954 3701 2111 3743 suam
2139 3685 2349 3744 bonita-

749 3795 862 3844 tem
883 3825 901 3856 ,
935 3780 1228 3851 iustitiam,
1259 3781 1357 3833 aut
1384 3773 1735 3847 sapientiam,
1767 3778 1829 3832 ut
1855 3780 1984 3831 sunt
2011 3774 2171 3846 haec,
2200 3789 2348 3832 meu·

747 3873 994 3934 tiendum
1026 3885 1136 3927 non
1163 3873 1269 3940 est,
1294 3863 1566 3938 implenda
1586 3868 1718 3920 sunt
1736 3865 2036 3937 promissa3
2061 3870 2237 3920 tamen
2260 3864 2349 3921 illa

747 3981 858 4022 non
895 3966 1131 4035 possunt
1157 3956 1358 4014 hahere
1387 3954 1655 4011 rationem
1683 3953 1819 4028 legis
1847 3959 2105 4025 respectu
2135 3954 2348 4011 divinae

745 4052 1064 4111 voluntatis.
1100 4041 1311 4115 Primo,
1342 4045 1474 4118 quia
1501 4058 1609 4099 non
1638 4048 1957 4115 proponunt
1986 4049 2347 4115 praeceptum

748 4140 989 4216 aliquod,
1021 4153 1124 4194 nec
1154 4135 1498 4192 voluntatem
1527 4130 1760 4188 alicuius
1786 4131 2070 4202 intimant,
2105 4129 2203 4188 sed
2232 4138 2349 4188 tan-

747 4241 868 4290 tum
906 4224 1236 4290 ostendunt,
1281 4219 1564 4279 indicando
1608 4219 1743 4294 quid
1785 4221 1860 4278 rei
1890 4226 2088 4278 natura
2115 4220 2344 4294 habeat3

748 4322 832 4380 lex
862 4325 1048 4377 autem
1076 4321 1175 4373 aut
1199 4310 1583 4384 est‘voluntas,
1613 4315 1709 4366 aut
1729 4309 1998 4367 intimatio
2021 4311 2345 4383 voluntatis;

747 4425 902 4484 ergo.
935 4404 1212 4475 Secundo,
1243 4402 1373 4476 quia
1400 4401 1456 4456 in
1484 4401 1596 4456 Deo
1626 4413 1734 4454 non
1763 4397 2181 4471 distinguuntur
2211 4402 2262 4457 in
2289 4416 2347 4458 re

749 4500 1002 4559 voluntas
1041 4501 1100 4552 et
1126 4493 1262 4550 ratio
1279 4531 1296 4564 ,
1335 4495 1563 4562 propter
1589 4489 1740 4561 quod
1769 4488 1903 4547 dixit
1927 4487 2088 4546 divus
2114 4491 2347 4548 Thomas

748 4608 803 4664 q.
839 4592 1053 4662 93,art.
1089 4588 1145 4643 ⁴.
1178 4583 1249 4640 ad
1280 4579 1686 4652 1,voluntatem
1707 4579 1802 4635 Dei
1824 4577 2129 4636 secundum
2152 4595 2212 4636 se
2240 4596 2348 4637 non

745 4685 903 4738 recte
940 4675 1048 4734 dici
1087 4670 1491 4738 rationabilem:
1538 4683 1663 4725 nam
1697 4668 1884 4740 potius
1911 4672 1998 4723 est
2024 4667 2139 4741 ipsa
2176 4671 2343 4743 1611ος

747 4773 896 4830 sicut
933 4781 1067 4840 ergo
1108 4763 1245 4821 ratio
1285 4761 1382 4818 Dei
1418 4765 1644 4816 aeterna
1668 4772 1779 4813 non
1805 4765 2161 4815 mensuratur
2190 4758 2343 4832 lege,

744 4864 822 4919 ita
850 4874 953 4916 nec
983 4856 1258 4920 voluntas,
1288 4849 1449 4906 etiam
1477 4853 1646 4921 prout
1669 4847 1836 4904 libere
1864 4845 2006 4917 vult,
2037 4846 2135 4904 sed
2161 4863 2260 4920 per
2288 4863 2346 4904 se

745 4957 900 5009 recta
945 4955 1061 5015 est,
1101 4949 1361 5012 tanquam
1395 4941 1630 5009 ipsamet
1664 4941 1818 4994 recta
1857 4935 1996 4992 ratio
2035 4952 2133 5007 per
2159 4952 2347 4994 essen·

749 5041 901 5098 tiam.
917 5038 986 5094 Et
1005 5035 1078 5092 ita
1105 5036 1191 5088 est
1209 5026 1591 5100 intelligendus
1613 5023 1754 5084 idem
1773 5025 1935 5083 divus
1955 5026 2191 5083 Thomas
2214 5030 2261 5083 1.
2288 5043 2343 5099 p.

747 5145 804 5204 q.
830 5130 1041 5198 21,art.
1080 5128 1128 5181 1.
1145 5119 1212 5178 ad
1242 5123 1444 5190 2,cum
1456 5115 1613 5174 dicit:
1628 5113 1995 5191 Impossibile
2019 5119 2121 5182 est,
2149 5119 2346 5174 Deum

743 5215 908 5283 velle,
944 5215 1062 5272 nisi
1087 5207 1244 5286 quod
1268 5211 1428 5266 ratio
1449 5221 1593 5266 suae
1611 5207 1946 5284 sapientiae
1964 5205 2160 5274 habet,
2191 5221 2343 5280 quae

2218 339 2423 390 unm
2448 339 2530 390 11.

2396 462 2637 538 quidem
2674 468 2765 522 est
2802 465 2959 523 sieut
3000 461 3100 524 lea:
3126 466 3398 524 iustitiae
3411 507 3428 528 .
3458 462 3793 524 seeundum
3810 457 4005 542 'quam

2398 557 2529 611 eius
2554 553 2837 612 voluntas
2862 559 3033 612 recta
3061 558 3117 612 et
3134 557 3303 612 iusta
3320 559 3425 614 est.
3450 553 3547 614 llla
3565 557 3709 615 enim
3732 556 4005 630 particula

2398 645 2553 701 sicut
2578 659 2689 700 non
2718 644 2854 702 dicit
2882 644 3271 718 proprietatem
3302 644 3458 718 legis,
3486 645 3582 703 sed
3610 645 3917 721 analogiam
3944 653 4007 704 et

2396 732 2829 806 proportionem,
2861 738 2918 790 et
2942 732 3011 790 ad
3038 732 3148 790 hoc
3174 734 3563 807 explicandum
3585 735 3799 793 subdit:
3839 735 4007 798 Unde

2398 819 2553 894 quod
2579 821 2912 880 secundum
2939 840 3116 880 suam
3140 823 3507 883 voluntatem
3516 823 3703 895 facit,
3728 825 4009 900 ‘lascesa-

2398 913 2514 972 cit:
2542 912 2698 968 sicut
2724 917 2779 969 et
2803 929 2930 974 nos.
2961 912 3114 988 quod
3138 914 3463 972 secundum
3490 915 3676 990 leqem
3688 916 3991 990 facimus,

2398 1001 2548 1056 iuste
2556 998 2836 1074 facimus
2852 1019 2875 1070 ;
2905 1000 3009 1058 sed
3042 1019 3149 1060 nos
3190 1003 3423 1077 quidem
3462 1004 3789 1064 secundum
3816 1005 4009 1081 leqem

2399 1087 2662 1148 alicuius
2693 1094 3047 1166 superioris:
3069 1096 3231 1150 Deus
3252 1099 3455 1154 autem
3482 1095 3595 1154 sibi
3620 1099 3737 1170 ipsi
3764 1100 3851 1154 est
3877 1095 3997 1166 lew,

2401 1181 2454 1238 id
2480 1187 2644 1238 estse
2666 1182 2782 1254 ipso
2810 1189 2895 1239 est
2920 1188 3106 1239 rectus
3128 1183 3241 1240 sine
3269 1184 3408 1257 lege,
3438 1201 3504 1243 ac
3536 1185 3579 1242 si
3607 1186 3705 1242 sibi
3734 1185 3835 1256 ipsi
3858 1191 4009 1244 esset

2401 1268 2507 1328 lex.
2535 1269 2860 1329 Declaratur
2882 1271 3124 1344 tandem,
3147 1273 3274 1346 quia
3294 1274 3553 1332 iudicium
3577 1277 3801 1333 rationis
3824 1276 3875 1332 in
3899 1279 4011 1334 Deo

2405 1361 2585 1430 solum
2606 1368 2694 1417 est
2712 1362 3088 1418 necessarium
3116 1378 3183 1419 ex
3216 1377 3282 1419 60
3306 1404 3320 1435 ,
3345 1362 3495 1437 quod
3524 1363 3649 1421 nihil
3676 1371 3863 1437 potest
3886 1381 4011 1422 esse

2403 1449 2667 1522 volitum,
2702 1452 2835 1523 quin
2866 1451 3317 1526 praecognitum3
3348 1468 3456 1508 non
3488 1460 3669 1510 tamen
3697 1453 3860 1512 habet
3886 1471 4011 1511 mu-

2402 1553 2507 1595 nus
2530 1541 2689 1612 quasi
2716 1538 3013 1614 obligandi,
3026 1539 3108 1596 vel
3129 1540 3519 1599 determinandi
3532 1541 3895 1616 voluntatem:
3915 1543 4012 1600 sed

2402 1629 2519 1701 ipsa
2544 1628 2800 1686 voluntas
2831 1645 2927 1701 per
2956 1645 3015 1686 se
3041 1638 3129 1686 est
3154 1636 3305 1688 recta
3334 1637 3393 1688 et
3420 1632 3669 1698 honesta,
3700 1639 3757 1690 et
3783 1633 3909 1690 ideo
3930 1634 4012 1691 di-

2404 1724 2621 1776 ctamen
2648 1720 2894 1791 rationis,
2924 1719 3071 1792 quod
3095 1719 3415 1792 intelligitur
3442 1721 3653 1778 ratione
3677 1722 4011 1794 praecedere

2403 1809 2460 1864 in
2501 1807 2821 1880 intellectu,
2863 1825 2971 1886 non
3014 1815 3197 1882 potest
3223 1809 3423 1868 habere
3462 1811 3727 1869 rationem
3756 1813 4011 1885 propriae

2404 1897 2539 1971 legis
2575 1907 2837 1970 respectu
2884 1899 3095 1956 divinae
3144 1899 3460 1957 voluntatis.
3512 1902 3704 1972 Dices,
3742 1908 3863 1959 esto
3902 1918 4011 1958 non

2406 1987 2583 2059 possit
2617 1987 2724 2045 dici
2767 1986 2853 2046 lex
2893 2003 3131 2061 cogens,
3174 1987 3283 2045 dici
3312 1991 3513 2060 poterit
3540 1989 3625 2047 lex
3654 1989 3923 2062 dirigens,
3956 1997 4016 2047 et

2408 2074 2704 2134 ostendens
2752 2076 2950 2134 obiecti
3004 2078 3469 2150 convenientiam,
3522 2077 3606 2134 vel
3644 2077 4009 2137 honestatem.

2406 2165 2768 2239 Respondeo,
2813 2165 2918 2224 hoc
2962 2182 3069 2222 non
3109 2167 3240 2223 satis
3275 2181 3397 2223 esse
3424 2165 3490 2223 ad
3520 2168 3694 2240 legem
3722 2168 4011 2239 moralem,

2406 2261 2472 2312 ut
2497 2269 2565 2311 ex
2594 2271 2764 2329 supra
2791 2254 2953 2312 dictis
2983 2262 3165 2327 patet,
3202 2261 3255 2312 et
3283 2257 3337 2310 in
3368 2254 3728 2328 sequentibus
3756 2258 3910 2313 circa
3937 2257 4017 2314 le·

2406 2358 2531 2416 gem
2562 2343 2872 2402 naturalem
2897 2346 3072 2418 magis
3090 2344 3487 2416 explicabitur:
3515 2345 3895 2419 metaphorica
3916 2364 4016 2404 au·

2408 2441 2523 2491 tem
2563 2430 2773 2491 locutio
2814 2448 2924 2491 non
2948 2443 3037 2490 est
3062 2433 3417 2506 admittenda,
3447 2436 3553 2493 nisi
3583 2437 3657 2492 sit
3682 2437 3881 2493 usitata
3903 2478 3920 2510 ,
3954 2443 4018 2496 ut

2408 2527 2650 2578 constat.

2491 2612 2547 2668 7.
2578 2609 2711 2668 Dico
2754 2609 3028 2668 secundo:
3074 2611 3185 2668 Lex
3225 2617 3449 2668 aeterna
3486 2619 3552 2669 ut
3586 2619 3672 2670 est
3698 2612 3786 2671 lex
3812 2615 4017 2688 guber·

2408 2699 2597 2771 nandi,
2630 2715 2729 2756 seu
2760 2701 2917 2774 quasi
2946 2700 3206 2772 operandi
3233 2703 3555 2774 artificiose,
3576 2703 3684 2760 dici
3714 2711 3897 2775 potest
3918 2705 4015 2761 ha-

2412 2788 2543 2847 bere
2581 2790 2853 2847 rationem
2880 2789 3015 2863 legis
3042 2796 3303 2861 respectu
3330 2805 3519 2848 rerum
3556 2791 4013 2865 gubernatarum,

2412 2893 2519 2935 non
2549 2893 2679 2936 vero
2709 2879 2877 2951 ipsius
2905 2879 3021 2949 Dei,
3052 2894 3151 2935 seu
3180 2878 3473 2937 voluntatis
3494 2881 3635 2938 eius.
3662 2883 3743 2940 lta
3764 2883 4016 2957 loquitur

2412 2967 2468 3024 d.
2500 2968 2738 3026 Thomas
2766 2967 2822 3024 d.
2852 2974 2959 3025 art.
2992 2971 3048 3026 ⁴.
3082 2967 3153 3024 ad
3179 2970 3231 3037 1,
3255 2967 3506 3027 vincent.
3537 2971 3594 3026 in
3623 2971 3859 3045 Specul.
3892 2988 4016 3030 mo·

2411 3056 2531 3115 ναὶ.
2565 3063 2708 3129 part.
2742 3062 2811 3130 2,
2841 3057 2967 3114 dist.
3008 3060 3071 3129 1,
3099 3062 3155 3113 et
3188 3055 3503 3115 declaratur
3542 3060 3695 3132 prius
3723 3063 4010 3134 exemplis,

2414 3161 2540 3204 nam
2580 3149 2725 3204 Deus
2766 3144 3149 3203 constituendo
3191 3145 3399 3221 legem,
3442 3165 3496 3205 v.
3540 3163 3597 3222 g.
3643 3155 3707 3207 ut
3740 3149 3836 3208 tali
3862 3155 4017 3224 operi

2418 3237 2563 3293 bono
2606 3236 2715 3294 tale
2756 3237 3062 3309 praemium
3090 3278 3104 3307 ,
3146 3242 3199 3292 et
3234 3237 3322 3291 tali
3352 3244 3579 3309 peccato
3608 3238 3731 3296 talis
3758 3255 3932 3314 poena
3959 3241 4016 3298 in

2418 3341 2521 3383 suo
2543 3326 2750 3384 iudicio
2778 3324 3149 3398 respondeat,
3180 3334 3587 3400 consequenter
3608 3329 3765 3400 tacit,
3788 3336 3854 3387 ut
3880 3331 4017 3388 bene

2416 3430 2649 3486 operans
2688 3416 2762 3473 sit
2800 3414 3003 3487 dignus
3044 3413 3138 3471 tali
3190 3417 3430 3486 praemio
3455 3457 3471 3488 ,
3512 3423 3568 3474 et
3604 3433 3843 3489 peccans
3883 3435 4017 3477 reus

2416 3506 2538 3564 talis
2570 3521 2774 3578 poenae
2798 3544 2814 3575 ,
2844 3511 2903 3562 et
2929 3507 3005 3561 ita
3032 3519 3121 3561 res
3150 3505 3301 3576 ipsae
3327 3504 3713 3578 gubernandae
3738 3511 3921 3566 statim
3948 3526 4017 3567 ac

2418 3595 2792 3653 subiiciuntur
2814 3594 2889 3651 illi
2911 3595 3047 3666 legi,
3072 3597 3218 3651 Deus
3240 3601 3431 3651 autem
3455 3612 3567 3654 non
3586 3605 3770 3656 manet
3787 3597 3863 3655 illi
3884 3601 4017 3656 sub·

2416 3687 2630 3758 iectus,
2660 3684 2755 3742 sed
2786 3699 3003 3756 semper
3029 3691 3215 3740 manet
3249 3683 3465 3742 solutus
3486 3685 3731 3760 legibus,
3757 3695 3821 3744 ut
3839 3690 4019 3760 possit

2416 3775 2630 3848 operari
2669 3780 2842 3846 prout
2881 3773 3144 3844 voluerit,
3188 3779 3245 3829 et
3278 3775 3332 3829 in
3361 3773 3547 3831 ordine
3577 3790 3764 3832 rerum
3792 3783 4017 3836 natura-

2417 3863 2551 3921 lium
2587 3861 2729 3920 idem
2772 3864 3063 3920 invenitur.
3100 3861 3323 3920 Ratione
3350 3861 3619 3920 declarari
3646 3871 3853 3938 potest;
3886 3867 4016 3940 quia

2416 3952 2637 4026 quando
2666 3955 2811 4009 Deus
2834 3952 3126 4010 constituit
3148 3950 3327 4026 legem
3348 3959 3621 4011 aeternam
3642 3957 3794 4012 cirea
3814 3957 4016 4029 guber-

2415 4043 2689 4098 nationem
2737 4047 3161 4112 creaturarum,
3193 4056 3295 4112 pro
3336 4041 3509 4112 ipsius
3556 4046 3827 4100 creaturis
3865 4045 4011 4102 illam

2416 4132 2642 4202 statuit,
2675 4137 2738 4188 ut
2780 4130 3087 4188 secundum
3116 4129 3261 4186 illam
3292 4137 3636 4204 moveantur;
3663 4147 3769 4189 non
3802 4137 4016 4193 161011-

2416 4222 2522 4278 lam
2550 4220 2651 4277 sibi
2680 4221 2943 4292 imponit,
2975 4227 3037 4276 ut
3066 4220 3371 4276 secundum
3400 4219 3542 4277 illam
3582 4221 3888 4294 gubernare
3918 4240 4015 4282 co·-

2415 4317 2599 4384 gatur.
2625 4311 2863 4382 Denique
2889 4308 3011 4381 lex,
3040 4309 3085 4365 si
3113 4311 3330 4382 proprie
3362 4317 3650 4383 sumatur,
3678 4319 3766 4369 est
3795 4313 4017 4372 ordina-

2419 4403 2495 4458 tio
2523 4399 2818 4472 superioris
2858 4399 3008 4470 circa
3036 4399 3343 4456 inferiorem
3386 4413 3483 4468 per
3521 4402 3806 4472 proprium
3844 4403 4018 4476 impe-

2416 4491 2591 4560 rium,
2620 4488 2772 4563 quod
2818 4489 2862 4544 si
2902 4487 3229 4545 extendatur
3257 4487 3417 4544 latius
3444 4493 3498 4545 ot
3537 4489 3691 4561 quasi
3715 4506 3815 4562 per
3844 4500 4017 4549 meta-

2415 4578 2675 4651 phoram,
2706 4591 2920 4648 semper
2959 4575 3125 4633 debet
3150 4591 3369 4632 servare
3396 4580 3826 4652 proportionem,
3859 4588 3927 4639 ut
3948 4583 4021 4640 sit

2416 4671 2583 4727 motio
2612 4667 2911 4740 superioris
2935 4667 3083 4723 circa
3106 4680 3223 4723 rem
3244 4665 3345 4721 sibi
3366 4666 3687 4738 subiectam;
3709 4684 3841 4742 ergo
3870 4674 4015 4728 ratio

2414 4757 2625 4816 divinae
2657 4757 3031 4830 providentiae
3073 4756 3177 4813 sub
3218 4754 3409 4813 eadem
3437 4758 3790 4829 proportione
3817 4761 4016 4832 recipit

2416 4847 2835 4920 proprietatem,
2859 4844 2942 4902 vel
2966 4844 3377 4918 appellationem
3403 4845 3561 4918 legis,
3586 4855 3652 4904 ut
3669 4863 3735 4904 ex
3758 4853 4012 4922 sequenti

2416 4943 2621 5010 puncto
2650 4933 2819 5006 magis
2846 4933 3145 4991 constabit.

2494 5030 2546 5082 8.
2572 5021 2829 5081 Secundo
2844 5021 3079 5080 dubitari
3095 5027 3297 5094 potest,
3312 5037 3379 5078 an
3404 5021 3508 5078 sub
3528 5021 3632 5080 hac
3647 5023 3766 5098 lege
3788 5031 4013 5085 aeterna

2414 5112 2945 5186 comprehendantur
2982 5117 3170 5168 creata
3198 5113 3381 5169 omnia
3400 5153 3415 5182 ,
3445 5113 3607 5170 etiam
3634 5115 3843 5172 ratione
3862 5157 3878 5190 ,
3912 5124 4014 5176 6111

2414 5204 2526 5264 vita
2545 5201 2785 5264 carentia
2798 5241 2815 5273 ,
2838 5215 2980 5275 quae
2998 5215 3106 5258 non
3125 5198 3293 5260 libero
3312 5241 3329 5276 ,
3354 5201 3453 5260 sed
3464 5215 3537 5260 ex
3558 5203 3887 5264 necessitate
3909 5221 4009 5265 na-
