4325 6267
748 331 872 403 210

663 481 846 555 tuerit,
875 479 1054 554 potius
1083 477 1168 536 lex
1197 475 1530 537 coarctanda
1547 483 1634 536 est
1651 491 1718 536 ex
1737 475 2080 552 generalibus
2102 478 2248 550 prin·

662 572 816 646 cipiis
843 571 1012 643 iuris,
1042 568 1190 644 quod
1222 584 1427 642 poenae
1455 567 1663 642 etodia
1689 575 1819 626 sunt
1851 566 2249 641 restringenda,

660 668 717 720 et
747 660 895 736 quod
925 661 1070 736 leges
1100 659 1262 718 modo
1285 661 1512 718 maxime
1535 658 1874 717 connaturali
1893 661 2253 732 interpretan-

665 751 767 811 dae
807 758 966 826 sunt;
1009 756 1291 809 ostensum
1331 756 1415 808 est
1452 757 1668 822 autem,
1711 749 2077 808 extensionem
2117 747 2252 822 legis

661 857 834 901 novae
863 839 932 900 ad
959 843 1313 914 praeteritum
1340 840 1746 915 quodammodo
1774 857 1895 898 esse
1921 845 2136 914 praeter
2155 854 2253 895 na·

667 937 850 990 turam
879 931 1045 1006 legis,
1067 945 1210 1006 quae
1245 937 1332 988 est
1367 928 1553 1004 regula
1589 905 1926 988 ruffus-orum.
1957 927 2251 986 Advertere

659 1029 839 1080 tamen
868 1020 957 1079 hic
985 1022 1180 1080 ultimo
1207 1027 1444 1095 oportet,
1476 1019 1620 1078 aliud
1648 1035 1768 1078 esse
1795 1019 1966 1093 legem
1996 1018 2251 1092 simplici-

661 1120 744 1172 ter
782 1113 1158 1189 disponentem
1196 1112 1393 1172 cadere
1431 1112 1482 1169 in
1519 1116 1676 1170 actus
1715 1109 2065 1184 praeteritos3
2103 1107 2249 1167 aliud

659 1220 789 1262 vero
827 1220 939 1263 non
977 1203 1258 1262 includere
1298 1203 1409 1261 ullo
1448 1201 1609 1260 modo
1647 1217 1738 1258 res
1779 1200 2120 1274 praeteritas,
2149 1214 2248 1256 seu

656 1297 764 1355 iam
793 1295 986 1354 factas·
1018 1297 1116 1352 Hic
1142 1293 1281 1350 enim
1309 1293 1487 1350 solum
1527 1291 1762 1365 primum
1789 1288 2162 1362 affirmamus,
2194 1295 2249 1347 et

655 1386 711 1445 id
737 1385 971 1460 probant
995 1387 1114 1444 iura
1139 1391 1196 1444 et
1222 1386 1459 1442 rationes
1486 1381 1786 1456 adductae3
1817 1381 2122 1440 secundum
2150 1395 2248 1438 au-

659 1485 770 1536 tem
798 1492 900 1535 nec
931 1475 1297 1534 necessarium
1323 1481 1429 1544 est,
1459 1488 1562 1530 nec
1593 1488 1824 1530 verum:
1857 1487 1984 1530 nam
2009 1471 2092 1528 lex
2121 1486 2249 1545 pro·

655 1565 848 1626 hibens
883 1582 1048 1624 usum
1093 1564 1214 1624 talis
1251 1563 1372 1621 libri
1411 1570 1507 1621 aut
1552 1563 1718 1621 vestis
1747 1562 1995 1636 prohibet
2029 1561 2247 1637 quidem

656 1673 822 1716 usum
853 1662 1063 1716 tantum
1089 1654 1370 1726 futurum,
1403 1659 1583 1712 tamen
1610 1652 1861 1726 prohibet
1887 1652 2060 1722 illum,
2082 1653 2245 1708 etiam

656 1748 812 1806 circa
837 1746 1036 1805 librum
1067 1753 1166 1804 aut
1191 1752 1398 1804 vestem
1428 1745 1582 1817 prius
1609 1743 1832 1816 iactam,
1857 1744 1902 1800 si
1923 1741 2173 1800 absolute
2193 1746 2248 1798 et

657 1835 975 1910 simpliciter
1003 1835 1274 1908 disponat,
1304 1835 1430 1908 quia
1458 1832 1550 1891 illa
1575 1839 1791 1891 tantum
1819 1839 1906 1890 est
1937 1831 2094 1906 quasi
2131 1847 2244 1888 mn-

653 1927 790 1984 teria
810 1931 1020 1984 remota
1040 1925 1204 1998 legis,
1232 1925 1316 1981 lex
1336 1930 1518 1982 autem
1541 1938 1681 1981 nova
1703 1923 1905 1995 optime
1928 1927 2105 1996 potest
2124 1937 2247 1986 ver-1

656 2018 763 2074 sari
790 2018 845 2074 in
873 2031 934 2074 re
961 2015 1208 2088 antiqua,
1239 2020 1302 2071 ut
1329 2014 1382 2070 in
1408 2014 1632 2073 materia
1657 2018 1892 2071 remota.
1923 2013 2060 2070 Item
2083 2026 2245 2083 saepe

653 2113 837 2180 potest
860 2107 946 2166 lex
973 2103 1306 2180 prohibendo
1333 2103 1536 2180 aliquid
1566 2105 1817 2163 futurum
1855 2101 2145 2176 impedire,
2179 2116 2245 2159 ne

653 2204 813 2255 actus
841 2198 946 2255 iam
973 2196 1264 2254 inchoatus
1291 2201 1742 2268 consummetur,
1772 2200 1835 2252 ut
1871 2194 1915 2252 si
1950 2193 2036 2252 lex
2063 2191 2244 2251 denuo

651 2287 967 2363 prohibeat,
1011 2286 1346 2360 illegitimum
1387 2287 1655 2358 profiteri,
1696 2290 1878 2359 potest
1917 2283 2134 2342 extendi
2178 2281 2245 2340 ad

651 2395 808 2452 eum,
839 2379 931 2452 qui
963 2378 1068 2435 iam
1101 2383 1220 2434 erat
1253 2376 1520 2450 novitius,
1550 2374 1770 2450 quando
1806 2373 1890 2432 lex
1927 2389 2069 2432 nova
2103 2372 2246 2431 edita

648 2479 755 2541 est,
785 2472 914 2544 quia
940 2469 1102 2527 etiam
1139 2467 1226 2524 ille
1255 2473 1469 2524 tantum
1497 2473 1584 2524 est
1611 2468 1838 2524 materia
1864 2471 2076 2523 remota
2101 2463 2248 2521 illius

649 2560 801 2634 legis.
834 2563 907 2617 De
934 2575 1046 2632 quo
1085 2563 1290 2631 puncto
1326 2556 1496 2615 videri
1537 2565 1769 2630 possunt
1801 2555 2000 2630 multa,
2029 2553 2247 2629 quaein

652 2658 946 2724 utramque
990 2655 1198 2722 partem
1238 2646 1451 2706 erudite
1491 2653 1696 2706 tractat
1731 2648 1960 2706 Navarr.
2006 2647 2058 2704 in
2100 2645 2248 2718 dicta

653 2747 869 2814 except.
899 2746 994 2800 22.
1026 2739 1142 2798 sere
1169 2754 1269 2811 per
1297 2744 1488 2796 totam.

731 2835 787 2890 9.
819 2829 922 2888 Sed
943 2836 1170 2904 quaeret
1191 2828 1280 2886 hie
1300 2827 1522 2903 aliquis,
1547 2843 1614 2886 an
1637 2826 1721 2886 lex
1742 2842 1997 2901 expresse
2018 2826 2247 2902 loquens

654 2919 722 2978 de
750 2921 1042 2992 praeterito
1081 2916 1406 2976 extendatur
1451 2916 1518 2975 ad
1548 2918 1884 2991 praesentia,
1914 2917 1996 2975 vel
2035 2917 2241 2976 sutura.

653 3010 973 3082 Respondeo
996 3010 1250 3084 breviter,
1272 3009 1601 3083 regulariter
1623 3007 1897 3082 loquendo
1912 3014 2098 3068 totum
2116 3016 2248 3067 tem·

657 3117 764 3176 pus
792 3098 1270 3172 comprehendere.
1303 3101 1382 3158 Ita
1403 3099 1602 3157 docent
1627 3100 1776 3160 Bart.
1807 3101 1861 3157 in
1889 3099 1926 3156 l.
1961 3117 2098 3158 cum
2124 3099 2239 3168 lex,

655 3191 712 3249 ff.
732 3189 800 3248 de
825 3188 1151 3264 legib.Bald.
1168 3196 1222 3247 et
1248 3189 1340 3247 alii
1362 3191 1412 3246 in
1443 3187 1481 3247 l.
1503 3189 1809 3248 unic.ff.de
1836 3190 2080 3249 condes
2108 3189 2245 3264 lege,

654 3283 952 3340 Panormit.
984 3283 1040 3338 in
1067 3295 1189 3352 cap.
1206 3284 1263 3338 2.
1292 3277 1365 3337 de
1391 3281 1695 3338 constit.in
1719 3281 1890 3354 princ.
1921 3281 2249 3355 Angel.v0r-

654 3370 726 3428 bo
751 3370 867 3439 lex,
904 3369 1233 3446 n.10,Sylv.
1253 3385 1308 3425 n.
1329 3369 1510 3429 24.Et
1534 3370 1673 3428 ratio
1699 3377 1806 3444 est,
1835 3369 1960 3445 quia
1987 3369 2074 3429 lex
2107 3387 2251 3428 sem-

654 3477 752 3536 per
782 3461 1050 3536 loquitur,
1086 3459 1126 3517 1.
1159 3461 1426 3527 Arn'am',
1464 3460 1525 3520 C.
1558 3458 1626 3517 de
1655 3460 1864 3518 haeret.
1897 3466 1954 3518 et
1978 3460 2096 3518 ideo
2123 3461 2251 3520 licet

655 3551 745 3610 Iex
769 3550 948 3620 dicat,
986 3551 1080 3624 qui
1119 3548 1277 3623 facit,
1309 3547 1390 3606 vel
1426 3548 1553 3608 fecit
1591 3550 1728 3620 hoc,
1757 3565 1972 3624 semper
2004 3550 2249 3624 loquitur

655 3650 852 3700 contra
878 3657 1027 3715 eum,
1058 3641 1150 3716 qui
1179 3640 1231 3697 in
1257 3638 1503 3714 quolibet
1527 3647 1773 3714 tempore
1801 3641 1961 3711 iacit,
1991 3641 2075 3698 vel
2105 3657 2250 3716 quo-

655 3734 995 3806 tiescumque
1019 3731 1088 3789 de
1113 3729 1204 3788 illo
1233 3729 1342 3787 dici
1369 3737 1553 3804 potest
1593 3732 1809 3791 secisse.
1836 3733 1972 3790 Item
2007 3747 2138 3788 cum
2165 3729 2249 3789 lex

658 3839 756 3896 per
784 3837 840 3880 se
876 3829 936 3880 et
969 3827 1166 3880 natura
1203 3836 1306 3878 sua
1339 3828 1592 3879 versetur
1629 3822 1779 3879 circa
1815 3821 2032 3892 sutura,
2065 3821 2133 3879 ad
2157 3821 2250 3879 illa

656 3913 892 3971 maxime
921 3911 1046 3968 ferri
1082 3917 1370 3985 censetur,
1399 3911 1606 3969 etiamsi
1644 3927 1741 3987 per
1775 3913 1940 3970 verba
1976 3912 2248 3986 praeteriti

656 4002 743 4060 vel
765 4003 1065 4077 praesentis
1087 4000 1364 4075 loquatur.
1379 4000 1791 4076 Intelligendum
1813 4008 1998 4060 autem
2018 4001 2124 4059 hoc
2143 4007 2248 4074 est,

657 4093 758 4150 nisi
785 4093 1012 4151 materia
1041 4090 1175 4165 legis
1205 4091 1419 4165 obstet,
1441 4099 1546 4156 aut
1573 4092 1788 4167 aliquod
1829 4092 2128 4168 absurdum
2168 4107 2252 4148 se-

657 4191 891 4258 quatur,
922 4190 985 4242 ut
1010 4181 1142 4240 dicti
1175 4189 1434 4240 auctores
1461 4183 1693 4241 limitent
1717 4199 1783 4240 ex
1813 4184 1853 4241 1.
1886 4199 2023 4241 cum
2043 4181 2161 4252 leat,
2192 4182 2247 4242 ff.

655 4273 723 4330 de
751 4272 909 4346 legib.
941 4272 1172 4330 dicente:
1194 4275 1348 4331 Cum
1382 4272 1481 4331 leae
1499 4276 1565 4330 in
1585 4279 1977 4349 praeteritum
1995 4273 2251 4350 quidin-

657 4362 873 4439 dulyet,
910 4361 1279 4437 infuturum
1307 4371 1485 4423 vetat.
1516 4366 1656 4437 Quia
1691 4367 1736 4424 si
1759 4366 2069 4442 indulgeret
2090 4367 2251 4424 etiam

656 4458 714 4513 in
740 4455 1184 4531 futurum,daret
1211 4457 1562 4516 occasionem
1586 4456 1955 4532 delinquendi,
1983 4456 2125 4530 unde
2152 4470 2251 4529 po·

573 4589 580 4596 .
654 4547 766 4604 tius
795 4543 1125 4620 indulgendo
1161 4546 1456 4620 supponit,
1485 4552 1674 4605 actum
1716 4564 1837 4606 esse
1875 4547 2098 4622 dignum
2123 4561 2253 4621 poe·

657 4651 758 4706 na,
787 4642 845 4693 et
871 4636 987 4693 ideo
1014 4635 1204 4693 limitat
1237 4633 1628 4709 indulgentiam
1671 4638 1739 4696 ad
1775 4639 2160 4713 praeteritum,
2189 4642 2255 4695 ut

657 4727 714 4785 in
741 4726 996 4786 futurum
1020 4725 1326 4800 prohibeat,
1357 4733 1456 4784 aut
1481 4726 1816 4801 prohibitum
1841 4729 2129 4805 relinquat.

2117 347 2322 401 tumn
2344 348 2451 401 111.

2874 480 3151 554 CAPUT
3194 483 3345 556 XV.

2324 678 2493 753 Quae
2502 672 2719 751 forma
2744 681 3013 747 externa,
3047 695 3149 736 sea
3175 677 3463 738 sensibilis
3491 679 3790 742 servanda
3814 686 3897 742 stt

2703 770 2770 825 in
2778 766 3046 842 ferenda
3070 767 3192 844 leqe
3216 771 3510 830 humana.

2876 950 3360 1017 summarium

2317 1121 2368 1176 1.
2395 1122 2589 1188 Duplex
2610 1131 2690 1178 est
2713 1126 2843 1190 Iegis
2864 1127 3031 1178 civilis
3052 1126 3231 1179 forma:
3258 1129 3359 1179 alia
3382 1136 3591 1182 externa
3625 1143 3715 1183 seu
3746 1133 3905 1185 sensi-

2384 1194 2522 1257 bilis,
2543 1197 2643 1247 alia
2667 1197 2866 1248 interna
2890 1202 2945 1247 et
2963 1199 3108 1263 quasi
3134 1199 3434 1263 spiritualis.
3448 1227 3511 1238 —
3525 1201 3577 1254 2.
3590 1202 3655 1253 Ut
3682 1204 3763 1254 lex
3786 1216 3909 1267 pru-

2383 1263 2565 1316 denter
2605 1267 2978 1330 constituatur,
3014 1269 3319 1320 naturaliter
3352 1283 3481 1335 opus
3516 1280 3594 1322 est
3624 1274 3907 1324 multorum

2382 1337 2675 1399 consilium3
2702 1345 2756 1387 at
2780 1339 2833 1388 in
2852 1337 3023 1400 rigore
3046 1351 3146 1390 non
3170 1345 3249 1390 oet
3275 1343 3706 1394 necessarium—
3718 1342 3768 1394 3.
3797 1344 3904 1394 Lex

2380 1403 2597 1457 humana
2620 1415 2701 1459 ωε.
2724 1408 2824 1457 alia
2856 1408 3067 1473 scripta,
3092 1409 3191 1459 alia
3225 1424 3323 1461 non
3358 1412 3570 1474 scripta.
3598 1440 3667 1450 —
3690 1413 3803 1463 Alia
3828 1413 3907 1464 di-

2385 1475 2530 1527 visio.
2557 1504 2626 1515 —
2649 1479 2702 1529 4.
2728 1477 3011 1530 Conclusio.
3027 1479 3161 1529 -5,
3189 1480 3327 1543 Quae
3352 1480 3511 1532 forma
3540 1483 3811 1534 verborum
3832 1485 3905 1535 sit

2385 1549 2687 1598 necessaria.
2701 1543 3096 1609 ——6.Quaedam
3120 1551 3259 1614 leges
3282 1549 3550 1615 proferunt
3573 1561 3905 1617 praeceptum

2382 1613 2435 1665 in
2458 1621 2579 1666 actu
2600 1619 2820 1681 signato,
2844 1617 2975 1668 aliae
2999 1618 3053 1668 in
3076 1626 3195 1670 actu
3218 1621 3460 1673 exercito.
3487 1649 3558 1660 -
3578 1623 3629 1674 7.
3652 1623 3813 1674 Dubia
3836 1624 3904 1673 de

2382 1687 2553 1737 verbis
2578 1687 2725 1750 Iegis,
2752 1695 2806 1738 et
2831 1687 2883 1738 in
2920 1688 3096 1752 primis
3128 1689 3191 1740 de
3226 1691 3383 1742 verbo
3414 1693 3628 1744 mando.
3658 1720 3727 1731 —
3750 1693 3804 1744 8.
3834 1695 3905 1744 De

2382 1757 2539 1808 verbo
2560 1759 2778 1820 oportet.
2804 1783 2873 1795 -
2892 1757 2961 1808 De
2986 1759 3143 1810 verbo
3164 1761 3562 1815 volutum-9.
3592 1763 3903 1816 Dubium.—

2384 1826 2468 1877 ¹0.
2498 1825 2745 1880 obiectio.
2770 1855 2841 1866 —
2867 1827 2949 1878 Η.
2977 1828 3189 1879 Praeter
3221 1829 3359 1880 dicta
3392 1831 3496 1883 duo
3528 1839 3649 1884 sunt
3686 1834 3789 1898 legi
3818 1847 3907 1884 ne-

2378 1898 2618 1948 cessaria.
2645 1925 2717 1936 —
2742 1897 2827 1949 12.
2853 1897 3273 1952 Dubium—13.
3300 1901 3673 1954 subdistinctio
3693 1903 3759 1954 de
3783 1917 3905 1955 con-

2380 1965 2532 2017 dente
2556 1968 2689 2032 tege.
2714 1995 2785 2008 -
2807 1969 2890 2020 14.
2917 1967 2995 2018 An
3018 1969 3153 2020 idem
3174 1971 3244 2022 sit
3268 1969 3541 2023 dicendum
3561 1971 3625 2023 de
3650 1975 3905 2039 rescripto

2380 2049 2471 2090 seu
2495 2037 2559 2089 de
2580 2039 2797 2104 epistola
2820 2039 3064 2105 principis
3086 2051 3147 2092 ac
3170 2039 3235 2092 de
3256 2042 3534 2095 sententia.

2396 2201 2443 2256 1.
2474 2197 2715 2256 Diximus
2753 2198 2821 2258 de
2855 2201 3077 2258 materia
3112 2199 3249 2276 legis
3285 2200 3493 2274 civilis,
3536 2209 3788 2274 superest
3814 2201 3895 2261 di-

2312 2285 2543 2345 cendum
2571 2287 2639 2346 de
2667 2287 2863 2362 l'orma,
2894 2304 3033 2363 quae
3060 2295 3242 2362 potest
3265 2289 3464 2362 duplex
3494 2291 3750 2366 cogitari:
3784 2310 3895 2351 una

2311 2383 2535 2434 externa
2568 2385 2627 2436 et
2663 2379 2963 2452 sensibilis,
3008 2395 3148 2454 quae
3181 2387 3267 2437 est
3293 2381 3461 2440 veluti
3502 2397 3709 2456 corpus
3737 2383 3896 2458 legis3

2314 2467 2415 2525 alia
2440 2469 2667 2542 interna,
2695 2476 2751 2527 et
2774 2471 2931 2544 quasi
2960 2470 3275 2544 spiritualis,
3307 2488 3448 2546 quae
3474 2480 3563 2531 est
3588 2473 3757 2532 veluti
3780 2477 3895 2533 ani·

2314 2572 2403 2616 ma
2440 2575 2539 2615 seu
2578 2551 2715 2617 ratio
2756 2559 2910 2634 legis.
2954 2563 3028 2619 De
3076 2561 3178 2619 hac
3226 2565 3518 2635 posteriori
3566 2565 3812 2624 dicemus
3842 2567 3895 2623 in

2314 2663 2438 2720 cap.
2461 2649 2623 2724 XVII,
2654 2666 2800 2709 nunc
2828 2649 2895 2708 de
2922 2651 3107 2724 priori.
3140 2652 3505 2726 Supponimus
3527 2660 3711 2712 autem
3736 2671 3805 2713 ex
3826 2655 3906 2713 di-

2314 2740 2419 2797 ctis
2447 2741 2501 2797 in
2527 2756 2653 2815 cap.
2683 2742 2706 2799 I
2724 2782 2739 2813 ,
2782 2741 2955 2814 legem
2990 2741 3201 2800 civilem
3222 2784 3238 2816 ,
3269 2758 3411 2816 quae
3448 2741 3679 2802 subditis
3708 2745 3895 2820 datur,

2313 2829 2574 2889 constitui
2612 2831 2665 2888 in
2699 2845 2897 2906 genere
2937 2833 3078 2906 signi
3102 2830 3389 2890 indicantis
3418 2835 3677 2908 principis
3708 2837 3902 2894 volun-

2318 2927 2505 2978 tatem.
2536 2919 2690 2980 Unde
2717 2935 2939 2979 necesse
2966 2929 3072 2994 est,
3097 2929 3162 2980 ut
3186 2921 3291 2980 tale
3312 2923 3529 2997 signum
3552 2925 3623 2981 sit
3644 2923 3898 2982 sensibile

2316 3008 2583 3067 humanae
2632 3009 2924 3084 cognitioni
2961 3010 3455 3070 accommodatum.
3498 3015 3575 3071 De
3617 3011 3726 3071 hoc
3764 3029 3897 3088 ergo

2316 3101 2471 3174 signo
2496 3099 2548 3157 in
2574 3099 2813 3174 generali
2840 3106 3076 3171 constat,
3107 3101 3302 3160 debere
3328 3118 3446 3160 esse
3473 3103 3607 3184 tale,
3644 3111 3710 3162 ut
3737 3105 3901 3162 modo

2316 3189 2549 3248 sensibili
2584 3189 2841 3263 principis
2868 3190 3203 3249 voluntatem
3230 3193 3433 3252 indicet
3460 3193 3693 3252 subditis
3714 3235 3730 3268 ,
3762 3194 3899 3252 alio·

2315 3281 2408 3354 qui
2446 3295 2555 3337 non
2596 3287 2745 3337 esset
2785 3281 3003 3354 signum
3039 3279 3370 3354 humanum,
3407 3291 3467 3342 et
3499 3292 3903 3360 consequenter

2316 3385 2425 3428 non
2466 3376 2616 3429 esset
2643 3369 2729 3427 lex
2757 3369 3018 3444 humana,
3052 3369 3185 3428 haec
3213 3388 3345 3446 ergo
3374 3375 3689 3448 significatio
3716 3381 3805 3433 est
3829 3374 3896 3433 de

2316 3459 2618 3518 substantia
2644 3459 2806 3517 huius
2834 3459 2982 3534 legis.
3015 3460 3230 3529 Quibus
3255 3469 3439 3520 autem
3466 3464 3644 3522 verbis
3670 3465 3900 3539 exprimi

2316 3549 2529 3622 debeat,
2559 3549 2804 3608 dicemus
2832 3549 2993 3622 paulo
3022 3549 3261 3607 inferius.
3292 3551 3443 3610 Unde
3471 3555 3614 3612 inter
3634 3555 3903 3612 conditio·

2316 3655 2412 3697 nes
2442 3639 2570 3712 legis
2598 3641 2751 3712 ponit
2772 3638 3037 3712 Isidorus,
3069 3647 3131 3697 ut
3160 3641 3229 3698 sit
3256 3643 3557 3716 manifesta,
3585 3643 3639 3701 id
3666 3653 3753 3703 est
3781 3645 3897 3703 cla-

2315 3745 2399 3803 ra,
2426 3745 2499 3788 ne
2520 3744 2629 3804 per
2652 3729 3070 3788 obscuritatem
3093 3729 3233 3805 quid
3256 3735 3325 3790 in
3350 3737 3684 3809 captionem
3712 3739 3903 3793 conti·

2316 3824 2473 3888 neat,
2508 3826 2572 3877 ut
2597 3819 2673 3876 ait
2697 3818 2786 3876 lib.
2818 3825 2872 3879 5.
2906 3824 3102 3896 Ecum.
3130 3837 3254 3894 cap.
3277 3826 3375 3895 21,
3400 3830 3459 3882 et
3482 3840 3607 3898 cap.
3632 3828 3770 3884 Erit
3794 3842 3904 3884 aun

2316 3915 2462 3973 tem.
2502 3908 2627 3967 dist.
2660 3913 2694 3968 4
2712 3953 2727 3981 ,
2763 3907 2817 3966 id
2843 3915 2929 3968 est
2954 3924 3022 3967 ne
3050 3909 3359 3970 obscuritas
3390 3916 3461 3972 sit
3484 3916 3701 3972 occasio
3736 3913 3902 3974 dece·

2318 4000 2563 4074 ptionum
2591 4006 2646 4056 et
2672 3997 3108 4073 ambiguitatum.
3138 4001 3290 4060 Unde
3316 4003 3481 4062 etiam
3505 4004 3902 4064 convenientis·

2318 4091 2517 4147 simum
2542 4103 2666 4145 esse
2694 4087 2852 4161 solet,
2883 4094 2950 4146 ut
2974 4089 3122 4165 leges
3150 4090 3509 4166 simplicibus,
3531 4094 3811 4171 brevibus,
3833 4113 3905 4156 ac

2316 4181 2477 4238 claris
2506 4179 2682 4237 verbis
2710 4179 2990 4253 serantur,
3020 4196 3143 4238 nam
3165 4182 3387 4256 quando
3408 4185 3727 4258 prolixiores
3745 4195 3903 4258 sunt,

2318 4270 2641 4344 plerumque
2678 4275 2807 4329 sunt
2832 4269 3006 4345 magis
3033 4270 3341 4349 perplexae,
3370 4281 3427 4332 et
3450 4274 3903 4352 ambiguitatibus

2318 4361 2615 4432 expositae.

2394 4450 2474 4506 Ex
2515 4447 2717 4523 quibus
2756 4448 2983 4525 colligo,
3025 4449 3080 4509 in
3117 4449 3293 4511 forma
3336 4453 3473 4528 Iegis
3510 4453 3750 4514 sensibili
3789 4455 3905 4516 duo

2318 4555 2478 4615 posse
2499 4538 2778 4612 distingui:
2804 4539 3013 4598 scilicet
3033 4541 3306 4600 materiale
3338 4544 3585 4618 signum,
3611 4552 3676 4604 ut
3706 4562 3905 4606 vocem

2318 4630 2404 4691 vel
2431 4631 2785 4704 scripturam,
2814 4636 2872 4687 et
2897 4630 3363 4706 significationem,
3394 4649 3462 4692 ex
3488 4636 3718 4713 quibus,
3750 4639 3793 4695 si
3820 4640 3907 4695 in·

2320 4730 2405 4782 ter
2432 4737 2489 4779 se
2515 4728 2935 4795 comparentur,
2977 4723 3284 4797 scriptura,
3316 4724 3401 4782 vel
3428 4741 3597 4783 sonus
3626 4727 3904 4786 materiale

2320 4811 2451 4888 quid
2471 4819 2575 4885 est,
2601 4811 2917 4886 significatio
2940 4819 3122 4870 autem
3142 4813 3367 4874 formale
3380 4834 3407 4890 3,
3420 4831 3489 4874 ex
3513 4825 3750 4892 utroque
3771 4834 3904 4876 vero

2320 4902 2633 4976 completur
2672 4901 2849 4960 forma
2889 4901 3153 4960 sensibilis
3195 4904 3368 4978 legem
3404 4908 3773 4981 constituens,
3804 4923 3906 4968 seu

2321 5008 2462 5068 quae
2483 4999 2570 5050 est
2590 4991 2937 5065 ipsametlex;
2957 5007 3082 5049 nam
3104 5009 3234 5052 cum
3250 4994 3334 5053 lex
3349 4997 3419 5055 sit
3432 5003 3594 5054 actus
3607 4997 3902 5074 humanus,

2318 5090 2411 5146 est
2434 5081 2596 5142 etiam
2623 5078 2892 5157 quaedam
2919 5080 3115 5140 forma.
3150 5083 3424 5142 Declarari
3446 5094 3629 5159 potest
3651 5089 3901 5163 exemplo

2324 5174 2531 5232 formae
2572 5171 3011 5245 sacramentalis,
3051 5187 3193 5246 quae
3238 5180 3323 5232 est
3366 5177 3419 5234 in
3466 5178 3675 5252 verbis,
3727 5181 3781 5237 in
3826 5182 3905 5236 eis

2320 5271 2501 5324 tamen
2548 5278 2745 5321 sonum
2783 5262 3075 5322 verborum
3122 5269 3381 5341 tanquam
3420 5268 3701 5328 materiale
3748 5268 3903 5350 quid,
