4325 6267
780 306 903 368 164

699 448 971 503 humanae
1010 445 1337 517 voluntatis,
1372 451 1433 503 ut
1465 443 1786 501 videbimus.
1820 442 1899 499 Ad
1928 443 2298 499 confirmatio·

700 553 821 593 nem
852 537 1081 608 primam
1112 535 1377 604 fatemur,
1412 533 1633 605 imperia
1658 538 1713 589 et
1740 547 1909 605 regna
1938 547 2096 603 saepe
2126 533 2297 588 fuisse

702 640 798 697 per
840 622 1179 700 tyrannidem
1220 629 1279 678 et
1318 621 1427 677 vim
1452 619 1767 678 introducta
1795 629 1850 676 et
1880 626 2172 693 usurpata3
2205 637 2298 678 ne-

697 730 892 787 gamus
934 717 1147 781 tamen,
1189 711 1295 769 hoc
1339 711 1611 782 pertinere
1651 708 1716 765 ad
1744 710 2097 766 intrinsecam
2130 712 2296 767 ratio·

698 818 821 859 nem
848 817 949 858 seu
978 806 1229 857 naturam
1262 798 1383 857 talis
1413 799 1772 873 principatus,
1804 800 1899 856 sed
1922 799 1989 856 ad
2014 799 2296 856 hominum

697 890 931 949 abusum
950 908 965 960 3
1000 889 1145 946 unde
1165 889 1327 945 etiam
1349 902 1635 961 negamus,
1659 905 1691 945 a
1712 890 1977 962 principio
1999 889 2168 945 luisse
2189 889 2298 945 boc

698 978 863 1035 modo
903 993 1071 1051 regna
1110 977 1458 1047 introducta,
1494 978 1689 1034 utiam
1716 978 1977 1049 exemplis
2008 984 2296 1034 ostensum

696 1074 799 1125 est.
826 1066 1003 1123 Verba
1043 1073 1233 1123 autem
1274 1064 1363 1121 illa
1405 1066 1575 1123 Oscae
1624 1065 1933 1138 specialiter
1969 1065 2035 1122 de
2078 1066 2300 1139 regibus

697 1157 863 1214 lsrael
894 1162 1108 1229 praeter
1133 1156 1229 1212 Dei
1256 1154 1595 1211 voluntatem
1622 1154 1953 1211 introductis
1973 1154 2119 1211 dicta
2140 1162 2295 1225 sunt,

698 1252 761 1302 ut
788 1246 893 1302 late
920 1245 990 1302 ibi
1018 1245 1242 1317 exponit
1266 1244 1486 1301 Ribera.
1513 1246 1756 1300 Possunt
1778 1258 1907 1299 vero
1928 1244 2192 1315 applicari
2215 1244 2300 1301 vel

697 1335 765 1391 ad
806 1350 993 1391 omnes
1036 1343 1330 1411 tyrannos,
1373 1331 1456 1389 vel
1499 1331 1566 1389 ad
1608 1350 1835 1403 omnes,
1881 1336 1975 1406 qui
2004 1334 2186 1406 inique
2213 1349 2301 1391 re·

696 1432 884 1499 gnant,
918 1424 1047 1480 licet
1074 1424 1182 1480 sint
1210 1423 1322 1478 veri
1352 1437 1541 1495 reges,
1578 1420 1659 1477 vel
1682 1422 1750 1479 ad
1773 1438 1892 1495 eos,
1915 1422 2011 1495 qui
2036 1422 2163 1479 licet
2187 1426 2300 1480 sint

700 1514 901 1586 indigni
942 1519 999 1569 et
1040 1510 1200 1582 inepti
1229 1510 1296 1567 ad
1325 1511 1779 1584 gubernationem
1799 1550 1814 1581 ,
1848 1510 1993 1567 illam
2022 1512 2294 1570 ambiunt.

698 1604 764 1659 Et
793 1603 845 1658 hi
874 1618 1035 1674 saepe
1070 1602 1337 1657 dicuntur
1364 1616 1471 1656 non
1508 1616 1739 1674 regnare
1764 1616 1831 1657 ex
1864 1604 2001 1672 Deo,
2034 1617 2143 1657 non
2172 1604 2300 1674 quia

700 1694 813 1749 veri
842 1706 1001 1765 reges
1028 1707 1133 1747 non
1166 1690 1295 1761 sint,
1327 1688 1422 1746 sed
1451 1690 1582 1761 quia
1610 1706 1717 1746 non
1746 1689 2059 1747 secuudum
2087 1692 2182 1747 Dei
2205 1706 2301 1747 vo-

698 1781 963 1839 luntatem
995 1785 1250 1853 regnant3
1282 1779 1363 1835 vel
1393 1778 1551 1851 quia,
1582 1779 1929 1851 permittente
1947 1782 2080 1849 Deo,
2112 1782 2298 1851 potius

696 1886 865 1944 quam
902 1869 1211 1940 ordinante,
1240 1868 1309 1925 ad
1346 1868 1452 1925 tale
1480 1883 1685 1925 munus
1710 1876 2101 1941 assumuntur,
2134 1876 2196 1926 ut
2221 1871 2299 1926 vi·

698 1960 827 2016 dere
855 1960 985 2016 licet
1011 1959 1062 2013 in
1092 1959 1321 2031 Origene
1350 1956 1533 2013 homil.
1565 1963 1619 2016 4.
1651 1960 1704 2014 in
1736 1958 1855 2015 lud.

754 2038 869 2106 '11.
923 2046 1005 2104 Ad
1052 2046 1210 2103 aliam
1258 2046 1725 2103 confirmationem
1766 2061 1831 2103 ex
1878 2049 2183 2121 Augustino
2212 2064 2298 2107 re-

698 2138 967 2210 spondeo,
998 2135 1125 2193 inde
1153 2135 1335 2192 solum
1366 2134 1573 2207 haberi,
1599 2137 1967 2210 principatum
1991 2136 2296 2195 humanum

701 2242 809 2282 non
851 2240 975 2281 esse
1013 2226 1365 2297 congenitum
1407 2239 1541 2280 cum
1578 2231 1810 2299 natura,
1854 2242 1961 2281 non
2002 2242 2134 2283 vero
2175 2242 2298 2283 esse

698 2323 892 2373 contra
934 2320 1211 2371 naturam.
1255 2314 1433 2370 Sentit
1459 2329 1590 2371 vero
1626 2314 1697 2371 ibi
1723 2316 2093 2388 Augustinus,
2123 2314 2298 2372 domi·

697 2407 849 2463 nium
880 2407 1045 2462 unius
1072 2403 1305 2460 hominis
1330 2404 1382 2460 in
1403 2404 1575 2459 alium
1597 2419 1705 2459 non
1726 2419 1849 2461 esse
1868 2420 1937 2461 ex
1960 2404 2296 2462 institutione

699 2496 876 2567 prima
911 2501 1171 2563 naturae,
1202 2492 1297 2549 sed
1327 2492 1619 2550 occasione
1648 2494 1895 2565 peccati3
1928 2492 2021 2550 sed
2047 2494 2298 2568 loquitur

697 2582 765 2640 de
794 2582 1055 2652 dominio,
1088 2582 1179 2638 cui
1210 2582 1447 2639 servitus
1472 2588 1531 2639 et
1558 2582 1801 2639 conditio
1829 2583 2039 2639 servilis
2071 2600 2298 2657 respon-

697 2672 810 2729 det.
843 2673 1013 2729 Divus
1046 2677 1225 2728 autem
1264 2671 1561 2744 Gregorius
1590 2672 1797 2728 clarius
1826 2673 2073 2745 loquitur
2103 2674 2171 2731 de
2198 2690 2297 2746 po-

698 2768 901 2818 testate
923 2758 1283 2834 gubernandi,
1304 2759 1685 2832 intelligendus
1700 2767 1887 2817 autem
1901 2767 1986 2819 cst
2000 2763 2186 2835 quoad
2203 2777 2300 2837 po·-

706 2856 961 2907 testatem
982 2850 1337 2907 coercitivam
1365 2856 1423 2907 et
1446 2852 1768 2907 exercitium
1790 2851 1930 2907 eius.
1954 2852 2089 2908 Nam
2113 2854 2296 2925 quoad

700 2940 1043 3012 directivam,
1061 2938 1394 3011 probabilius
1412 2938 1651 3012 videtur,
1671 2938 1914 2997 futuram
1937 2939 2106 2997 fuisse
2129 2944 2180 2997 in
2205 2942 2301 2999 bo·

704 3030 936 3088 minibus
963 3031 1124 3087 etiam
1151 3029 1201 3084 in
1234 3034 1381 3086 statu
1410 3028 1772 3087 innocentiae.
1801 3030 1937 3086 Nam
1966 3032 2129 3087 etiam
2159 3032 2300 3089 inter

702 3118 925 3192 angelos
950 3124 1037 3174 est
1062 3114 1198 3175 ordo
1225 3123 1283 3173 et
1307 3118 1676 3189 principatus,
1712 3125 1774 3175 ut
1802 3125 2021 3176 constat
2048 3136 2114 3177 ex
2138 3120 2300 3177 modo

702 3207 960 3282 loquendi
980 3208 1323 3279 scripturae,
1346 3222 1413 3263 ex
1432 3207 1687 3282 Dionysio
1714 3223 1838 3279 cap.
1859 3212 1915 3267 9.
1930 3206 2003 3265 de
2022 3208 2303 3267 ecclesia·

702 3300 859 3355 stica
872 3297 1252 3361 Hierarchim
1278 3302 1329 3351 et
1353 3296 1611 3368 Gregorio
1639 3296 1784 3352 bom.
1810 3301 1900 3355 3⁴.
1922 3298 1971 3353 in
1998 3313 2194 3370 evang.
2219 3298 2302 3354 Di-

702 3401 931 3442 scursus
972 3387 1137 3441 etiam
1181 3384 1363 3440 sactus
1402 3390 1589 3455 potest
1625 3384 1691 3440 ad
1722 3390 1926 3441 statum
1954 3385 2300 3443 innocentiae

701 3475 991 3548 applicari.
1034 3474 1161 3546 quia
1202 3488 1309 3530 non
1351 3471 1613 3529 fundatur
1653 3473 1703 3529 in
1747 3482 1977 3545 peccato
2007 3474 2091 3533 vel
2120 3476 2303 3549 aliqua

701 3563 1146 3632 deordinatione,
1190 3560 1284 3617 sed
1327 3562 1380 3615 in
1424 3562 1655 3619 naturali
1696 3562 1925 3619 hominis
1962 3563 2300 3640 conditione,

704 3667 845 3725 quae
875 3656 1105 3707 estesse
1136 3649 1332 3707 animal
1362 3650 1582 3721 sociale,
1605 3658 1661 3707 et
1680 3652 1999 3709 naturaliter
2019 3655 2301 3725 postulare

703 3740 930 3797 modum
961 3738 1169 3797 vivendi
1196 3740 1249 3795 in
1272 3740 1692 3812 communitate,
1712 3756 1859 3813 quae
1878 3743 2186 3799 necessario
2207 3743 2302 3802 de·

704 3830 797 3887 bet
822 3830 937 3902 regi
964 3845 1060 3901 per
1088 3835 1413 3902 potestatem
1443 3828 1740 3899 publicam.
1768 3831 1995 3889 Coactio
2018 3849 2146 3889 vero
2171 3850 2302 3907 sup·

703 3919 855 3991 ponit
890 3917 1352 3975 deordinationem
1392 3918 1663 3990 aliquam,
1706 3924 1762 3975 et
1788 3919 1908 3977 ideo
1936 3922 2117 3993 quoad
2148 3922 2300 3980 illam

704 4007 909 4064 dicitur
936 4006 1070 4063 haec
1108 4012 1348 4079 potestas
1382 4007 1699 4065 introducta
1730 4010 2019 4067 occasione
2056 4014 2294 4083 peccati.

704 4098 865 4153 Sicut
889 4097 1052 4153 etiam
1083 4096 1349 4152 subiectio
1380 4098 1570 4153 uxoris
1596 4097 1665 4154 sd
1695 4100 1871 4156 virum
1902 4100 2166 4157 naturalis
2191 4108 2296 4173 est,

702 4188 834 4243 etin
856 4191 1001 4241 statu
1025 4185 1359 4242 innocentiae
1382 4191 1556 4259 esset3
1580 4194 1637 4245 et
1658 4188 2002 4247 nihilominus
2026 4197 2150 4263 post
2171 4207 2298 4263 pec-

705 4281 895 4331 catum
935 4273 1132 4330 dicitur
1170 4274 1315 4329 Evae
1354 4274 1550 4332 Genes.
1594 4280 1657 4334 3:
1699 4278 1823 4336 Sub
1860 4281 1979 4335 viri
2009 4284 2299 4354 potestate

703 4368 849 4430 eris,
900 4363 1113 4419 scilicet
1150 4362 1333 4434 quoad
1375 4366 1480 4420 vim
1523 4367 1881 4424 coercitivam
1918 4370 2295 4439 proportiona-

703 4460 843 4523 tam,
877 4460 939 4510 ut
974 4454 1291 4527 significavit
1319 4457 1659 4528 Augustinus
1696 4457 1832 4513 libro
1868 4462 1956 4515 ll.
1986 4456 2059 4515 de
2088 4462 2296 4517 Genesi

702 4540 787 4597 ad
809 4540 1089 4609 litteram,
1124 4558 1249 4614 cap.
1284 4545 1375 4602 37.

776 4631 857 4687 Ad
887 4632 1096 4689 tertiam
1128 4632 1596 4690 confirmationem
1618 4650 1685 4691 ex
1707 4634 1844 4691 locis
1867 4636 2186 4708 scripturae
2209 4653 2296 4694 re·

700 4718 1018 4791 spondetur,
1044 4719 1114 4775 ibi
1142 4720 1305 4777 tribui
1325 4723 1459 4793 Deo,
1482 4723 1631 4795 quod
1654 4732 1739 4780 est
1758 4726 2035 4796 proprium
2051 4727 2166 4800 Dei,
2187 4743 2293 4783 non

700 4810 885 4881 negari
927 4808 1267 4883 bominibus,
1312 4810 1462 4895 quod
1490 4812 1559 4868 ab
1586 4812 1715 4884 ipsis
1746 4816 2059 4885 participari
2088 4822 2288 4887 potest.

700 4899 865 4954 isaias
906 4913 1039 4971 ergo
1078 4900 1283 4955 excitat
1321 4899 1591 4972 populum
1630 4918 1796 4957 suum
1839 4900 1907 4959 ad
1947 4902 2200 4961 fiduciam
2240 4904 2293 4961 in

698 4989 868 5045 Deum
896 4989 1030 5045 etin
1066 4990 1460 5060 protectionem
1496 4990 1653 5062 eius3
1684 4992 1815 5064 quia
1848 4991 2025 5063 ipsum
2060 4991 2294 5052 babebat

698 5083 761 5133 ut
789 5091 915 5133 vere
943 5078 1253 5147 Dominum,
1284 5080 1509 5152 Regem,
1531 5086 1589 5136 et
1608 5079 2012 5155 legislatorem,
2038 5082 2292 5153 nimirum

694 5164 979 5222 excellenti
1018 5172 1073 5223 et
1112 5165 1377 5239 singulari
1419 5168 1611 5239 modo;
1658 5186 1763 5226 non
1804 5176 1980 5227 tamen
2007 5170 2287 5245 excludit,

2167 318 2370 367 mmm
2399 314 2504 367 111.

2369 440 2502 513 quin
2547 439 2788 512 populus
2827 438 2921 495 ille
2955 439 3182 497 baberet
3223 442 3510 513 proprium
3553 456 3738 515 regem
3777 443 3972 501 huma-

2369 544 2523 599 num,
2552 530 2648 601 qui
2679 528 2843 585 etiam
2871 534 2990 585 erat
3019 530 3069 584 in
3099 544 3202 585 suo
3229 526 3408 601 gradu
3436 528 3711 602 dominus,
3739 539 3852 588 etc.
3879 534 3971 589 Sic

2367 618 2530 673 etiam
2559 624 2740 689 potest
2769 616 2991 690 intelligi
3029 617 3190 674 locus
3218 618 3396 675 lacobi
3424 617 3490 675 de
3520 636 3778 691 supremo
3806 620 3972 694 legis·

2370 706 2575 778 latore,
2605 714 2660 763 et
2685 706 2868 765 iudice
2891 747 2906 776 ,
2941 713 3004 763 ut
3029 707 3274 763 indicant
3294 706 3384 764 illa
3407 708 3600 765 verba:
3633 712 3756 785 Qui
3775 714 3970 784 potest

2365 792 2639 869 perdere,
2685 800 2739 851 et
2775 794 3066 863 liberare,·
3105 795 3212 852 hoc
3252 798 3396 853 enim
3440 796 3652 854 videtur
3679 813 3799 855 esse
3840 816 3968 871 pro·

2369 884 2550 955 prium
2581 884 2692 941 Dei.
2725 884 2866 941 Satis
2893 898 3022 942 vero
3052 882 3338 941 commode
3367 892 3550 957 potest
3573 888 3794 957 exponi,
3823 894 3884 943 ut
3905 888 3969 945 il-

2370 970 2462 1027 lud
2483 972 2707 1028 verbum
2730 988 2884 1029 unus
2907 988 3016 1029 non
3038 978 3146 1029 tam
3163 972 3610 1046 singularitatem,
3630 990 3798 1049 quam
3821 974 3970 1033 iden·

2372 1061 2580 1118 litatem
2617 1061 2918 1135 significet,
2961 1062 3036 1117 ita
3066 1067 3126 1118 ut
3153 1076 3350 1119 sensus
3376 1063 3476 1119 sit:
3509 1064 3627 1134 ille,
3659 1067 3756 1137 qui
3781 1071 3874 1123 est.
3895 1066 3972 1121 le-

2367 1150 2630 1223 gislator,
2671 1156 2758 1207 est
2797 1152 2956 1207 etiam
2985 1150 3178 1223 iudex3
3211 1166 3313 1208 nec
3339 1150 3504 1209 debet
3532 1169 3800 1226 usurpare
3829 1155 3967 1211 iudi-

2369 1242 2518 1296 cium
2537 1279 2554 1311 ,
2585 1240 2680 1313 qui
2712 1239 2991 1312 legislator
3017 1254 3126 1296 uon
3155 1246 3277 1310 est,
3307 1256 3407 1297 nec
3437 1242 3559 1297 eius
3587 1242 3846 1300 virtutem
3873 1243 3967 1299 ba·

2369 1318 2492 1399 δαίς
2541 1328 2686 1385 unde
2717 1329 3026 1400 subiungit:
3069 1330 3154 1385 Pu
3179 1334 3386 1385 autem
3411 1332 3544 1403 quis
3569 1345 3649 1391 es.
3679 1334 3781 1405 qut
3809 1330 3968 1389 iudi·

2369 1434 2475 1474 cas
2498 1416 2772 1489 fratrem
2811 1416 3026 1473 tuum?
3051 1417 3167 1474 Non
3195 1432 3330 1490 ergo
3359 1424 3543 1490 negat,
3577 1418 3822 1475 homines
3847 1436 3971 1476 esse

2369 1522 2530 1578 posse
2573 1506 2943 1581 legislatores,
2974 1514 3032 1563 et
3055 1506 3197 1563 serre
3225 1505 3522 1578 iudicium,
3555 1506 3654 1564 sed
3681 1507 3974 1580 reprehen-

2369 1593 2448 1650 dit
2472 1610 2599 1665 eos,
2630 1596 2725 1668 qui
2754 1602 2962 1651 temere
2990 1594 3249 1666 iudicant,
3279 1598 3436 1651 etita
3467 1604 3740 1667 usurpant
3769 1612 3970 1653 munus

2370 1683 2616 1740 iudicum
2657 1690 2712 1741 et
2752 1682 3146 1756 legislatorum.
3190 1680 3270 1739 Ad
3307 1691 3560 1755 quartam
3603 1685 4002 1748 confirmatio-‚

2370 1788 2492 1830 nem
2536 1772 2986 1845 respondebimus
3027 1774 3077 1829 in
3114 1772 3502 1847 sequentibus,
3533 1771 3864 1846 explicando
3894 1774 3974 1831 le·

2367 1866 2452 1936 gis
2481 1862 2751 1919 humanae
2781 1861 3190 1936 obligationem.

2953 2064 3234 2135 CAPUT
3263 2066 3345 2133 11.

2369 2276 2442 2330 In
2461 2274 2680 2347 quibus
2699 2272 3042 2331 hominibus
3055 2271 3400 2331 immediate
3411 2248 3638 2331 existat
3653 2292 3729 2332 ex
3744 2282 3975 2335 natura

2461 2367 2552 2420 rei
2573 2366 2841 2439 potestas
2870 2364 3020 2419 haec
3047 2360 3340 2419 condendi
3365 2360 3518 2436 leyes
3543 2365 3871 2423 humanas.

2939 2552 3395 2618 Summarinm

2371 2742 2420 2792 1.
2449 2740 2690 2792 Rationes
2713 2738 3001 2791 dubitandi.
3029 2768 3099 2777 —
3121 2738 3174 2790 Ξ.
3201 2739 3368 2790 Prima
3387 2743 3664 2794 sententia.
3686 2770 3754 2783 --
3775 2745 3828 2797 3.
3849 2746 3974 2797 Sen-

2444 2811 2606 2860 tentia
2640 2811 2887 2860 auctoris.
2915 2836 2984 2845 -—
3009 2810 3167 2871 Quam
3203 2816 3510 2873 potestatem
3543 2810 3725 2863 habuit
3751 2814 3974 2867 Ada-us

2440 2880 2492 2928 in
2529 2886 2779 2943 posteros.
2817 2905 2885 2915 —
2921 2879 2973 2928 4.
3010 2878 3204 2942 Duplex
3244 2879 3588 2931 consideratio
3629 2883 3977 2935 multitudinis

2438 2949 2716 2999 hominum.
2743 2975 2809 2985 -
2837 2948 2887 2997 5.
2916 2946 3175 3009 Quomodo
3199 2947 3494 2999 introducta
3521 2951 3634 3000 iure
3658 2954 3908 3015 gentium.

2457 3123 2505 3177 1.
2537 3120 2694 3177 Ratio
2717 3118 3000 3177 dubitandi
3025 3125 3131 3189 est,
3161 3119 3289 3192 quia
3317 3119 3402 3177 vel
3427 3122 3586 3178 estin
3611 3120 3860 3195 singulis,
3883 3124 3966 3180 vel

2373 3210 2424 3267 in
2453 3209 2735 3279 omnibus,
2771 3224 2872 3265 seu
2899 3210 2952 3265 in
2987 3214 3101 3265 tota
3127 3207 3456 3266 collectione
3481 3224 3696 3268 eorum.
3729 3212 3970 3269 Primum

2369 3298 2480 3356 dici
2507 3314 2614 3354 non
2642 3302 2842 3370 potest,
2874 3298 2998 3370 quia
3035 3311 3211 3369 neque
3241 3312 3431 3354 omnes
3459 3305 3592 3355 sunt
3617 3298 3853 3356 aliorum
3878 3316 3974 3357 su-

2372 3390 2638 3461 periores,
2665 3402 2842 3462 neque
2869 3401 2936 3443 ex
2964 3392 3156 3443 natura
3186 3388 3264 3443 rei
3291 3386 3460 3460 aliqui
3491 3386 3688 3444 babent
3711 3387 3850 3446 hanc
3873 3406 3973 3462 po·

2372 3485 2625 3535 testatem
2653 3478 2859 3548 magis,
2891 3491 3058 3549 quam
3087 3476 3194 3549 alii,
3223 3476 3355 3549 quia
3383 3492 3491 3533 nou
3519 3484 3606 3533 est
3631 3478 3804 3535 maior
3832 3481 3970 3535 ratio

2370 3566 2438 3624 de
2468 3567 2580 3635 his,
2612 3581 2780 3638 quam
2814 3563 2882 3621 de
2921 3563 3050 3619 illis.
3083 3564 3400 3621 Secundum
3425 3568 3590 3622 etiam
3621 3581 3728 3622 non
3756 3566 3974 3625 videtur

2370 3670 2531 3728 posse
2559 3654 2695 3723 dici,
2727 3660 2844 3710 tum
2873 3655 3002 3725 quia
3029 3651 3160 3708 alias
3188 3667 3379 3709 omnes
3409 3653 3560 3726 leges
3591 3661 3868 3711 manentes
3894 3656 3966 3712 ab

2373 3742 2474 3801 bac
2505 3748 2774 3815 potestate
2801 3748 2988 3798 essent
3015 3754 3338 3797 communes
3361 3741 3613 3798 omnibus
3634 3741 3967 3817 hominibu83

2373 3842 2491 3891 tum
2517 3833 2715 3905 etiam,
2745 3832 2876 3904 quia
2905 3846 3010 3885 non
3039 3837 3297 3901 apparet,
3327 3846 3358 3885 a
3386 3846 3500 3903 quo
3529 3833 3704 3901 possit
3732 3838 3845 3888 tota
3874 3832 3971 3890 lio-

2371 3924 2576 3981 minum
2609 3919 2899 3978 multitudo
2929 3918 3131 3975 habere
3161 3917 3300 3975 banc
3329 3924 3679 3991 potestatem,
3710 3921 3840 3993 quia
3861 3938 3969 3978 non

2371 4012 2438 4070 ab
2480 4013 2609 4083 ipsis
2652 4008 2992 4078 bominibus,
3040 4008 3171 4080 quia
3210 4006 3340 4063 dare
3381 4022 3486 4064 non
3531 4015 3787 4081 possunt,
3819 4010 3968 4083 quod

2369 4118 2474 4159 non
2508 4100 2738 4170 habent3
2771 4113 2944 4171 neque
2973 4097 3136 4161 etiam
3167 4113 3198 4152 a
3227 4099 3360 4165 Deo,
3393 4098 3523 4170 quia
3550 4096 3682 4153 alias
3711 4114 3814 4155 non
3845 4115 3969 4171 pos-

2369 4198 2454 4248 set
2489 4188 2579 4247 illa
2619 4194 2862 4261 potestas
2904 4186 3134 4256 mutari3
3168 4185 3264 4243 sed
3294 4186 3602 4243 necessario
3629 4202 3846 4245 manere
3873 4189 3981 4247 de·.

2368 4284 2524 4340 beret
2551 4282 2604 4337 in
2635 4285 2750 4335 tota
2779 4278 3064 4334 hominum
3093 4277 3514 4342 communitate,
3545 4282 3818 4349 quatenus
3846 4295 3968 4351 per-

2367 4379 2537 4445 petua
2578 4368 2928 4425 successione
2967 4365 3152 4423 durat.
3197 4366 3358 4422 Sicut
3394 4364 3523 4438 quia
3557 4367 3700 4421 Deus
3727 4368 3968 4425 contulit

2367 4465 2690 4532 potestatem
2731 4454 3066 4529 spiritualem
3109 4457 3304 4525 Petro,
3328 4454 3638 4511 necessario
3677 4455 3848 4513 inille
3879 4456 3965 4513 vel

2365 4546 2781 4607 successoribus
2821 4548 2940 4602 eius
2978 4544 3171 4610 durat,
3213 4559 3312 4599 nec
3355 4549 3538 4615 potest
3577 4559 3675 4614 per
3719 4544 3965 4603 homines

2367 4645 2690 4787 Ιωῖυὲῗιῗὲι
2716 4724 2858 4781 hanc
2887 4722 3265 4797 quaestionem
3294 4719 3435 4776 solet
3459 4719 3648 4776 rel'crri
3669 4721 3849 4792 opinio
3869 4721 3968 4779 ali-

2363 4832 2604 4891 quorum
2647 4812 3054 4871 canonistarum
3095 4809 3433 4879 dicentium,
3464 4807 3606 4865 hanc
3637 4816 3966 4881 potestatem

2363 4923 2429 4963 ex
2459 4913 2651 4962 natura
2682 4904 2756 4960 rei
2782 4918 2903 4958 esse
2931 4902 2982 4957 in
3012 4900 3196 4974 aliquo
3225 4914 3487 4971 supremo
3518 4900 3786 4973 principe,
3809 4903 3902 4958 cui
3929 4917 3966 4959 a

2361 4997 2472 5051 Deo
2512 4992 2710 5050 collata
2749 4998 2865 5063 est,
2907 4995 2963 5046 et
3001 5005 3097 5061 per
3123 4988 3536 5045 successionem
3563 4987 3766 5045 durare
3803 4989 3966 5047 debet

2361 5098 2580 5155 semper
2615 5084 2670 5139 in
2717 5080 2920 5155 aliquo.
2961 5080 3171 5137 citatur
3207 5076 3400 5134 Glossa
3429 5078 3484 5133 in
3514 5091 3636 5148 cap.
3671 5080 3955 5151 Denique,

2365 5178 2429 5244 7,
2460 5190 2515 5247 q.
2559 5177 2606 5233 1.
2644 5171 2748 5229 Sed
2789 5171 2863 5228 ibi
2901 5169 3080 5227 solum
3117 5167 3285 5242 dicit,
3325 5168 3493 5225 lilium
3521 5168 3667 5241 regis
3697 5167 3815 5225 iure
3839 5183 3962 5225 esse
