4325 6267
1796 366 2007 415 CAPUT
2034 367 2126 415 IV.

318 491 658 565 singularem
686 507 997 563 personam,
1020 494 1271 565 quamvis
1294 506 1389 563 per
1410 492 1812 559 successiones,
1827 490 1911 547 vel

3368 350 3488 413 171

1981 499 2095 549 tum
2136 478 2266 565 quia
2309 491 2526 550 illorum
2555 492 2818 551 industria
2850 496 3190 567 postulatur,
3221 492 3440 568 quando
3471 492 3572 548 illis

314 585 613 642 electiones
640 582 815 638 varias
844 582 910 639 ad
939 583 1125 654 plures
1164 588 1425 653 transeat,
1458 598 1673 653 semper
1709 580 1906 638 intelli·
1978 581 2373 653 committitur,
2403 588 2460 637 et
2486 583 2603 640 ideo
2641 601 2748 640 non
2785 593 3017 657 possunt
3043 586 3094 641 in
3126 584 3292 641 alium
3319 599 3437 639 eam
3467 600 3567 639 cu-

314 677 471 748 gitur
512 672 697 729 baberi
736 671 1043 728 immediate
1084 688 1117 727 a
1146 672 1559 741 communitate,
1589 672 1715 743 quia
1754 687 1821 727 ex
1860 672 1911 726 vi

315 764 523 833 primae
549 762 899 818 institutionis
926 761 993 818 ad
1034 769 1287 839 caeteros
1328 761 1543 817 transit.
1576 761 1729 818 Sicut
1757 767 1912 832 pote-

317 862 435 909 stas
462 852 761 924 pontificia,
796 850 924 907 licet
950 866 1047 923 per
1076 850 1261 923 piures
1300 852 1597 907 electiones
1634 850 1699 905 ad
1730 851 1915 921 piures

316 958 582 1013 personas
612 941 925 997 successive
952 942 1217 1009 varietur,
1243 957 1460 1013 semper
1480 942 1639 996 estin
1664 940 1915 997 omnibus

320 1030 628 1088 immediate
656 1047 687 1085 a
715 1033 843 1087 Deo.

394 1120 623 1192 Oportet
651 1125 833 1175 autem
864 1119 951 1175 hic
979 1119 1317 1193 distinguere
1359 1121 1497 1177 duos
1538 1121 1757 1193 modos,
1788 1120 1911 1192 qui-

1981 686 2096 727 ram
2126 672 2421 728 transferre
2445 714 2459 741 ,
2496 682 2819 745 argumento
2850 675 2886 730 l.
2929 682 2974 734 Ι.
3006 674 3074 731 de
3102 674 3281 730 officio
3308 675 3450 742 eiuS,
3483 672 3572 728 cui

1983 760 2234 817 mandata
2265 768 2348 819 est
2371 762 2704 832 iurisdictio3
2741 772 2854 821 tum
2887 768 3050 821 etiam
3078 809 3092 835 ,
3122 764 3248 837 quia
3279 762 3492 820 videtur
3521 763 3574 815 in

1981 853 2059 907 eis
2086 868 2209 907 esse
2249 851 2385 909 haec
2427 860 2665 923 potestas
2694 860 2904 911 tantum
2935 854 3173 926 delegata
3193 896 3207 925 ,
3237 860 3292 909 et
3319 852 3438 909 ideo
3467 867 3574 907 non

1984 948 2220 1014 possunt
2256 956 2374 998 eam
2405 942 2782 1015 subdelegare.

2060 1030 2272 1087 Omisso
2313 1047 2446 1087 vero
2489 1033 2652 1103 priori
2695 1034 2973 1100 membro,
3017 1033 3164 1105 quod
3220 1040 3304 1089 est
3343 1032 3578 1100 clarum,

1984 1123 2262 1193 posterius
2293 1122 2496 1194 indiget
2523 1122 2906 1179 declaratione.
2933 1124 3064 1179 Nam
3097 1125 3140 1178 si
3168 1122 3491 1193 intelligatur
3513 1120 3579 1177 de

316 1212 427 1268 bus
470 1209 654 1267 haberi
684 1209 821 1265 solet
858 1192 1101 1282 potestas
1131 1211 1307 1283 aliqua
1332 1254 1345 1278 ,
1376 1211 1586 1268 scilicet
1612 1209 1695 1266 vel
1738 1215 1801 1265 ut
1827 1223 1918 1263 or·
1980 1213 2337 1282 imperatore,
2384 1211 2632 1284 regibus,
2675 1218 2728 1268 et
2767 1212 2884 1268 aliis
2927 1213 3293 1284 principibus,
3337 1210 3403 1266 ad
3431 1227 3574 1283 quos

319 1300 556 1372 (linaria,
582 1298 665 1356 vel
696 1306 758 1355 ut
783 1298 1195 1372 delegata.Nam
1225 1316 1367 1373 quae
1394 1301 1540 1358 dicta
1568 1307 1718 1369 sunt,
1744 1298 1809 1355 de
1832 1314 1920 1353 or-

319 1389 527 1447 dinaria
574 1394 843 1459 potestate
879 1388 1221 1461 proceduntz,
1256 1392 1328 1446 ita
1362 1393 1507 1446 enim
1545 1395 1631 1446 est
1667 1389 1801 1443 baec
1830 1402 1924 1459 po-

322 1486 497 1536 testas
542 1477 851 1534 immediate
880 1494 911 1533 a
936 1480 1047 1535 Deo
1087 1478 1135 1534 in
1174 1480 1595 1546 communitate,
1634 1484 1692 1535 et
1729 1476 1919 1533 eodem

320 1567 487 1626 modo
522 1567 589 1623 ab
618 1567 707 1624 illa
748 1552 1078 1624 transfertur
1120 1570 1174 1624 in
1204 1572 1526 1641 principem,
1559 1576 1621 1624 ut
1662 1575 1921 1639 tanquam

322 1658 583 1730 proprius
615 1655 869 1716 dominus
898 1657 985 1713 illa
1016 1664 1236 1729 utatur,
1267 1666 1321 1715 et
1351 1665 1409 1715 nt
1437 1658 1639 1715 habens
1680 1658 1823 1713 illam
1854 1671 1918 1711 ex

324 1749 375 1801 vi
409 1746 622 1818 proprii·
646 1748 907 1802 muneris.
940 1750 1013 1804 De
1040 1747 1144 1804 alio
1174 1764 1301 1803 vero
1332 1748 1493 1805 modo
1531 1748 1719 1820 quaeri
1749 1751 1925 1817 potest

328 1853 393 1891 an
432 1834 567 1891 baec
614 1844 854 1906 potestas
892 1836 1203 1909 delegabilis
1233 1838 1317 1893 sit.
1350 1839 1504 1905 Quod
1546 1838 1771 1894 dubium
1810 1851 1924 1891 mo-

330 1934 421 1983 vet
446 1928 593 1984 Bart.
626 1929 675 1982 in
707 1926 741 1981 Ι.
776 1941 973 1983 omnes
995 1926 1218 2001 populi.
1260 1928 1313 1983 ff.
1346 1928 1413 1985 de
1450 1929 1656 1984 iustitia
1683 1934 1739 1982 et
1778 1928 1915 1987 iure.

326 2032 383 2089 q.
412 2021 469 2073 2.
514 2018 693 2087 princ.
726 2017 1147 2089 quaestiuncula
1180 2022 1231 2089 5,
1266 2035 1320 2073 n.
1346 2024 1443 2087 20,
1466 2026 1521 2074 et
1542 2017 1835 2073 Panormit.
1871 2016 1923 2071 in

328 2124 382 2161 c.
420 2110 695 2173 Gravem‚
734 2106 801 2167 de
825 2113 1058 2162 sentent.
1091 2124 1440 2164 excommun.
1476 2110 1767 2179 Potestque
1809 2112 1925 2162 tra-

330 2197 469 2252 ctari
506 2194 573 2251 de
600 2196 749 2251 omni
777 2201 1045 2267 potestate
1077 2196 1373 2268 legislativa
1401 2197 1657 2267 bumana,
1690 2204 1800 2252 tam
1830 2213 1924 2252 su-

330 2286 683 2357 pernaturali,
722 2301 889 2357 quam
920 2286 1177 2354 naturali,
1206 2292 1263 2343 et
1289 2288 1339 2341 in
1367 2302 1717 2359 quocumque
1746 2292 1918 2357 statu,

332 2381 386 2431 et
414 2376 486 2431 ita
515 2375 729 2432 videtur
759 2377 984 2431 tractari
1024 2392 1053 2431 a
1080 2375 1243 2431 dictis
1284 2377 1625 2435 auctoribus.
1657 2378 1757 2444 Qui
1799 2376 1923 2431 sim-

334 2466 551 2536 pliciter
586 2464 807 2525 docent,
839 2471 1161 2536 potestatem
1203 2464 1341 2521 hanc
1383 2464 1733 2538 delegabilem
1775 2480 1918 2521 esse.

335 2554 491 2623 Quod
523 2555 885 2612 panormitan.
921 2553 1126 2627 colligit
1154 2570 1220 2611 ex
1248 2554 1399 2611 dicto
1440 2556 1618 2626 capite
1648 2556 1918 2621 Gravem,

332 2646 431 2702 ibi:
473 2642 739 2720 Quidam
764 2647 917 2701 cives
945 2646 1154 2718 pisani
1192 2642 1463 2719 deputati
1491 2660 1534 2700 a
1553 2648 1845 2717 potestate
1872 2647 1927 2698 et

330 2734 553 2809 populo
592 2732 676 2791 ad
714 2738 949 2790 statuta
988 2736 1249 2791 civitatis
1287 2732 1540 2801 edenda,
1589 2740 1696 2791 etc.
1732 2734 1926 2807 Colligi

330 2826 495 2881 etiam
525 2824 667 2880 solet
693 2840 758 2880 ex
790 2824 962 2894 prima
990 2824 1107 2897 lege
1133 2822 1367 2896 Codicis,
1396 2831 1429 2891 S
1455 2824 1681 2897 quibus.

412 2921 465 2973 8.
500 2914 602 2971 Sed
633 2913 1026 2971 advertendum
1052 2921 1165 2986 est,
1189 2913 1404 2971 duobus
1434 2914 1605 2971 modis
1628 2915 1739 2970 fieri
1760 2930 1925 2987 posse

335 3004 475 3062 banc
521 3007 989 3074 commissionem,
1034 3020 1129 3061 seu
1170 3004 1583 3077 delegationem.
1616 3006 1735 3063 Uno
1763 3004 1925 3061 modo

334 3102 400 3150 ut
439 3093 703 3166 delegatio
746 3094 814 3148 sit
854 3092 922 3149 ad
950 3092 1287 3150 condendam
1316 3094 1522 3166 legem,
1556 3093 1925 3165 decernendo,

334 3200 401 3239 an
432 3182 503 3239 sit
531 3184 703 3249 iusta,
736 3190 793 3239 et
820 3183 997 3254 utilis,
1031 3182 1109 3238 vel
1142 3184 1469 3251 necessaria,
1500 3192 1555 3239 et
1582 3185 1781 3257 quibus
1810 3199 1942 3262 ver--

332 3272 415 3328 bis
443 3272 663 3328 serenda
696 3274 795 3343 sit,
829 3288 935 3328 non
968 3271 1497 3330 tamen-extendatur
1520 3280 1761 3345 potestas
1782 3273 1931 3329 dele-

334 3362 444 3434 gati
471 3362 539 3417 ad
572 3362 803 3419 dandam
834 3363 935 3435 legi
964 3364 1072 3419 vim
1100 3362 1401 3436 obligandi,
1435 3371 1491 3420 et
1527 3372 1931 3438 consequenter

336 3467 438 3507 nec
469 3452 535 3507 ad
570 3450 1020 3525 promulgandam
1049 3452 1191 3509 illam
1227 3460 1481 3526 tanquam
1514 3452 1703 3525 legem.
1729 3454 1799 3510 Et
1826 3453 1929 3510 hoc

336 3540 499 3598 modo
532 3542 877 3598 manifestum
905 3549 1019 3612 est,
1052 3548 1374 3614 potestatem
1407 3542 1546 3599 banc
1574 3558 1697 3599 esse
1716 3542 1933 3616 delega-

336 3630 527 3702 bilem3
576 3640 753 3687 tamen
798 3632 886 3687 illa
928 3648 1117 3688 revera
1156 3648 1262 3689 non
1305 3640 1389 3688 est
1427 3631 1688 3704 delegatio
1718 3633 1932 3688 iurisdi-

336 3721 563 3789 ctionis,
609 3722 704 3778 sed
747 3722 929 3778 solum
970 3722 1258 3779 cuiusdam
1296 3722 1577 3778 ministerii
1606 3723 1931 3796 requirentis

336 3814 616 3869 scientiam
655 3820 710 3869 et
741 3814 1017 3883 peritiam:
1052 3811 1197 3869 unde
1225 3814 1403 3882 potius
1446 3810 1663 3868 videtur
1692 3828 1813 3868 esse
1838 3828 1932 3884 per

340 3900 562 3957 modum
605 3900 893 3957 cuiusdam
921 3900 1353 3957 consultationis.
1388 3902 1457 3957 Et
1503 3901 1607 3957 hoc
1650 3899 1813 3959 modo
1848 3908 1933 3959 est

338 3990 651 4064 quotidiana
688 3990 823 4047 baec
852 3990 1147 4063 delegati03
1172 3991 1279 4045 imo
1305 3991 1387 4046 vix
1409 3996 1641 4061 possunt
1668 3990 1817 4063 leges
1837 3991 1931 4047 ali-

340 4091 423 4138 ter
452 4082 579 4138 ferri
606 4099 635 4137 a
659 4082 990 4153 principibus
1008 4122 1023 4151 ,
1046 4080 1138 4153 qui
1162 4097 1256 4151 per
1282 4096 1467 4136 senon
1493 4087 1727 4151 possunt
1752 4081 1931 4136 omnia

338 4174 645 4228 necessaria
688 4172 754 4227 ad
799 4171 971 4243 legem
1014 4170 1351 4227 condendam
1392 4170 1633 4227 efficere.
1664 4168 1732 4227 Et
1760 4170 1929 4243 siquis

338 4270 489 4319 recte
531 4261 871 4332 consideret,
918 4259 1135 4331 alligata
1176 4260 1292 4315 iura
1330 4260 1505 4315 solum
1534 4258 1641 4315 hoc
1671 4260 1926 4330 probant.

339 4351 505 4409 Aliter
544 4366 677 4423 ergo
722 4352 826 4406 erit
855 4351 1075 4423 propria
1099 4349 1397 4421 delegatio,
1428 4348 1647 4421 quando
1674 4350 1746 4405 ita
1773 4351 1934 4407 alicui

338 4444 695 4499 committitur
735 4440 867 4513 legis
906 4439 1093 4509 editio,
1138 4447 1200 4495 ut
1239 4439 1411 4510 possit
1452 4438 1611 4494 etiam
1653 4454 1750 4508 per
1776 4456 1931 4495 suam

342 4530 677 4589 voluntatem
720 4531 795 4587 illi
836 4530 967 4586 dare
998 4530 1379 4586 auctoritatem
1407 4536 1463 4585 et
1489 4528 1661 4585 robur
1690 4530 1803 4587 sine
1832 4531 1934 4588 alia

343 4622 752 4680 confirmatione
774 4620 856 4675 vel
881 4620 1267 4692 approbatione
1290 4618 1607 4692 delegantis,
1631 4618 1794 4675 ethic
1818 4636 1934 4677 mo-

340 4710 447 4769 dus
476 4727 579 4768 non
606 4718 694 4768 est
720 4718 831 4768 tam
860 4710 1115 4783 frequens
1151 4708 1233 4765 vel
1264 4708 1455 4765 facilis.
1488 4709 1642 4766 Unde
1682 4710 1934 4769 Bartolus

344 4818 514 4874 supra
547 4802 833 4875 distinguit
865 4801 1008 4857 inter
1046 4800 1491 4856 communitatem
1524 4806 1575 4857 et
1605 4802 1929 4874 principem,

344 4898 403 4948 et
441 4891 601 4963 dicit,
643 4890 1093 4947 communitatem
1134 4905 1297 4962 posse
1332 4887 1585 4962 delegare
1615 4889 1755 4947 hanc
1782 4899 1935 4963 pote-

342 4986 537 5038 statem
556 5020 572 5049 ,
602 4980 817 5054 quando
846 4982 1215 5036 communitas
1243 4980 1406 5036 babet
1431 4980 1572 5036 hanc
1604 4986 1929 5053 potestatem

349 5080 411 5129 ut
438 5070 762 5127 ordinariam
781 5112 796 5142 ,
826 5077 881 5126 et
907 5086 1009 5126 suo
1038 5069 1261 5125 arbitrio
1290 5076 1471 5141 potest
1496 5068 1585 5125 illa
1614 5071 1723 5143 uti,
1758 5078 1819 5127 ut
1841 5088 1933 5127 vo-

348 5162 531 5218 luerit.
565 5164 634 5217 At
662 5161 969 5232 principes,
1002 5166 1099 5216 aut
1122 5157 1353 5229 iudices,
1384 5159 1583 5232 quibus
1609 5158 1931 5218 demandata

348 5258 433 5310 cst
457 5251 591 5309 haec
620 5249 949 5323 iurisdictio,
974 5249 1128 5323 dicit,
1158 5264 1265 5304 non
1294 5264 1455 5320 posse
1482 5247 1627 5305 illam
1656 5248 1927 5324 delegare,

1986 1301 2119 1357 haec
2158 1306 2400 1371 potestas
2439 1300 2773 1373 reipublicae
2811 1303 3132 1373 simpliciter
3175 1300 3436 1357 translata
3472 1307 3578 1357 est,

1986 1388 2176 1445 falsam
2220 1390 2466 1445 continet
2507 1390 2834 1447 doctrinam.
2879 1390 3014 1459 Quia
3055 1392 3103 1445 in
3137 1391 3218 1445 his
3248 1389 3580 1461 principibus

1985 1496 2091 1536 non
2131 1486 2215 1535 est
2258 1480 2389 1536 haec
2432 1486 2677 1552 potestas
2718 1480 2996 1553 delegata,
3043 1480 3136 1535 sed
3167 1479 3464 1548 ordinaria3
3495 1485 3580 1534 est

1985 1570 2129 1626 enim
2158 1575 2417 1641 perpetua
2438 1610 2452 1638 ,
2485 1577 2541 1626 et
2569 1586 2632 1625 ex
2662 1572 2712 1625 vi
2741 1571 2980 1626 muneris
3007 1572 3091 1625 sui
3122 1571 3174 1624 in
3206 1568 3282 1623 eis
3312 1570 3580 1625 convenit.

1988 1662 2122 1717 Item
2156 1661 2207 1715 bi
2241 1660 2512 1731 principes
2552 1667 2786 1730 possunt
2821 1660 3088 1731 aliquibus
3126 1657 3465 1726 civitatibus,
3500 1656 3582 1712 vel

1989 1748 2238 1825 dynastis
2289 1748 2630 1804 interioribus
2677 1748 2982 1805 concedere
3029 1749 3206 1819 illam,
3249 1747 3330 1802 vel
3375 1745 3587 1803 ordina-

1991 1840 2159 1908 riam,
2191 1853 2296 1893 cur
2323 1854 2454 1910 ergo
2481 1854 2586 1893 non
2614 1845 2872 1908 poterunt
2893 1840 3233 1895 committere
3254 1839 3419 1893 etiam
3443 1836 3587 1893 illius

1989 1928 2390 2001 delegationem
2414 1927 2442 1983 ?
2469 1927 2911 1999 quandoquidem
2952 1943 3016 1985 ex
3058 1934 3206 1999 parte
3237 1929 3404 2000 ipsius
3434 1934 3583 1998 pote-

1992 2018 2145 2073 statis
2175 2016 2300 2072 nihil
2331 2017 2543 2083 obstat,
2580 2019 2710 2088 quin
2741 2016 3052 2089 delegabilis
3083 2017 3181 2084 sit,
3214 2023 3275 2072 ut
3313 2020 3424 2088 ipse
3454 2018 3588 2073 Bar-

1993 2106 2137 2162 tolus
2175 2109 2457 2178 supponit,
2498 2113 2554 2161 et
2591 2113 2676 2162 est
2697 2107 2952 2173 clarum,
2985 2108 3114 2179 quia
3143 2107 3317 2162 omnis
3347 2112 3587 2178 potestas

1992 2196 2163 2252 solius
2205 2196 2593 2251 iurisdictionis
2636 2195 2951 2269 delegabilis
2991 2204 3104 2263 est,
3141 2196 3256 2251 talis
3296 2201 3478 2251 autem
3507 2203 3589 2252 est

1995 2286 2132 2342 haec
2166 2291 2424 2357 potestas.
2453 2285 2721 2352 Quocirca
2751 2284 3028 2342 translatio
3058 2286 3220 2341 huius
3251 2288 3528 2356 potestatis
3557 2302 3588 2341 a

1996 2374 2280 2446 republica
2317 2374 2367 2429 in
2397 2375 2698 2446 principem
2726 2390 2832 2431 non
2857 2382 2942 2431 est
2968 2375 3231 2447 delegatio
3255 2416 3269 2445 ,
3301 2374 3394 2430 sed
3423 2376 3580 2447 quasi

1993 2464 2246 2520 alienatio
2262 2506 2278 2536 ,
2303 2480 2397 2519 seu
2421 2464 2668 2536 perfecta
2690 2465 2897 2538 largitio
2923 2468 3088 2522 totius
3111 2465 3413 2537 potestatis,
3438 2481 3580 2538 quae

1992 2560 2113 2610 erat
2142 2555 2195 2608 in
2222 2553 2645 2625 communitate3
2677 2562 3012 2627 quapropter
3043 2557 3188 2611 sicut
3217 2542 3583 2611 communitas
3671 2562 3676 2567 “

1995 2650 2210 2713 poterat
2239 2642 2380 2699 illam
2408 2642 2692 2715 delegare,
2725 2644 2792 2699 ita
2819 2650 2874 2700 et
2901 2645 3166 2716 princeps.
3199 2647 3384 2717 Neque
3415 2647 3486 2701 ita
3511 2644 3586 2699 illi

1988 2734 2379 2804 committitur,
2406 2742 2472 2791 ut
2485 2735 2802 2811 ‘personalis
2823 2735 2940 2791 eius
2973 2734 3240 2791 industria
3265 2734 3584 2808 requiratur

1994 2827 2168 2897 magis
2197 2841 2362 2898 quam
2393 2826 2444 2880 in
2475 2826 2874 2881 communitate
2899 2827 3238 2897 requiretur,
3264 2823 3358 2879 sed
3387 2823 3589 2894 simpli·

1997 2917 2137 2970 citer
2166 2888 2240 2969 i‘lli
2270 2913 2621 2985 conceditur,
2655 2920 2715 2971 ut
2741 2930 2838 2985 per
2867 2930 2924 2969 se
2956 2914 3036 2969 vel
3066 2929 3160 2985 per
3191 2914 3320 2969 alios
3347 2913 3436 2969 illa
3463 2920 3582 2968 uta·

1994 3009 2086 3059 tur
2126 3017 2190 3058 eo
2236 3001 2426 3073 modo,
2461 3018 2572 3075 quo
2615 3001 2682 3057 illi
2721 3003 2894 3075 magis
2924 3001 3192 3058 videbitur
3218 3000 3488 3073 expedire.
3523 3004 3594 3057 Et

1997 3090 2099 3147 hac
2141 3091 2351 3148 ratione
2394 3092 2559 3147 etiam
2601 3107 2850 3148 summus
2893 3092 3170 3160 Pontifex,
3213 3098 3268 3147 et
3301 3108 3408 3147 non
3440 3091 3593 3145 solus

1998 3183 2115 3252 ille,
2148 3181 2244 3237 sed
2283 3181 2444 3237 etiam
2485 3181 2724 3253 episcopi
2766 3187 2996 3252 possunt
3038 3197 3192 3237 suam
3236 3180 3588 3257 legislativum

1998 3278 2326 3343 potestatem
2365 3270 2648 3344 delegare,
2679 3270 2896 3343 quando
2941 3278 3065 3327 sunt
3095 3270 3347 3327 ordinarii
3377 3270 3590 3342 legisla-

2000 3369 2179 3433 tores,
2208 3368 2264 3417 et
2289 3359 2536 3433 procedit
2562 3360 2612 3415 in
2641 3363 2722 3416 eis
2749 3360 2937 3417 eadem
2963 3361 3120 3416 ratio.
3153 3391 3168 3416 ι

2076 3456 2131 3510 9.
2165 3452 2256 3508 llla
2297 3466 2430 3523 ergo
2469 3452 2735 3508 sententia
2772 3450 2971 3507 Bartoli
3012 3449 3186 3506 solum
3217 3450 3375 3506 habet
3402 3450 3586 3505 locum

1996 3534 2050 3597 in·
2080 3541 2167 3597 bis
2197 3540 2607 3614 magistratibus
2635 3547 2690 3595 et
2718 3540 3020 3609 iudicibus,
3052 3540 3250 3612 quibus
3279 3540 3412 3595 haec
3442 3546 3594 3610 pote-

1998 3639 2112 3687 stas
2140 3647 2172 3687 a
2201 3632 2430 3689 summis
2459 3631 2818 3703 potestatibus
2846 3630 3091 3703 delegata
3113 3638 3226 3702 est,
3256 3647 3376 3686 nam
3407 3631 3456 3685 in
3483 3630 3591 3686 illis

1998 3727 2214 3777 tantum
2243 3721 2549 3792 procedunt
2579 3720 2810 3775 rationes
2839 3720 3058 3776 Bartoli.
3091 3720 3226 3787 Quia
3255 3736 3382 3776 vero
3412 3719 3496 3775 ille
3525 3719 3592 3777 de

1998 3810 2482 3867 communitatibus
2513 3810 2818 3881 specialiter
2847 3810 3126 3881 loquitur,
3164 3817 3354 3882 posset
3379 3810 3590 3868 dictum

1998 3901 2117 3956 eius
2146 3900 2410 3956 verificari
2441 3902 2491 3955 in
2524 3901 2606 3955 bis
2636 3900 2801 3955 rebus
2831 3900 3086 3971 publicis,
3109 3916 3249 3973 quae
3272 3899 3338 3956 de
3362 3902 3508 3957 sacto
3531 3901 3592 3956 li-

1998 3992 2159 4047 berae
2190 3998 2352 4061 sunt,
2383 4006 2807 4064 supremamque
2831 3997 3153 4062 potestatem
3178 3992 3228 4046 in
3252 4006 3308 4045 se
3333 3992 3586 4062 retinent3

1999 4088 2053 4138 et
2080 4080 2426 4137 nihilominus
2463 4080 2904 4152 legumlationem
2943 4083 3298 4138 committunt
3326 4080 3408 4136 vel
3439 4096 3593 4137 sena-

2000 4171 2108 4241 tui,
2140 4170 2223 4226 vel
2251 4169 2411 4239 duci,
2459 4175 2553 4225 aut
2580 4168 2680 4225 soli
2711 4176 2806 4225 aut
2837 4186 2965 4225 cum
2995 4178 3206 4227 senatu.
3239 4172 3374 4227 Nam
3406 4170 3458 4225 hi
3485 4170 3595 4226 sor-

2000 4269 2145 4317 tasse
2189 4254 2577 4317 tantum'sunt
2617 4259 2880 4331 delegati,
2923 4268 2977 4315 et
3027 4260 3145 4317 ideo
3185 4278 3292 4318 non
3334 4268 3595 4333 poterunt

2004 4366 2161 4406 suam
2204 4355 2526 4421 potestatem
2571 4348 2847 4422 delegare,
2893 4351 2988 4405 nisi
3033 4350 3138 4408 hoc
3181 4351 3355 4422 ipsum
3397 4351 3445 4407 in
3479 4354 3593 4424 ipsa

2000 4440 2334 4512 delegatione
2356 4439 2695 4496 declaratum
2718 4439 2814 4511 sit3
2843 4440 3014 4496 velex
3037 4441 3432 4497 consuetudine
3457 4456 3590 4499 con·
3643 4485 3656 4499 .

2001 4536 2128 4601 stet,
2155 4529 2207 4584 in
2231 4529 2336 4584 hoc
2364 4544 2528 4585 sensu
2557 4530 2633 4583 eis
2659 4542 2780 4583 esse
2801 4531 3150 4585 commissam
3174 4530 3334 4585 talem
3359 4537 3596 4601 potesta·

2004 4627 2145 4685 tem,
2177 4618 2326 4691 quod
2355 4620 2532 4687 potius
2565 4616 2796 4688 pertinet
2823 4616 2887 4671 ad
2919 4616 3156 4689 factum,
3189 4633 3354 4689 quam
3384 4618 3450 4674 ad
3477 4622 3588 4691 ius,

1999 4718 2055 4767 et
2095 4710 2217 4765 ideo
2257 4706 2380 4763 nibil
2423 4706 2627 4762 certius
2665 4705 2730 4762 de
2757 4705 2848 4762 illo
2879 4705 3148 4762 affirmare
3175 4722 3491 4777 possumus.
3525 4710 3596 4765 Et

1999 4798 2188 4855 eadem
2233 4798 2440 4852 ratione
2481 4794 2610 4851 nihil
2641 4796 2824 4851 dicere
2853 4810 3150 4866 possumus
3179 4795 3245 4852 de
3273 4798 3472 4853 actuali
3499 4798 3594 4854 de·

2000 4889 2270 4963 legatione
2309 4888 2476 4944 huius
2515 4887 2799 4959 potestatis
2821 4928 2836 4959 ,
2863 4885 2914 4942 id
2942 4892 3028 4943 est
3055 4887 3106 4941 in
3133 4886 3332 4958 quibus
3363 4890 3432 4944 sit
3458 4889 3592 4947 haec

1998 4987 2242 5054 potestas
2279 4977 2554 5051 delegata,
2591 4976 2719 5049 quia
2757 4977 2859 5032 hoc
2888 4976 3085 5049 pendet
3111 4993 3174 5033 ex
3205 4978 3370 5034 libera
3403 4980 3591 5036 volun-

2000 5078 2139 5144 tate,
2171 5076 2226 5127 et
2265 5068 2390 5125 nihil
2419 5066 2486 5125 de
2517 5066 2617 5124 hac
2649 5083 2704 5122 re
2735 5067 3014 5123 communi
3045 5069 3162 5123 iure
3190 5074 3455 5125 statutum
3484 5078 3585 5127 est.
