4325 6267
809 310 934 375 378

726 720 853 777 Cu.
892 720 981 776 vl.

727 1072 857 1129 Cn.
886 1071 1003 1129 vu.

1990 320 2200 373 lunEx
2225 316 2458 367 PRIHAE
2482 318 2719 368 mnus

1274 500 1277 505 .
1312 450 1523 524 quibus
1577 448 1858 505 doctrina
1925 446 2186 519 superio·

1305 544 1395 597 ris
1435 540 1651 613 capitis
1690 538 1885 607 mayis
1919 532 2214 607 explica-·

1304 634 1407 685 tur
1443 661 1969 684 ......
2053 634 2180 691 pag.
2230 619 2339 674 318

1148 746 1225 759 -—
1254 720 1425 792 Quae
1438 716 1911 772 communitates,
1934 724 2036 765 seu
2050 723 2187 764 con·

1302 804 1677 877 qreyationes
1743 797 2188 857 ecclesiasticae

1301 892 1565 949 habeant
1571 892 1923 965 potestatem
1933 884 2184 943 conden-

1304 981 1371 1037 di
1389 979 1544 1053 leyes
1558 1013 2183 1035 .......
2229 975 2340 1029 320

1142 1099 1219 1111 -
1246 1072 1463 1131 Utrum
1494 1071 1758 1141 potestas
1785 1061 2079 1151 condendi
2106 1059 2188 1119 le·

2409 887 2538 943 Cu·-
2570 888 2708 943 xm.

2983 441 3324 515 efficaciam
3349 443 3570 501 habeat
3584 446 3653 500 in
3676 449 3849 501 actus

2977 548 3136 590 mere
3173 535 3464 599 internos,
3499 534 3594 589 ita
3630 537 3698 589 ut
3737 549 3851 607 per

2985 618 3172 693 leyem
3228 624 3585 677 canonicam
3636 636 3748 694 per
3789 636 3853 678 se

2970 712 3250 783 praecipi
3271 752 3286 775 ,
3369 713 3482 766 aut
3551 709 3853 784 prohiberi

2975 802 3223 871 possint.
3323 840 3336 855 .
3426 840 3438 853 .
3527 839 3541 854 .
3627 836 3642 853 .
3726 814 3846 871 pag.
3893 802 3999 859 341

2831 916 2910 929 -
2936 888 3153 945 Utrum
3193 884 3292 942 lex
3328 890 3629 943 canonica
3659 889 3852 959 possit

2983 978 3454 1031 concomitanter
3475 977 3846 1049 praecipere,

2979 1068 3090 1119 aut
3124 1062 3435 1138 prohibere
3463 1068 3637 1120 actus
3672 1066 3855 1119 inter-

1295 1174 1401 1231 9es
1426 1155 1867 1214 ecclesiasticas
1903 1169 1981 1210 ex
2007 1153 2188 1209 mori·
2983 1169 3092 1209 nos
3111 1148 3294 1209 simul
3313 1168 3453 1209 cum
3469 1154 3748 1209 externis.
3834 1192 3848 1205 .
3895 1154 4006 1211 3⁴5

1307 1246 1415 1304 bus
1441 1250 1549 1304 aut
1562 1242 1695 1319 fide
1712 1242 1995 1317 pendeat.
2065 1282 2078 1296 .
2167 1280 2181 1296 .
2228 1242 2334 1298 327
2409 1242 2536 1299 Cn.
2570 1242 2708 1299 XIV.
2826 1272 2904 1283 —
2931 1240 3360 1317 Quaesormffi
3383 1256 3487 1298 seu
3510 1240 3856 1298 solemnitas

734 1337 867 1395 Cn».
898 1335 1039 1394 VIII.
1173 1363 1245 1380 -·
1278 1338 1497 1395 Utrum
1532 1336 1793 1408 potestas
1823 1327 2182 1386 ecclesiasti-
2988 1333 3064 1386 sit
3090 1327 3392 1387 servanda
3417 1332 3482 1385 in
3507 1328 3728 1403 leqibus
3756 1345 3856 1385 ca-

1304 1438 1382 1480 ca
1400 1421 1485 1479 ad
1506 1420 1661 1495 leqes
1666 1417 1965 1494 serendas
1986 1420 2063 1474 sit
2082 1432 2185 1473 ex·
2985 1422 3214 1475 nonicis
3223 1408 3548 1489 serendis.
3631 1460 3646 1472 .
3735 1459 3748 1472 .
3839 1457 3854 1471 .
3897 1422 4008 1475 353
4063 1416 4074 1425 “

1309 1511 1619 1569 cellentior
1638 1507 1801 1566 civili
1812 1504 2039 1579 infine,
2064 1507 2182 1560 ori-
2409 1508 2540 1564 Cu».
2570 1508 2683 1564 XV.
2831 1538 2907 1549 —
2935 1511 3106 1582 Quae
3122 1505 3527 1581 promulyatio
3551 1510 3615 1563 in
3633 1505 3857 1579 leyibus

1317 1605 1469 1675 aine,
1504 1600 1774 1665 subiecto,
1803 1603 1859 1653 et
1886 1593 2025 1652 aliis
2048 1610 2188 1667 pro-
2986 1598 3294 1652 canonicis
3322 1593 3612 1667 sufficiat,
3646 1600 3718 1651 ut
3739 1597 3866 1651 vim

1310 1689 1667 1765 prietatibus
1674 1722 2180 1743 ......
2228 1682 2336 1739 329
2422 1737 2440 1751 ,
2994 1680 3302 1757 obliqandi
3327 1681 3589 1741 habeant
3637 1724 3650 1738 .
3740 1723 3753 1737 .
3840 1722 3854 1738 .
3899 1686 4009 1740 356

736 1783 866 1840 Gn».
899 1782 991 1840 lx.
1182 1810 1231 1822 —
1276 1782 1493 1840 Utrum
1528 1779 1791 1850 potestas
1830 1770 2186 1829 ecclesiasti·
2407 1773 2534 1829 Cn.
2566 1774 2700 1830 xvl.
2826 1804 2904 1815 --
2932 1776 3153 1833 Utrum
3189 1773 3291 1827 lex
3319 1772 3620 1827 canonica
3643 1768 3853 1843 obliget

1314 1883 1389 1924 ca
1410 1870 1485 1924 sit
1503 1870 1596 1923 ita
1616 1864 1891 1939 superior
1908 1858 2086 1925 civili,
2115 1862 2185 1913 ut
2970 1857 3210 1934 fideles,
3250 1862 3605 1931 priusquam
3649 1857 3727 1914 ab
3773 1860 3856 1913 eis

1308 1955 1487 2013 illam
1536 1953 1649 2011 sibi
1696 1950 2023 2009 subiectam
2074 1948 2184 2003 ha·
2987 1942 3328 2021 acceptetur
3335 1985 3748 2002 .....
3835 1987 3852 2001 .
3899 1950 4010 2004 360

1312 2044 1447 2101 beat
1451 2076 2176 2099 ........
2224 2038 2332 2093 333
2407 2038 2536 2095 Cn.
2565 2037 2726 2095 xvn.
2842 2066 2897 2079 -—
2935 2039 3154 2097 Utrum
3179 2034 3336 2107 leyes
3363 2038 3690 2092 canonicae
3706 2034 3850 2091 obli-

735 2137 869 2196 en.
896 2136 963 2193 X.
1160 2163 1236 2175 —-
1264 2134 1481 2193 Utrum
1514 2133 1779 2205 potestas
1822 2124 2184 2183 ecclesiasti·
2979 2129 3120 2197 qent
3143 2127 3209 2181 in
3234 2126 3600 2181 conscientia
3622 2163 3636 2178 .
3722 2163 3738 2179 .
3822 2166 3838 2181 ,
3884 2130 3995 2184 36⁴

1306 2238 1383 2278 ca
1404 2218 1488 2277 ad
1509 2213 1969 2291 leqesserendas
1988 2215 2182 2287 possit
2403 2216 2534 2271 Cn.
2569 2214 2756 2271 xvm.
2834 2244 2912 2255 —
2940 2211 3199 2287 Quando
3275 2210 3376 2267 lex
3451 2208 3858 2269 ecclesiastica

2984 2300 3212 2373 obliqet·
3229 2299 3336 2357 sub
3369 2297 3616 2357 mortali
3651 2298 3846 2373 culpa,

2976 2395 3034 2446 et
3067 2386 3358 2461 quomodo
3403 2384 3470 2442 id
3512 2386 3851 2444 discernen-

1300 2312 1365 2366 in
1384 2306 1595 2366 eadem
1605 2320 1874 2381 persona
1893 2303 2190 2383 coniunqi.

1309 2394 1491 2454 simul
1516 2412 1654 2452 cum
1680 2391 1861 2450 civili.
1957 2430 1973 2447 .
2058 2430 2073 2445 .
2160 2429 2175 2445 .
2221 2392 2330 2446 335

729 2491 858 2548 Cu».
889 2490 983 2549 xl.
1162 2516 1239 2531 —
1260 2490 1361 2543 An
1376 2484 1475 2541 leoe
1492 2484 1791 2541 canonica
1806 2478 2177 2551 habeatpro-
2979 2474 3126 2531 diem
3149 2478 3229 2532 sit
3233 2514 3841 2531 .......
3885 2480 3996 2535 367

1292 2575 1503 2649 priam
1546 2572 1867 2628 materiam
1882 2609 1899 2627 ‚
1948 2569 2015 2622 in
2054 2580 2177 2637 qua
2403 2567 2534 2624 Cn.
2567 2566 2700 2623 xlx.
2833 2594 2908 2607 -
2935 2567 3106 2639 Quas
3135 2577 3434 2636 personas
3470 2560 3724 2633 obliqent
3755 2578 3850 2618 ec·

1306 2662 1555 2719 honesta
1571 2657 1937 2734 praecipiat,
1959 2660 2015 2711 et
2032 2668 2180 2727 pra-
2979 2651 3356 2709 clesiasticae
3381 2649 3554 2723 leqes.
3623 2691 3638 2707 .
3725 2692 3738 2705 .
3825 2692 3840 2708 .
3889 2657 4004 2713 370
4037 2666 4048 2674 ·

1300 2765 1383 2806 va
1404 2748 1732 2824 prohibeat,
1760 2744 2103 2801 distinctam
2130 2756 2176 2797 a
2405 2738 2534 2801 Car.
2565 2744 2677 2800 XX.
2829 2770 2906 2783 -—
2927 2747 3020 2798 An
3040 2740 3197 2813 leyes
3218 2737 3534 2814 synodales
3545 2753 3841 2813 personas

1306 2839 1575 2894 materia
1596 2834 1743 2907 leyis
1771 2830 1985 2888 civilis.
2052 2870 2067 2885 .
2156 2871 2171 2886 .
2216 2832 2319 2888 337
2975 2826 3297 2900 reliqiosas
3351 2832 3658 2901 exemptas
3701 2825 3842 2883 obli-

728 2938 855 2992 cn’.
885 2932 997 2989 ΧΠ.
1150 2961 1230 2975 -
1258 2930 1471 2987 Utrum
1484 2926 1751 2999 potestas
1764 2919 2175 2977 ecclesiastica
2973 2919 3110 2987 qent
3113 2954 3835 2971 ........
3887 2919 3992 2976 371

1868 3613 2321 3669 conmssmun
2355 3607 2882 3665 Ancwnscovlm

1986 3712 2092 3765 per
2115 3697 2172 3749 la
2200 3692 2497 3749 ”visione
2521 3694 2605 3746 tle·
2619 3690 2763 3745 libri

1327 3946 1463 3983 mnu,
1486 3944 1671 3981 ons-rm·
3147 3932 3451 3970 numu-run

1154 4002 1421 4053 caroius
1453 4000 1519 4051 Μ.
1558 4000 1861 4051 Pan-ason
2979 3992 3136 4053 Leop.
3175 3990 3300 4040 Gan.
3329 3990 3588 4052 Ruggiero

1254 4066 1449 4121 Censor
1476 4064 1760 4130 Theoloous
3145 4053 3446 4121 Deputatus

2180 4146 2260 4317 <a
2313 4152 2628 4352 OQ&

2400 4377 2412 4395 ἱ

2337 4335 2724 4610 dxlix&

2605 4540 2618 4577 I
