4325 6267
1735 375 1946 425 CAPUT
1974 378 2074 425 xl.

287 496 565 571 stantiam,
590 496 719 573 quia
741 497 871 557 licet
894 505 1051 556 actus
1074 500 1297 557 virtutis
1320 500 1563 573 requirat
1582 500 1876 573 obiectum,

284 598 343 646 et
383 590 824 647 circumstantias
871 591 1229 665 intrinsecaS,
1269 608 1375 649 non
1418 592 1538 649 ideo
1576 593 1880 665 putandum

282 685 393 751 est,
416 680 531 736 dari
578 680 737 753 plura
764 678 1020 737 distincta
1042 689 1336 753 praecepta
1364 682 1430 739 de
1460 683 1672 740 obiecto
1700 691 1757 740 et
1777 686 1881 740 sin-

284 768 431 842 gulis
458 771 926 842 circumstantiis;
966 768 1061 827 sed
1093 787 1265 827 unum
1286 777 1342 828 et
1361 771 1504 829 idem
1528 781 1881 845 praeceptum

286 861 533 917 naturale
562 868 679 931 est,
714 859 864 933 quod
892 862 1155 933 praecipit
1181 867 1365 918 actum
1398 862 1523 919 talis
1562 862 1880 931 honestatis,

287 967 431 1023 quae
458 950 595 1008 tales
626 950 1071 1007 circumstantias
1101 953 1351 1025 requirit,
1382 960 1437 1009 et
1462 953 1586 1010 ideo
1608 954 1882 1012 observari

284 1047 467 1114 potest
514 1042 650 1099 illud
695 1041 836 1098 idem
895 1049 1248 1115 praeceptum
1299 1044 1477 1117 quoad
1527 1047 1883 1127 substantiam

285 1138 449 1189 actus
476 1134 777 1200 exterioriS,
804 1132 931 1190 licet
950 1134 1135 1207 quoad
1158 1133 1291 1190 alias
1312 1135 1749 1193 circumstantias
1772 1138 1883 1194 vio-

283 1221 449 1279 letur.

870 1400 1147 1472 CAPUT
1184 1401 1277 1469 XI
1286 1454 1301 1469 .

297 1598 521 1656 Utrum
550 1594 648 1652 lem
670 1594 976 1654 naturalis
998 1596 1207 1671 obliget
1226 1595 1311 1654 ad
1327 1577 1577 1656 'modum
1600 1598 1888 1676 operandi

601 1704 679 1745 εει·
704 1687 1006 1745 dilectione
1036 1692 1147 1746 Dei
1172 1687 1263 1745 vel
1289 1694 1560 1748 caritate.

846 1870 1329 1933 summarium

288 2044 313 2093 1
328 2080 343 2093 .
374 2042 479 2093 Lex
502 2043 757 2093 naturalis
780 2043 975 2107 obligat
993 2044 1245 2095 hominem
1263 2046 1317 2095 in
1335 2056 1461 2109 pura
1482 2052 1668 2095 natura
1688 2054 1886 2109 specta-

356 2122 469 2166 tum
490 2114 555 2163 ad
576 2114 902 2175 referendum
927 2116 979 2165 in
1004 2116 1159 2165 Deum
1184 2128 1240 2166 se
1263 2124 1317 2166 et
1340 2129 1433 2166 sua
1452 2117 1637 2166 omnia.
1651 2118 1886 2168 —Omne

356 2199 512 2248 opu5‚
539 2198 642 2249 quo
666 2184 869 2249 aliquod
894 2186 1133 2235 naturale
1158 2193 1486 2250 pracceptum
1524 2188 1764 2250 impletur
1780 2224 1795 2251 ,
1822 2202 1886 2238 ex

351 2268 444 2304 sua
480 2261 665 2305 natura
708 2256 763 2304 in
804 2255 963 2313 Deum
1006 2256 1203 2311 tendit,
1240 2264 1299 2307 ut
1342 2257 1491 2307 tinem
1536 2258 1791 2308 ultimum.
1816 2288 1885 2295 —

354 2326 407 2376 2.
436 2325 695 2387 Quomodo
715 2326 781 2375 sit
801 2326 1212 2387 intelligendum,
1226 2326 1361 2391 quod
1384 2328 1463 2377 lex
1484 2329 1736 2379 naturalis
1756 2330 1885 2379 obli-

356 2402 447 2457 get
472 2396 535 2445 ad
560 2396 889 2446 dilectionem
911 2397 1103 2447 Dei.—
1122 2396 1173 2449 3.
1195 2397 1373 2461 Opinio
1395 2398 1631 2460 Gregorii
1656 2411 1887 2449 asseren-

358 2468 455 2527 tis,
482 2465 613 2515 nihil
647 2472 877 2516 creatum
904 2479 1017 2517 esse
1047 2467 1260 2517 honeste
1294 2467 1547 2530 diligibile
1571 2475 1783 2533 propter
1808 2482 1883 2531 se,

358 2536 449 2587 sed
474 2538 639 2586 solum
663 2537 839 2586 Deum.
855 2564 925 2574 —
943 2534 996 2583 4.
1024 2537 1331 2587 Excluditur
1356 2538 1528 2602 opinio
1551 2540 1889 2601 Gregorii.—

356 2606 409 2657 5.
438 2606 615 2657 Modus
641 2606 881 2670 operandi
906 2620 967 2657 ex
990 2609 1208 2657 caritate
1234 2607 1399 2658 infusa
1420 2622 1519 2657 non
1539 2617 1619 2659 est
1638 2610 1698 2658 ad
1723 2611 1887 2672 legem

354 2678 643 2727 naturalem
677 2676 979 2741 implendam
1002 2680 1340 2729 necessarius,
1360 2706 1430 2715 —
1448 2679 1673 2742 Dionysii
1698 2681 1887 2731 Cister-

354 2749 545 2798 ciensis
570 2748 768 2810 opinio;
797 2747 939 2797 illius
958 2750 1339 2800 censura.—-6.
1367 2750 1512 2799 Alius
1532 2763 1712 2799 sensus
1732 2764 1887 2815 quae-

355 2818 557 2869 stioniS.
574 2845 643 2853 —
664 2818 714 2868 7.
744 2817 1075 2870 Obiccti0.-
1096 2819 1148 2870 8.
1174 2819 1419 2871 Solvitur.
1435 2820 1566 2870 -9.
1589 2821 1888 2885 Explicatur

352 2888 691 2953 Augustinus

370 3050 420 3106 1.
446 3050 598 3105 Hanc
622 3047 991 3120 quaestionem
1014 3054 1217 3106 tractat
1237 3047 1294 3106 d.
1316 3048 1549 3106 Thomas
1572 3050 1624 3107 in
1647 3048 1750 3106 hac
1772 3066 1884 3106 ma-

284 3140 424 3199 teria
454 3156 511 3213 q.
552 3144 677 3211 100,
708 3145 813 3195 art.
846 3143 933 3207 103
958 3139 1185 3196 involvit
1210 3146 1391 3196 tamen
1414 3139 1589 3196 multa
1611 3142 1887 3211 pertinen-

282 3230 359 3287 tia
385 3229 453 3286 ad
481 3228 616 3286 alias
642 3231 917 3301 materiae,
952 3230 1267 3302 praesertim
1296 3230 1363 3287 de
1394 3229 1517 3301 fide,
1548 3230 1795 3301 caritate,
1833 3236 1889 3287 et

287 3322 489 3395 gratia,
516 3328 573 3377 et
596 3320 799 3393 pendet
822 3335 890 3378 ex
920 3336 1086 3393 supra
1112 3318 1273 3377 dictis
1301 3336 1357 3393 q.
1401 3324 1486 3378 18.
1518 3320 1584 3376 de
1613 3320 1885 3393 requisitis

286 3411 359 3467 ad
388 3412 686 3469 bonitatem
714 3409 978 3467 moralem
1007 3411 1229 3467 humani
1258 3416 1437 3467 actus.
1469 3411 1539 3467 Et
1558 3409 1675 3466 ideo
1698 3417 1885 3483 posset

286 3502 393 3558 hoc
422 3500 549 3558 loco
579 3501 787 3573 omitti,
820 3506 997 3557 tamen
1024 3508 1249 3572 propter
1277 3500 1739 3573 complementum
1769 3517 1883 3557 ma-

285 3594 457 3650 teriae
476 3634 491 3663 ,
532 3598 588 3648 et
626 3594 756 3665 quia
797 3590 1001 3665 aliquid
1029 3592 1272 3649 continet
1298 3594 1670 3648 necessarium
1701 3591 1770 3648 ad
1796 3607 1889 3649 ex-

286 3681 604 3756 plicandam
631 3682 741 3738 vim
770 3680 903 3754 legis
929 3681 1217 3749 naturaliS,
1245 3680 1367 3737 ideo
1396 3697 1516 3738 eam
1537 3681 1774 3739 breviter
1796 3698 1889 3739 ex-

288 3772 605 3845 pediemuS,
648 3770 973 3828 remittendo
994 3770 1194 3844 ,quoad
1220 3772 1333 3827 fieri
1366 3774 1538 3843 possit
1566 3772 1632 3828 ad
1662 3774 1886 3845 propria

288 3863 435 3933 loca,
468 3878 611 3936 quae
650 3862 718 3918 ab
759 3859 863 3917 hoc
902 3860 1103 3917 suerint
1129 3862 1321 3918 aliena.
1358 3863 1674 3935 supponere
1702 3870 1887 3920 autem

284 3958 537 4024 oportet,
568 3967 725 4024 posse
753 3966 854 4007 nos
884 3951 1033 4023 loqui
1074 3950 1156 4008 vel
1195 3951 1263 4008 de
1290 3950 1577 4009 dilectione
1605 3954 1699 4010 Dei
1728 3964 1889 4011 natu-

284 4044 410 4113 rali,
442 4042 529 4101 vel
556 4041 623 4099 de
652 4042 879 4099 caritate
906 4040 1108 4115 infusa,
1141 4042 1291 4115 quod
1320 4042 1371 4098 in
1400 4042 1559 4100 titulo
1590 4044 1885 4101 insinuavi·

286 4150 446 4206 mus,
492 4134 705 4189 nomine
743 4133 983 4190 caritatis
1021 4132 1369 4206 intelligendo
1410 4134 1668 4205 infusam3
1714 4135 1889 4191 nomi-

282 4240 355 4281 ne
381 4228 566 4280 autem
603 4222 909 4279 dilectionis
937 4222 1240 4279 naturalem
1268 4237 1508 4279 amorem
1537 4226 1650 4297 Dei,
1682 4231 1746 4281 ut
1774 4225 1887 4281 finis

284 4322 539 4371 naturae.
591 4312 747 4371 Unde
787 4318 1190 4385 consequenter
1219 4311 1369 4385 loqui
1396 4315 1562 4370 etiam
1592 4330 1886 4386 possumus

284 4405 355 4463 de
380 4404 501 4477 lege
534 4403 769 4459 naturali
796 4418 924 4459 cum
957 4404 1326 4475 proportione,
1358 4403 1409 4460 id
1436 4415 1523 4460 est
1550 4405 1636 4461 vel
1663 4404 1730 4460 de
1753 4421 1889 4476 pure

286 4494 549 4565 naturali,
585 4508 726 4567 quae
748 4484 1105 4565 consequitur
1130 4508 1323 4565 puram
1345 4500 1619 4567 naturam,
1644 4502 1709 4551 ut
1730 4502 1888 4553 uten-

288 4592 399 4642 tem
432 4584 549 4641 solo
580 4584 779 4639 lumine
806 4582 1028 4665 rationis
1056 4582 1351 4656 naturalis,
1383 4584 1467 4641 vel
1497 4584 1563 4641 de
1592 4584 1712 4659 lege
1751 4600 1884 4642 con-

284 4674 522 4733 naturali
552 4677 759 4749 gratiae
787 4680 845 4731 et
870 4674 1059 4731 lumini
1086 4672 1237 4745 fidei,
1268 4689 1434 4747 quam
1462 4690 1757 4747 possumus
1792 4690 1888 4749 per

284 4766 715 4826 antonomasiam
752 4764 1027 4839 appellare
1058 4763 1313 4821 divinam.
1682 4774 1691 4785 ·

364 4856 665 4931 Loquendo
696 4872 825 4929 ergo
846 4856 915 4913 de
938 4854 1227 4911 dilectione
1250 4854 1340 4911 Dei
1360 4854 1605 4911 auctoris
1627 4860 1885 4928 naturae,

284 4948 651 5020 supponimus
680 4948 881 5018 primo,
912 4943 1025 5001 dari
1058 4954 1217 5015 posae
1245 4946 1298 5000 in
1328 4944 1564 5001 bumana
1587 4951 1783 5001 natura
1807 4952 1885 5001 ta-

283 5040 395 5096 lem
432 5038 785 5095 dilectionem
824 5035 989 5092 etiam
1018 5049 1185 5107 super
1212 5035 1390 5091 omnia
1418 5033 1723 5091 distinctam
1754 5036 1886 5092 sub-

286 5128 609 5186 stantialiter
644 5142 675 5183 a
714 5126 1002 5184 dilectione
1040 5124 1217 5181 infusa
1239 5166 1254 5197 ,
1282 5126 1496 5181 etiamsi
1524 5125 1730 5199 absque
1761 5126 1886 5182 viri-

284 5221 395 5279 bus
434 5219 637 5293 gratiae
664 5216 904 5289 perfecte
933 5214 1121 5272 haberi
1147 5231 1255 5272 non
1284 5204 1479 5287 possiti
1509 5214 1664 5283 Quod
1693 5216 1745 5271 in
1774 5223 1883 5289 tra-

3337 365 3462 431 117

1950 502 2099 559 ribus
2138 502 2261 560 elici
2300 505 2502 576 possit,
2545 513 2599 562 et
2636 505 2798 563 latius
2835 507 2890 563 in
2937 508 3162 566 materia
3210 507 3276 567 de
3318 510 3545 568 caritate

1952 593 2045 649 illa
2072 592 2350 651 distinctio
2380 594 2705 667 explicanda
2731 604 2834 653 est.
2868 597 3122 656 Secundo
3161 602 3542 673 supponimuS,

1952 683 2126 755 legem
2156 684 2464 741 naturalem
2491 687 2772 744 continere
2795 689 3028 761 speciale
3051 696 3406 762 praeceptum
3427 692 3546 749 dili-

1950 774 2113 848 gendi
2140 778 2314 833 Deum
2339 777 2419 833 'ut
2457 783 2742 834 auctorem
2771 787 3026 848 naturae,
3059 780 3204 853 quod
3233 782 3284 837 in
3316 784 3547 839 materia

1952 868 2111 925 etiam
2154 868 2223 924 de
2262 868 2488 931 caritate
2531 868 2925 926 ostendendum
2959 877 3061 927 est.
3101 872 3303 940 Tertio,
3344 888 3409 929 ex
3441 873 3546 931 boc

1953 961 2208 1033 sequitur
2246 958 2422 1032 legem
2461 958 2767 1015 naturalem
2795 960 3076 1017 collective
3108 968 3382 1033 sumptam
3412 962 3546 1019 obli-

1952 1065 2079 1122 gare
2108 1049 2378 1105 hominem
2407 1049 2456 1104 in
2483 1065 2622 1122 pura
2648 1055 2846 1106 natura
2874 1056 3182 1123 spectatum
3212 1052 3278 1109 ad
3307 1054 3546 1111 reseren-

1952 1136 2083 1197 dum
2124 1154 2182 1195 se
2221 1145 2277 1195 et
2317 1140 2496 1196 omnia
2535 1156 2636 1197 sua
2675 1140 2726 1196 in
2767 1144 2941 1197 Deum
2982 1148 3044 1198 ut
3081 1140 3336 1199 ultimum
3365 1145 3543 1215 finem,

1952 1230 2079 1303 quia
2114 1228 2250 1285 haec
2289 1229 2482 1287 relatio
2512 1228 2562 1284 in
2594 1230 2878 1287 dilectione
2907 1246 3075 1302 super
3105 1232 3285 1287 omnia
3312 1234 3544 1290 includi-

1956 1326 2068 1377 tur.
2106 1322 2306 1377 Tamen
2343 1322 2472 1394 quia
2511 1320 2615 1377 hoc
2643 1329 2996 1393 praeceptum
3026 1322 3411 1381 affirmativum
3440 1334 3544 1398 est,

1953 1426 2061 1467 non
2093 1411 2298 1483 obligat
2325 1426 2422 1483 pro
2453 1426 2699 1484 semper,
2731 1412 2823 1469 sed
2856 1429 2956 1484 pro
2987 1414 3325 1485 temporibus
3353 1431 3550 1487 oppor-

1954 1504 2131 1571 tunis;
2165 1507 2223 1558 et
2253 1502 2370 1558 ideo
2404 1502 2521 1558 talis
2551 1501 2770 1559 dilectio
2791 1520 2898 1559 non
2921 1510 3007 1560 est
3029 1505 3334 1561 necessaria
3355 1504 3418 1561 ad
3444 1508 3544 1562 im-

1952 1591 2149 1663 plenda
2177 1591 2285 1648 alia
2311 1598 2602 1664 praecepta
2631 1595 2862 1667 integre,
2891 1600 2948 1650 et
2973 1594 3085 1652 sine
3107 1594 3220 1651 ulla
3239 1602 3546 1669 transgres-

1956 1682 2103 1739 sione
2131 1682 2365 1738 alicuius
2395 1683 2674 1754 praecepti
2704 1684 2988 1741 naturalis.
3015 1688 3202 1742 Potest
3222 1686 3362 1741 enim
3381 1688 3545 1744 inter-

1954 1772 2087 1829 dum
2124 1788 2424 1829 occurrere
2462 1775 2680 1830 occasio
2718 1774 3016 1831 honorandi
3058 1784 3372 1850 parentem,
3405 1794 3546 1853 quae

1952 1879 2063 1919 non
2104 1863 2348 1935 postulet
2387 1861 2737 1920 dilectionem
2778 1866 2906 1935 Dei,
2947 1871 3003 1922 et
3028 1870 3162 1922 tunc
3190 1882 3417 1937 possum
3445 1870 3547 1925 im-

1953 1955 2101 2028 plere
2142 1960 2503 2027 praeceptum
2545 1954 2759 2026 pietatis
2800 1972 2930 2029 erga
2970 1962 3254 2028 parenteS,
3287 1957 3414 2014 licet
3443 1974 3552 2015 non

1953 2046 2281 2119 impleretur
2310 2046 2428 2119 ullq
2450 2044 2614 2101 modo
2645 2062 2711 2102 ex
2738 2044 3023 2103 dilectione
3050 2048 3141 2104 Dei
3172 2055 3440 2121 quantum
3467 2056 3554 2106 est

1956 2153 2021 2194 ex
2044 2142 2201 2209 parte
2222 2136 2516 2208 operantis.
2541 2136 2864 2193 Addendum
2887 2153 3016 2194 vero
3038 2144 3123 2195 cst
3145 2146 3365 2213 quarto,
3391 2156 3552 2196 omne

1956 2244 2126 2299 opuS,
2171 2243 2282 2300 quo
2326 2228 2586 2299 impletur
2627 2228 2845 2303 aliquod
2887 2237 3242 2301 praeceptum
3279 2233 3548 2307 naturale,

1953 2325 2155 2375 natura
2195 2334 2295 2375 sua
2332 2318 2556 2375 tendere
2597 2318 2649 2374 in
2680 2322 2850 2376 Deum
2889 2327 2950 2378 ut
2988 2322 3042 2376 in
3078 2320 3330 2379 ultimum
3369 2324 3549 2394 tinem,

1955 2413 2028 2480 et,
2062 2415 2332 2481 quantum
2359 2416 2446 2466 est
2471 2424 2538 2465 ex
2568 2424 2649 2481 se,
2680 2408 2878 2467 cadere
2903 2412 2960 2466 in
2989 2410 3215 2484 gloriam
3243 2412 3381 2469 eius.
3416 2414 3554 2482 Quia

1956 2516 1987 2557 a
2029 2503 2138 2557 Deo
2182 2499 2433 2572 procedit
2475 2507 2739 2573 tanquam
2783 2516 2814 2557 a
2851 2504 3027 2574 primo
3069 2508 3123 2559 et
3148 2502 3426 2575 principali
3456 2521 3554 2562 au·

1956 2599 2143 2663 ctore,
2185 2597 2241 2648 et
2276 2592 2406 2663 quia
2441 2608 2538 2663 per
2576 2591 2710 2649 illud
2747 2609 2806 2649 re
2848 2593 2966 2665 ipsa
3005 2593 3260 2663 impletur
3295 2594 3550 2652 voluntas

1955 2682 2071 2754 Dei,
2102 2682 2313 2739 etiamsi
2343 2698 2572 2755 operans
2601 2681 2705 2739 hoc
2736 2681 3032 2740 formaliter
3060 2699 3166 2740 non
3193 2683 3464 2757 intendat3
3495 2694 3551 2743 et

1956 2774 2084 2846 quia
2110 2773 2216 2829 tale
2247 2790 2385 2844 opus
2412 2781 2498 2830 est
2525 2774 2814 2830 honestum
2844 2781 2899 2832 et
2927 2774 3396 2846 proportionatum
3424 2776 3551 2832 ulti-

1954 2878 2041 2919 mo
2070 2863 2157 2918 fini
2187 2864 2420 2920 naturali
2451 2864 2714 2937 hominis,
2748 2864 2843 2939 qui
2871 2864 3241 2936 principaliter
3268 2871 3353 2922 est
3377 2868 3544 2923 Deus,

2031 2958 2088 3011 2.
2118 2955 2200 3009 Ex
2229 2954 2312 3009 his
2339 2969 2470 3026 ergo
2503 2959 2635 3010 satis
2667 2960 2885 3011 constat
2905 2955 3237 3028 quaestionis
3262 2956 3544 3026 resolutio,

1955 3052 2230 3119 quatenus
2262 3044 2560 3117 procedere
2589 3049 2771 3117 potest
2799 3044 2862 3100 de
2891 3061 3031 3117 pura
3059 3045 3174 3117 lege
3214 3046 3448 3101 naturali
3493 3051 3548 3103 et

1955 3150 2097 3206 pura
2124 3134 2416 3192 dilectione
2444 3137 2536 3191 Dei
2567 3142 2631 3191 ut
2659 3137 2905 3191 auctoris
2933 3142 3194 3207 naturae,
3227 3137 3419 3192 rationi
3451 3152 3546 3192 na-

1956 3225 2120 3281 turali
2158 3232 2546 3281 consentanea.
2581 3226 2718 3281 Nam
2759 3225 2813 3281 in
2841 3224 2946 3282 hoc
2979 3226 3166 3283 ordine
3195 3225 3388 3282 modus
3417 3242 3544 3298 ope-

1954 3315 2107 3373 randi
2146 3332 2212 3372 ex
2254 3314 2541 3372 dilectione
2582 3318 2676 3373 Dei
2713 3332 2820 3371 non
2863 3324 2947 3372 est
2974 3318 3076 3372 nisi
3105 3315 3192 3373 vel
3230 3319 3442 3388 operari
3468 3317 3549 3373 di·

1955 3408 2250 3465 lectionem
2280 3408 2450 3479 ipsam
2469 3446 2484 3476 ,
2517 3407 2601 3463 vel
2630 3407 2842 3479 operari
2872 3406 3076 3480 aliquid
3101 3406 3250 3464 aliud
3279 3425 3344 3465 ex
3375 3409 3544 3481 impe-

1955 3500 2035 3554 rio
2062 3498 2184 3554 talis
2207 3496 2525 3553 dilectionis.
2559 3498 2802 3553 Primum
2827 3497 3002 3554 solum
3027 3498 3131 3557 erit
3151 3501 3543 3571 necessarium,

1955 3587 2176 3660 quando
2220 3586 2355 3643 illud
2383 3586 2738 3659 praeceptum
2767 3587 3112 3659 obligaverit,
3153 3594 3210 3645 et
3236 3589 3310 3645 ita
3339 3590 3545 3646 ratione

1954 3678 2196 3734 eiusdem
2234 3676 2512 3750 praecepti
2553 3677 2656 3734 erit
2693 3680 3037 3734 necessarius
3078 3680 3168 3765 ille
3197 3680 3394 3737 modus
3423 3680 3552 3737 dile-

1956 3768 2151 3825 ctionis
2171 3811 2186 3841 ,
2213 3776 2277 3825 ut
2295 3768 2382 3825 lex
2410 3774 2526 3825 tcta
2547 3774 2774 3825 naturae
2799 3768 3084 3827 collective
3106 3772 3416 3843 impleatur,
3441 3790 3551 3829 non

1956 3866 2137 3914 autem
2160 3864 2227 3915 ut
2249 3858 2464 3931 singula
2487 3866 2779 3931 praecepta
2807 3860 3030 3916 moralia
3057 3861 3401 3933 impleantur,
3427 3865 3554 3936 quia

1956 3965 2064 4006 non
2106 3951 2286 4005 omnia
2327 3949 2574 4023 obligant
2617 3950 2683 4008 ad
2713 3942 3057 4007 dilectionem
3088 3952 3198 4008 Dei.
3233 3954 3552 4013 Secundum

1957 4040 1999 4094 si
2034 4038 2373 4112 intelligatur
2414 4038 2479 4095 de
2523 4039 2750 4113 imperio
2790 4040 3033 4106 formali,
3067 4042 3417 4099 manifestum
3443 4052 3550 4119 est,

1955 4146 2062 4185 non
2092 4146 2214 4187 esse
2245 4130 2650 4201 necessarium,
2676 4131 2802 4203 quia
2831 4146 2931 4187 nec
2960 4132 3026 4188 de
3049 4132 3152 4189 hoc
3181 4132 3346 4191 datur
3367 4138 3555 4209 singu-

1956 4220 2067 4276 lare
2096 4219 2314 4292 aliquod
2340 4227 2692 4292 praeceptum
2721 4264 2734 4291 ,
2766 4236 2868 4278 nec
2901 4222 3002 4278 alia
3027 4230 3316 4294 praecepta
3339 4224 3553 4298 singula

1955 4309 2096 4367 hanc
2136 4310 2514 4383 obligationem
2558 4312 2874 4383 imponunt,
2919 4319 2982 4369 ut
3007 4318 3092 4370 est
3119 4330 3213 4385 per
3242 4330 3300 4369 se
3330 4322 3541 4390 notum3

1956 4402 2085 4459 alias
2126 4401 2195 4458 ad
2223 4400 2358 4457 bene
2391 4400 2732 4473 operandum
2759 4410 2910 4459 esset
2937 4419 3154 4476 semper
3181 4408 3550 4465 necessarium

1956 4492 2287 4564 coniungere
2328 4492 2614 4549 actualem
2657 4509 2900 4550 amorem
2941 4496 3064 4568 Dei3
3096 4496 3245 4569 quod
3274 4495 3455 4556 dicere
3483 4500 3554 4556 ri-

1954 4581 2202 4639 diculum
2235 4588 2336 4639 est.
2370 4583 2424 4639 Si
2453 4598 2584 4638 vero
2612 4582 2947 4655 intelligatur
2967 4583 3034 4640 de
3055 4586 3284 4657 imperio
3305 4588 3546 4662 virtuali,

1956 4671 2007 4728 id
2034 4678 2121 4729 est
2139 4671 2208 4728 de
2229 4672 2488 4729 relatione
2513 4671 2737 4729 fundata
2757 4674 2811 4729 in
2836 4674 3013 4746 aliquo
3037 4680 3166 4731 actu
3189 4677 3549 4747 praecedente

1952 4764 2126 4834 ipsius
2158 4765 2435 4836 operantis
2453 4802 2468 4833 ,
2500 4762 2663 4819 etiam
2691 4762 2795 4820 boc
2827 4766 3198 4822 necessarium
3227 4783 3336 4823 uon
3361 4776 3448 4825 est
3475 4770 3544 4826 ad

1954 4852 2219 4910 servanda
2259 4854 2360 4910 alia
2399 4861 2718 4926 praecepta3
2766 4861 2884 4910 tum
2924 4856 3052 4927 quia
3089 4856 3199 4912 fieri
3236 4866 3446 4932 potest,
3479 4866 3543 4917 ut

1953 4951 2113 5002 actus
2154 4943 2241 5000 ille
2282 4942 2584 5000 dilectionis
2623 4960 2732 5000 non
2771 4946 3167 5017 praecesserit,
3197 4954 3254 5003 et
3282 4956 3544 5007 occurrat

1954 5036 2178 5091 occasio
2220 5033 2480 5105 operandi
2519 5033 2664 5090 aliud
2694 5032 2898 5091 bonu'm
2929 5043 3357 5095 consentaneum
3385 5040 3538 5097 alteri

1952 5129 2242 5199 praecepto
2286 5123 2548 5197 naturali3
2584 5131 2699 5180 tum
2727 5126 2886 5183 etiam
2915 5127 3045 5199 quia
3073 5126 3200 5184 licet
3224 5144 3538 5200 praecesse-

1952 5217 2025 5272 rit
2064 5214 2184 5271 talis
2225 5213 2475 5285 dilectio,
2522 5220 2702 5284 potest
2742 5214 2830 5271 hic
2870 5222 2926 5272 et
2967 5232 3115 5272 nunc
3143 5233 3253 5273 non
3282 5217 3527 5287 influere,

286 5318 445 5369 ctatu
470 5308 541 5367 de
574 5312 789 5369 Gratia
815 5306 1176 5380 attingemus,
1208 5304 1534 5364 declarando
1570 5305 1773 5379 quibus
1802 5309 1880 5363 vi·
1948 5307 2079 5381 quia
2116 5304 2268 5362 nulla
2307 5310 2391 5362 est
2427 5306 2547 5362 eius
2573 5306 2868 5378 memoria,
2901 5321 3001 5363 nec
3033 5309 3214 5364 virtus
3241 5307 3308 5365 ab
3337 5309 3424 5366 illa
3451 5326 3537 5368 re-
