4325 6267
805 364 886 427 28

731 520 815 561 ve.
841 506 910 561 Et
933 511 1205 577 praeterea
1229 505 1370 563 inter
1393 505 1490 561 has
1511 510 1936 565 communitates
1960 508 2227 583 quaedam
2250 509 2328 566 di-

729 599 936 650 cuntur
963 594 1136 650 reales
1165 610 1261 650 seu
1290 594 1518 668 locales,
1549 598 1674 669 quia
1703 599 1870 655 certis
1902 600 2146 656 terminis
2174 599 2331 656 reali-

730 684 834 739 bus
864 699 960 740 seu
991 683 1256 740 localibus
1286 680 1649 753 clauduntur,
1687 694 1748 744 ut
1773 695 1860 744 est
1884 688 2100 758 civitaS,
2131 688 2217 744 vel
2248 705 2332 745 re-

730 788 922 845 gnum,
957 772 1088 829 aliae
1115 790 1244 829 vero
1273 774 1537 832 dicuntur
1559 778 1891 847 personales,
1915 779 2042 852 quia
2069 781 2247 853 magis
2276 781 2329 835 in

733 862 998 934 personiS,
1031 878 1195 935 quam
1224 864 1275 918 in
1311 863 1447 919 locis
1477 866 1917 935 considerantur,
1946 875 2008 925 ut
2032 876 2119 925 est
2145 868 2331 941 religio

733 950 943 1023 aliqua,
975 969 1029 1007 v.
1070 967 1125 1024 g.
1167 952 1248 1007 vel
1290 952 1740 1027 confraternitaS,
1771 963 1878 1013 etc.
1922 974 2062 1030 quae
2101 964 2333 1030 possunt

733 1056 853 1097 esse
881 1041 1038 1098 etiam
1067 1041 1341 1113 perfectae
1371 1046 1814 1115 communitates,
1848 1046 1891 1100 si
1919 1047 2223 1117 perfectum
2251 1063 2333 1102 re-

733 1130 910 1202 gimen
941 1137 998 1187 et
1031 1132 1290 1187 moralem
1333 1134 1584 1189 unionem
1626 1135 1876 1191 habeant.
1908 1140 1982 1193 De
2021 1137 2220 1209 quibus
2257 1139 2332 1194 vi-

732 1220 844 1277 deri
887 1227 1120 1291 possunt
1157 1223 1456 1293 iurisperiti
1498 1224 1549 1279 in
1591 1224 1626 1279 l.
1676 1230 1723 1282 1.
1762 1232 1818 1281 et
1848 1228 2239 1300 sequentibus,
2272 1214 2326 1283 ti.

736 1308 868 1382 quid
896 1310 1168 1383 cuiusque
1209 1312 1611 1385 universitatis,
1639 1320 1749 1371 etc.
1794 1322 1850 1371 et
1887 1316 1943 1372 ff.
1992 1315 2058 1372 de
2095 1315 2333 1389 collegiis

737 1398 960 1454 illicitis,

820 1491 904 1546 12.
937 1490 1312 1547 communitas
1339 1499 1523 1548 autem
1551 1492 1868 1565 imperfecta
1889 1511 1995 1551 non
2028 1496 2334 1567 respective

738 1583 970 1649 tantum,
1004 1578 1101 1635 sed
1123 1579 1370 1637 absolute
1399 1581 1603 1638 dicitur
1630 1583 1839 1655 privata
1861 1584 2090 1656 domuS,
2123 1586 2213 1642 cui
2242 1602 2335 1658 pa·

738 1666 1048 1724 terfamilias
1075 1676 1314 1742 praeest,
1341 1678 1404 1727 ut
1424 1674 1636 1730 notavit
1659 1672 1715 1729 d.
1739 1673 1971 1730 Thomas
1993 1692 2048 1747 q.
2075 1674 2169 1732 cit.
2197 1692 2248 1731 a.
2276 1680 2329 1733 3.

737 1755 805 1813 ad
838 1761 868 1814 3
891 1799 906 1826 ,
935 1764 993 1813 et
1019 1759 1134 1814 Sot.
1169 1758 1268 1829 ibi,
1300 1767 1356 1816 et
1383 1760 1476 1817 lib.
1513 1766 1565 1819 5.
1596 1761 1667 1818 de
1693 1766 1830 1819 inst.
1865 1779 1921 1836 q.
1962 1766 1981 1820 1
2011 1806 2024 1835 ,
2050 1769 2154 1819 art.
2187 1769 2217 1821 2
2239 1806 2253 1826 .
2282 1772 2339 1821 et

737 1846 974 1902 sumitur
1013 1862 1076 1903 ex
1121 1850 1284 1904 Arist.
1331 1866 1519 1921 supra.
1565 1852 1720 1907 Ratio
1759 1868 1892 1909 vero
1931 1858 2043 1921 est,
2083 1852 2212 1925 quia
2248 1852 2337 1908 illa

737 1937 1108 1993 communitas
1135 1952 1243 1993 non
1271 1943 1358 1994 est
1383 1937 1484 1994 sibi
1515 1940 1826 2014 sufficiens,
1857 1948 1919 1997 ut
1955 1941 2137 1997 statim
2166 1942 2335 2013 expli-

737 2026 973 2084 cabitur.
1002 2029 1136 2084 Item
1165 2028 1290 2101 quia
1318 2030 1371 2084 in
1399 2044 1462 2085 ea
1492 2045 1598 2086 non
1635 2037 2046 2104 congregantur
2089 2030 2336 2103 singulae

738 2132 1006 2189 personae
1037 2124 1098 2173 ut
1118 2118 1436 2189 principalia
1464 2120 1702 2176 membra
1726 2112 1791 2177 a‘d
1824 2137 1990 2176 unum
2014 2136 2217 2191 corpus
2242 2136 2339 2192 po-

739 2208 950 2263 liticum
979 2208 1457 2280 componendum,
1489 2208 1584 2265 sed
1623 2210 1801 2267 solum
1843 2210 1909 2265 ibi
1938 2210 2180 2267 existunt
2208 2211 2338 2267 infe-

742 2297 914 2353 riores
945 2298 996 2352 in
1031 2298 1310 2353 utilitatem
1342 2298 1640 2372 domini,et
1659 2304 1931 2373 quatenus
1953 2300 2072 2357 eius
2101 2299 2337 2356 dominio

742 2386 926 2461 aliquo
957 2385 1118 2442 modo
1147 2388 1402 2443 subsunt.
1433 2390 1505 2446 Et
1531 2387 1654 2445 ideo
1688 2390 1810 2445 talis
1845 2390 2213 2447 communitas
2243 2405 2339 2462 per

742 2492 800 2531 se
833 2475 1133 2549 loquendo,
1165 2482 1219 2531 et
1250 2477 1391 2532 intra
1419 2478 1662 2549 proprios
1703 2480 1962 2535 terminos
1994 2495 2097 2535 non
2128 2482 2337 2553 regitur

743 2567 966 2638 propria
995 2572 1265 2637 potestate
1289 2566 1701 2639 iurisdictioniS,
1733 2570 1828 2624 sed
1858 2568 2191 2626 dominativa
2212 2610 2227 2640 ,
2258 2575 2337 2625 at·

745 2671 855 2730 que
883 2658 957 2712 ita
995 2671 1095 2727 pro
1126 2653 1436 2711 diversitate
1476 2655 1692 2714 dominii
1733 2658 2023 2730 participat
2062 2658 2339 2714 diversum

747 2743 970 2801 modum
999 2744 1294 2816 imperandi
1323 2751 1580 2817 respectu
1608 2747 1974 2803 diversorum.
2007 2748 2165 2805 Aliud
2194 2750 2338 2805 enim

743 2842 830 2895 est
850 2837 959 2908 iuS,
984 2836 1067 2892 vel
1089 2835 1245 2910 quasi
1267 2836 1568 2892 dominium
1587 2838 1983 2909 patrisfamilias
2007 2840 2059 2893 in
2087 2855 2335 2905 uxorem,

747 2925 893 2983 aliud
917 2926 968 2981 in
991 2924 1146 2997 filios,
1163 2925 1310 2981 aliud
1336 2927 1390 2981 in
1416 2925 1650 2982 famulos
1670 2926 1753 2985 vel
1775 2944 1985 2997 servos,
2003 2927 2142 2985 uude
2163 2943 2340 3001 neque

745 3015 909 3072 habet
943 3014 1234 3087 perfectam
1277 3016 1576 3088 unitatem,
1610 3031 1708 3071 seu
1743 3016 2068 3073 uniformem
2101 3022 2343 3089 potesta-

749 3112 885 3173 tem,
920 3120 1094 3177 neque
1121 3107 1283 3162 etiam
1311 3105 1596 3177 participat
1635 3108 1853 3178 proprie
1895 3106 2173 3177 politicum
2200 3107 2344 3179 regi-

745 3212 892 3268 men,
923 3202 980 3253 et
1004 3195 1126 3252 ideo
1153 3196 1520 3252 communitas
1547 3196 1636 3252 illa
1673 3197 1987 3269 simpliciter
2026 3197 2341 3270 imperfecta

743 3285 964 3343 dicitur.

833 3382 917 3435 13.
947 3378 1060 3433 Hac
1083 3391 1215 3449 ergo
1235 3373 1576 3432 distinctione
1598 3375 1900 3447 supposita,
1923 3373 2213 3432 dicendum
2236 3382 2338 3446 est,

669 3446 692 3467 ⁹
750 3468 898 3541 leges
927 3467 1193 3522 humanas
1221 3463 1419 3520 habere
1448 3465 1666 3536 proprie
1696 3465 1878 3521 locum
1908 3466 1960 3519 in
1991 3479 2343 3537 quacumque

748 3557 1139 3613 communitate
1188 3553 1460 3625 perfecta,
1513 3569 1620 3608 non
1673 3558 1848 3609 tamen
1897 3554 1950 3607 in
2001 3551 2336 3623 imperfecta.

753 3646 906 3702 Prior
935 3659 1061 3715 pars
1091 3642 1379 3713 probatur,
1411 3642 1540 3713 quia
1570 3643 1748 3696 omnis
1775 3642 2140 3697 communitas
2168 3641 2345 3713 perfe-

751 3741 842 3791 cta
878 3740 965 3789 est
1005 3736 1288 3805 proprium
1318 3746 1524 3801 corpus
1553 3730 1868 3803 politicum,
1897 3737 1953 3786 et
1979 3731 2345 3801 gubernatum

748 3840 848 3895 per
883 3822 1158 3894 propriam
1195 3820 1619 3878 iurisdictionem
1665 3820 1954 3876 habentem
1993 3820 2095 3875 vim
2138 3819 2343 3876 coacti-

750 3929 906 3983 vam,
935 3927 1076 3984 quae
1104 3918 1190 3967 est
1216 3910 1584 3985 legumlativa.
1617 3911 1750 3966 Item
1778 3915 2072 3981 praecepta
2098 3917 2156 3966 et
2185 3925 2348 3981 regu-

752 4003 833 4059 lae
875 4000 1085 4058 vivendi
1129 3999 1219 4057 tali
1262 3999 1637 4056 communitati
1674 4001 2006 4072 propositae,
2039 4002 2082 4054 si
2114 4000 2347 4057 habeant

751 4094 884 4151 alias
924 4091 1265 4148 conditiones
1315 4090 1606 4164 requisitas
1648 4090 1713 4145 ad
1757 4090 1963 4162 legem,
1993 4092 2345 4146 'constituere

751 4188 984 4256 possunt
1003 4182 1206 4237 iustum
1231 4181 1421 4253 legale,
1444 4187 1502 4236 et
1523 4178 1756 4236 medium
1781 4181 2109 4236 servandum
2133 4184 2185 4235 in
2212 4196 2345 4237 una·

750 4286 968 4346 quaque
1013 4270 1232 4327 materia
1270 4270 1491 4325 virtutis
1531 4268 1944 4326 accommodata
1974 4269 2066 4326 tali
2095 4286 2346 4327 commu-

752 4363 934 4432 nitati3
973 4377 1108 4433 ergo
1146 4360 1278 4417 tales
1317 4359 1572 4433 regulae,
1614 4375 1712 4416 seu
1751 4366 2040 4432 praecepta
2069 4359 2348 4435 habebunt

751 4467 935 4509 veram
977 4452 1236 4508 rationem
1277 4450 1432 4524 legis.
1474 4449 1712 4522 Denique
1750 4452 1899 4505 sicut
1924 4449 2008 4505 illa
2040 4451 2347 4507 communi-

754 4550 839 4599 tas
869 4541 1106 4613 perfecta
1141 4546 1259 4607 est,
1299 4539 1371 4595 ita
1407 4543 1760 4609 praeceptum
1799 4537 1871 4594 illi
1902 4538 2213 4610 impositum
2252 4556 2350 4610 po-

753 4638 862 4689 test
909 4630 1228 4702 simpliciter
1275 4628 1380 4684 dici
1429 4633 1788 4699 praeceptum
1835 4643 2160 4697 commune,
2210 4645 2342 4701 ergo

752 4729 808 4779 et
835 4722 940 4778 lex.

831 4812 1012 4869 Altera
1056 4827 1182 4883 pars
1221 4812 1352 4866 satis
1389 4810 1691 4866 insinuatur
1729 4809 1796 4865 ab
1825 4808 1988 4864 Arist.
2020 4802 2114 4866 20.
2146 4810 2341 4865 Echio.

754 4918 878 4973 cap.
907 4901 1008 4958 ult.
1039 4910 1096 4957 et
1123 4918 1150 4957 a
1182 4900 1235 4956 d.
1261 4899 1464 4956 Thoma
1484 4897 1538 4955 d.
1565 4906 1667 4956 art.
1695 4904 1753 4971 2,
1782 4897 1854 4971 ad
1873 4904 1928 4969 3,
1952 4904 2229 4970 quatenus
2248 4898 2347 4955 do-

753 5000 914 5063 cent,
958 4990 1402 5046 communitatem
1435 4990 1598 5044 unius
1629 4987 1827 5045 domus
1857 5004 1960 5043 non
1993 4987 2251 5045 sufficere
2278 4987 2343 5043 ad

753 5080 1029 5154 propriam
1073 5078 1263 5151 legem.
1309 5079 1460 5135 Ratio
1502 5076 1657 5135 reddi
1697 5084 1882 5150 potest
1919 5094 1986 5134 ex
2027 5077 2342 5148 Aristotele,

753 5174 884 5245 quia
913 5170 962 5226 in
993 5168 1087 5226 tali
1117 5168 1510 5225 communitate
1531 5184 1639 5224 non
1663 5175 1748 5224 est
1766 5170 1989 5241 propria
2018 5168 2341 5238 iurisdictio,

753 5277 854 5319 nec
900 5261 974 5318 vis
1013 5261 1293 5333 coactiva,
1325 5272 1464 5331 quae
1501 5258 1552 5314 in
1583 5258 1803 5330 proprio
1833 5257 2137 5331 legislatore
2170 5260 2349 5333 requi-

2206 386 2407 435 mmm
2436 389 2483 434 1.

2400 512 2558 566 ritur.
2590 512 2767 568 Huius
2795 518 2981 568 autem
3010 513 3149 567 ratio
3177 517 3261 566 est
3288 509 3625 581 imperfectio
3652 511 3810 583 quasi
3834 514 4014 569 uatu-

2400 599 2527 657 ralis
2560 600 2681 657 talis
2710 600 3145 671 communitatis,
3178 592 3308 673 quia
3332 616 3439 656 non
3470 599 3570 655 sihi
3598 598 3803 655 sufficit
3831 597 3896 654 ad
3924 597 4015 654 fe-

2400 691 2661 748 licitatem
2687 690 2983 747 humanam
3015 689 3437 761 comparandam
3460 704 3527 745 eo
3550 686 3733 761 modo,
3758 703 3871 761 quo
3890 686 4017 743 hu-

2402 794 2558 835 mano
2589 777 2751 836 modo
2789 779 3101 850 comparari
3140 786 3342 851 potest,
3376 778 3459 833 vel
3490 782 3589 849 (ut
3615 776 3822 833 clarius
3848 776 4016 835 dica-

2402 867 2518 941 tur)
2547 876 2733 940 partes
2757 868 2877 924 talis
2898 867 3306 925 communitatis
3329 883 3435 922 non
3460 867 3559 924 sibi
3580 867 3809 924 invicem
3832 880 4015 938 prae-

2400 964 2549 1015 stant
2588 954 2870 1015 su'fficiens
2913 957 3246 1029 subsidium,
3290 956 3373 1013 vel
3415 963 3673 1013 mutuum
3712 958 4008 1026 iuvamen,

2400 1064 2511 1121 quo
2542 1047 2747 1121 indiget
2784 1047 3021 1103 humana
3052 1048 3284 1103 societas
3313 1045 3378 1102 ad
3408 1062 3573 1102 suum
3601 1046 3781 1117 finem,
3814 1044 3897 1101 vel
3930 1044 4015 1101 ad

2402 1154 2559 1194 suam
2583 1139 3081 1195 conservationem.
3104 1143 3161 1193 et
3180 1135 3299 1192 ideo
3319 1135 3443 1191 talis
3458 1135 3823 1191 communitas
3840 1135 4019 1207 quasi

2402 1228 2724 1285 naturaliter
2768 1226 3059 1283 ordinatur
3098 1224 3167 1282 ad
3194 1227 3494 1297 perfectam
3524 1225 4017 1295 communitatem,

2407 1324 2469 1374 ut
2511 1332 2637 1389 pars
2678 1316 2744 1373 ad
2784 1322 2994 1387 totum3
3037 1316 3269 1387 ideoque
3300 1322 3539 1385 potestas
3570 1311 3864 1386 legislativa
3889 1328 4020 1367 non

2402 1415 2486 1462 est
2524 1408 2578 1462 in
2628 1406 2719 1462 tali
2760 1405 3189 1473 communitate,
3243 1403 3337 1461 sed
3383 1411 3592 1459 tanturn
3636 1402 3688 1457 in
3727 1402 4016 1474 perfecta.

2405 1497 2553 1563 Quae
2585 1497 2723 1551 ratio
2750 1494 2999 1566 procedit
3020 1496 3239 1565 proprie
3261 1495 3312 1549 in
3336 1491 3547 1565 legibus
3570 1491 3846 1563 civilibus,
3868 1508 4023 1547 cum

2405 1584 2757 1657 proportione
2786 1590 2964 1640 tamen
2996 1582 3301 1655 applicatur
3330 1581 3396 1638 ad
3420 1580 3851 1645 ecclesiasticas;
3874 1582 4025 1653 quia

2406 1677 2533 1732 licet
2578 1680 2817 1745 potestas
2858 1671 3156 1746 legislativa
3196 1672 3571 1729 ecclesiastica
3610 1686 3715 1727 non
3758 1678 3955 1727 manet
3984 1686 4022 1725 a

2408 1764 2833 1835 communitate,
2866 1761 2961 1820 sed
2990 1778 3019 1819 a
3046 1760 3285 1834 Christo,
3318 1770 3500 1819 tamen
3534 1761 4021 1829 communicatur,

2408 1861 2464 1911 et
2502 1854 2848 1913 distribuitur
2888 1868 3018 1909 cum
3061 1851 3432 1910 convenientia
3468 1860 3525 1907 et
3562 1850 3911 1923 proportione
3946 1849 4027 1906 ad

2408 1944 2859 2000 communitatem
2890 1943 3203 1999 humanam.

2493 2037 2576 2091 14.
2612 2031 2718 2089 Sed
2761 2032 2976 2088 obiicict
3016 2032 3243 2104 aliquis,
3287 2047 3413 2089 nam
3453 2032 3702 2105 sequitur
3740 2046 3809 2089 ex
3840 2028 4019 2086 dictis

2408 2137 2516 2178 non
2544 2137 2708 2194 posse
2738 2122 2861 2177 ferri
2894 2122 3170 2193 propriam
3200 2122 3371 2193 legem
3394 2120 3444 2176 in
3468 2121 3861 2177 communitate
3881 2134 4023 2191 per·

2408 2213 2575 2282 fecta,
2608 2213 2650 2267 si
2684 2219 2895 2268 tantum
2928 2226 3027 2281 pro
3056 2210 3237 2283 aliqua
3267 2210 3409 2266 illius
3432 2216 3582 2281 parte
3606 2209 3845 2276 feratur3
3870 2223 4021 2265 con·

2409 2315 2645 2374 sequens
2683 2299 2901 2357 videtur
2938 2298 3168 2373 falsum,
3212 2315 3365 2373 ergo.
3413 2298 3643 2372 Sequela
3681 2303 3847 2369 patet,
3878 2298 4023 2371 quia

2410 2397 2677 2447 statutum
2723 2392 2886 2446 unius
2926 2389 3158 2462 domnS,
3202 2389 3285 2445 vel
3324 2388 3729 2446 communitatis
3756 2387 4020 2460 imperfe-

2410 2487 2532 2537 ctae
2575 2497 2681 2536 non
2724 2486 2809 2536 est
2836 2480 2951 2549 lex,
2992 2480 3119 2553 quia
3155 2479 3244 2535 illa
3280 2480 3644 2535 communitas
3681 2477 4021 2549 imperfecta

2408 2577 2494 2626 est
2535 2586 2663 2642 pars
2704 2571 3005 2641 perfectae,
3050 2584 3178 2643 ergo
3220 2567 3358 2625 idem
3398 2570 3505 2625 erit
3546 2566 3609 2623 de
3652 2582 4021 2641 quacumque

2410 2666 2566 2731 parte
2595 2660 2855 2729 civitatis3
2902 2658 2991 2715 illa
3031 2660 3171 2714 euim
3202 2660 3367 2715 etiam
3399 2664 3486 2713 est
3511 2657 3881 2714 communitas
3910 2656 4024 2711 im·

2410 2748 2689 2820 perfecta,
2733 2754 2789 2804 et
2826 2764 2954 2820 pars
2995 2748 3294 2818 perfectae.
3337 2747 3511 2804 Minor
3551 2761 3681 2803 vero
3717 2745 4017 2817 probatur,

2414 2839 2542 2913 quia
2582 2856 2691 2896 non
2732 2846 2817 2896 est
2856 2837 2923 2895 de
2964 2838 3170 2894 ratione
3214 2837 3369 2910 legis,
3404 2844 3465 2893 ut
3493 2834 3699 2909 obliget
3724 2850 3915 2891 omnes
3946 2836 4023 2891 de

2414 2928 2667 2997 civitate3
2696 2944 2832 3002 ergo
2861 2934 3045 3000 potest
3066 2926 3305 2999 obligare
3327 2933 3557 2999 partem,
3580 2932 3637 2982 et
3658 2923 4021 2989 nihilominus

2412 3034 2534 3075 esse
2570 3034 2699 3075 vera
2738 3018 2841 3073 lex.
2886 3018 3042 3072 Circa
3082 3016 3184 3073 hoc
3227 3016 3391 3089 aliqui
3421 3014 3645 3071 iuristae
3672 3014 3894 3084 dicunt,
3932 3014 4017 3069 le-

2412 3124 2535 3183 gem
2580 3109 2743 3164 latam
2787 3124 2818 3164 a
2851 3108 3095 3180 principe
3132 3105 3199 3163 ad
3238 3104 3579 3178 obligandam
3609 3120 3773 3162 unam
3798 3109 4021 3175 partem

2414 3198 2684 3270 civitatiS,
2718 3214 2769 3252 v.
2804 3214 2859 3269 g.
2906 3203 3158 3269 quartam
3185 3201 3427 3267 partem,
3456 3200 3513 3249 et
3538 3209 3646 3250 non
3674 3192 3833 3249 aliam
3852 3232 3868 3263 ,
3898 3208 4017 3247 non

2411 3304 2533 3344 esse
2572 3303 2757 3344 veram
2798 3286 3006 3359 legem,
3054 3300 3152 3341 nec
3192 3284 3453 3357 obligare.
3484 3285 3563 3340 lta
3593 3282 3783 3339 docuit
3806 3283 4007 3353 Augei.

2415 3392 2577 3451 quem
2621 3377 2822 3445 refert,
2865 3382 2921 3431 et
2950 3375 3203 3447 sequitur
3230 3374 3383 3429 lason
3412 3374 3464 3428 in
3496 3372 3533 3427 l.
3572 3374 3633 3442 1,
3664 3371 3719 3427 ff.
3751 3370 3817 3426 de
3845 3370 4013 3441 legib.

2414 3483 2467 3521 n.
2502 3470 2558 3537 2,
2604 3466 2695 3539 qui
2736 3464 2913 3520 solum
2940 3462 3201 3520 fundatur
3231 3464 3280 3518 in
3310 3463 3446 3527 hoc,
3477 3460 3628 3534 quod
3657 3460 3741 3517 lex
3766 3476 3889 3517 esse
3918 3460 4017 3516 de-

2415 3554 2506 3610 bet
2532 3560 2889 3626 praeceptum
2919 3568 3231 3609 commune.
3340 3572 3348 3577 ·

2500 3648 2585 3701 15.
2626 3642 2946 3715 Respondeo
2990 3641 3362 3713 nihilominus,
3408 3641 3551 3698 aliud
3590 3656 3711 3709 esse
3753 3640 3905 3714 loqui
3947 3640 4019 3697 de

2416 3732 2508 3790 tali
2538 3732 2657 3807 lege
2695 3748 2760 3789 ex
2800 3733 3005 3789 ratione
3036 3732 3294 3803 iustitiae,
3324 3730 3406 3786 vel
3436 3731 3756 3800 iniustitiae,
3790 3746 3893 3788 seu
3922 3747 4019 3788 ac-

2416 3822 2681 3895 ceptionis
2722 3836 3107 3893 personarum3
3131 3819 3295 3878 ,aliud
3334 3834 3400 3875 ex
3437 3819 3657 3876 defectu
3686 3820 4017 3877 sufficientis

2416 3911 2845 3985 communitatiS,
2874 3912 2965 3967 cui
2992 3913 3323 3981 imponatur.
3357 3910 3456 3966 Hic
3482 3926 3593 3966 non
3614 3916 3925 3969 tractamus
3949 3911 4019 3968 de

2418 4000 2581 4072 priori
2622 4000 3086 4072 consideratione3
3110 4006 3308 4077 'tamen
3350 4000 3511 4054 etiam
3552 3999 3656 4055 sub
3696 3999 3790 4057 illa
3830 4000 4017 4057 dicere

2418 4106 2524 4146 non
2564 4106 2858 4161 possumus
2882 4130 2895 4157 ,
2930 4090 3089 4145 talem
3121 4089 3294 4162 legem
3323 4104 3443 4145 esse
3470 4089 3761 4145 intrinsece
3790 4090 4015 4162 malam,

2417 4195 2515 4235 seu
2540 4179 2811 4250 iniustam,
2835 4179 2963 4253 quia
2988 4185 3169 4251 potest
3193 4180 3465 4235 interdum
3491 4178 3716 4235 subesse
3733 4180 4019 4237 sufficiens

2418 4285 2587 4326 causa
2624 4276 2681 4325 et
2722 4271 2859 4326 ratio
2889 4268 3197 4341 imponendi
3226 4285 3367 4325 onus
3398 4270 3487 4325 uni
3517 4269 3684 4341 parti,
3713 4276 3775 4326 et
3800 4286 3911 4327 non
3940 4270 4017 4325 al-

2420 4361 2537 4433 teri,
2570 4360 2650 4415 vel
2693 4362 2895 4415 ratione
2922 4358 3065 4415 situs
3090 4366 3149 4415 et
3175 4359 3303 4430 loci,
3337 4362 3464 4433 quia
3494 4359 3543 4414 in
3575 4358 3666 4415 tali
3695 4366 3849 4432 parte
3880 4358 4019 4416 iudi-

2416 4458 2510 4523 get
2538 4451 2731 4506 civitas
2760 4449 2853 4506 tali
2884 4449 3105 4505 servitio
3133 4449 3215 4504 vel
3243 4451 3452 4505 ratione
3474 4448 3807 4506 conditionis
3830 4464 4019 4521 perso-

2418 4556 2637 4603 narum,
2670 4545 2733 4596 ut
2758 4555 2825 4594 ex
2852 4538 3065 4611 legibus
3095 4538 3426 4596 tributorum
3457 4544 3698 4594 constat.
3732 4540 4019 4595 Posterior

2418 4635 2598 4685 autem
2630 4628 2993 4686 consideratio
3020 4627 3127 4683 huc
3152 4634 3383 4699 spectat,
3407 4629 3462 4682 in
3486 4643 3595 4701 qua
3618 4625 3880 4699 dicimus,
3906 4643 4015 4684 non

2416 4734 2540 4775 esse
2581 4718 2648 4776 de
2689 4719 2897 4774 ratione
2942 4718 3105 4789 legis,
3150 4724 3213 4773 ut
3241 4734 3341 4789 pro
3372 4723 3481 4773 tota
3510 4720 3912 4775 communitate
3940 4718 4020 4774 fe-

2416 4818 2574 4867 ratur
2616 4808 2891 4878 totaliter,
2924 4814 2987 4864 ut
3012 4808 3087 4863 sic
3120 4806 3319 4877 dicam,
3353 4808 3477 4878 quia
3508 4807 3558 4861 in
3586 4812 3743 4877 parte
3770 4808 3895 4863 eius
3922 4824 4020 4879 po·

2420 4907 2528 4958 test
2553 4915 2674 4956 esse
2696 4898 2977 4955 sufficiens
2999 4898 3365 4953 communitas
3386 4904 3442 4952 et
3462 4897 3880 4953 fundamentum
3902 4898 4020 4954 suf·

2418 4992 2597 5048 ficiens
2637 4989 2703 5046 ad
2744 4990 3159 5061 perpetuitatem
3188 4987 3341 5060 legis,
3374 4994 3431 5043 et
3460 4993 3521 5043 ut
3547 4986 3814 5058 procedat
3837 5003 3909 5043 ex
3936 4988 4021 5044 iu-

2419 5080 2729 5137 risdictione
2760 5077 3003 5149 politica,
3032 5083 3090 5133 et
3119 5075 3423 5133 immediate
3444 5076 3747 5146 pertinente
3770 5074 3839 5131 ad
3862 5092 4021 5133 com-

2420 5185 2639 5226 munem
2674 5169 3145 5241 gubernationem.
3189 5168 3373 5223 Potest
3409 5172 3589 5223 autem
3626 5166 3731 5223 hoe
3759 5166 4017 5224 accidere

2419 5260 2580 5318 variis
2620 5259 2810 5317 modis.
2847 5258 3058 5331 Primo,
3098 5256 3141 5313 si
3170 5255 3253 5314 lex
3284 5255 3492 5313 feratur
3521 5256 3625 5314 sub
3654 5258 3867 5315 ratione
3896 5256 4019 5313 talis
