4325 6267
799 296 881 358 32

717 453 829 510 quo
863 437 1025 491 etiam
1065 433 1212 508 loqui
1249 433 1466 490 videtur
1501 433 1643 490 (licta
1676 433 1759 490 lex
1801 439 1856 505 t,
1890 435 1941 490 ff.
1977 434 2043 490 de
2071 437 2298 492 constit.

715 527 892 600 princ.
926 524 1237 596 Respondet
1261 525 1428 598 igitur
1464 524 1654 581 Glossa
1683 526 1736 580 in
1765 523 1821 580 d.
1855 541 1908 580 c.
1943 527 2074 582 Erit
2101 530 2303 581 atatem

713 614 830 682 leoe,
865 630 960 687 per
990 614 1128 670 hanc
1159 614 1525 670 conditionem
1553 612 1807 686 distingui
1830 612 2006 686 legem
2031 629 2058 669 a
2087 613 2303 684 privile-

715 706 821 777 gio.
865 704 1037 772 Quam
1087 705 1493 775 responsionem
1544 705 1743 760 acriter
1791 703 2073 776 impugnat
2111 705 2305 760 Castro

643 837 650 844 .
715 811 912 866 supra,
943 794 1070 868 quia
1097 809 1162 850 ex
1195 793 1282 848 illa
1311 791 1538 866 (inquit)
1569 793 1846 866 sequitur,
1879 792 2050 864 legem
2079 791 2243 850 latam
2274 809 2305 848 a

714 884 952 956 principe
996 883 1062 939 de
1103 888 1365 954 perpetuo
1409 882 1611 938 tributo
1640 881 1737 938 sibi
1769 881 2028 938 solvendo
2058 883 2108 937 in
2140 899 2303 938 suum

711 970 1390 1042 commodum‚dicendam
1412 986 1530 1027 esse
1554 971 1914 1045 privilegium.
1937 971 2038 1028 Sed
2063 971 2172 1027 hoc
2198 988 2303 1028 non

713 1063 945 1126 multum
988 1049 1149 1134 urget
1191 1066 1384 1116 contra
1410 1060 1686 1130 Glossam3
1719 1061 1847 1134 quia
1877 1061 1960 1118 vel
1990 1060 2100 1117 tale
2134 1062 2303 1117 tribu-

713 1159 832 1208 tum
873 1157 1024 1206 esset
1063 1151 1298 1220 iustum,
1345 1148 1428 1206 vel
1468 1151 1760 1206 iniustum:
1797 1151 1842 1205 si
1871 1150 2108 1220 iustum,
2139 1150 2301 1206 etiam

711 1241 795 1298 lex
823 1248 970 1297 esset
996 1241 1170 1310 iusta,
1201 1248 1257 1295 et
1300 1239 1425 1295 licet
1458 1245 1604 1296 esset
1637 1240 1685 1295 in
1716 1239 2068 1296 commodum
2099 1241 2303 1309 princi-

713 1331 816 1403 p'is,
846 1330 1189 1386 nihilominus
1210 1336 1354 1384 esset
1374 1335 1595 1400 propter
1614 1344 1908 1385 commune
1929 1329 2157 1400 bonum,
2185 1337 2301 1386 tum

711 1422 840 1494 quia
871 1421 1076 1476 bonum
1114 1419 1408 1491 principis,
1441 1426 1714 1491 quatenus
1744 1417 1863 1474 talis
1893 1426 2008 1491 est,
2041 1425 2301 1476 censetur

709 1525 1036 1576 commune,
1067 1524 1194 1564 cum
1224 1507 1335 1578 ipse
1364 1509 1434 1563 sit
1461 1523 1692 1579 persona
1724 1508 1942 1579 publica
1967 1515 2024 1565 et
2050 1524 2301 1566 commu·

709 1600 794 1655 nis
813 1640 828 1671 ,
865 1605 981 1654 tum
1009 1598 1191 1668 etiam,
1225 1597 1350 1670 quia
1376 1599 1580 1653 iustum
1611 1597 1914 1654 subsidium
1940 1596 2128 1654 datum
2151 1602 2302 1670 prin-

708 1690 816 1760 cipi
844 1705 874 1744 a
903 1686 1210 1759 republica,
1244 1703 1539 1744 commune
1567 1687 1776 1743 bonum
1806 1694 1891 1743 est
1921 1688 2090 1744 totius
2119 1689 2301 1760 reipu-

710 1779 900 1838 blicae.
931 1779 984 1835 Si
1011 1784 1196 1834 autem
1226 1778 1490 1834 tributum
1521 1783 1667 1832 esset
1695 1777 1958 1833 iniustum
1977 1784 2034 1833 et
2056 1778 2299 1852 tyranni-

709 1885 870 1934 cum,
902 1874 1032 1924 tunc
1063 1883 1168 1922 non
1197 1872 1340 1923 esset
1370 1866 1486 1938 lex,
1518 1867 1610 1922 sed
1641 1866 1864 1923 haberet
1886 1883 1944 1924 se
1972 1866 2040 1922 ad
2073 1867 2297 1924 modum

691 1957 968 2029 privilegii
1001 1956 1164 2029 iniqui
1193 1963 1248 2013 et
1271 1956 1477 2012 iniusti.
1508 1957 1619 2013 Nec
1651 1955 1867 2018 videtur
1899 1956 1988 2012 illa
2013 1959 2297 2028 responsio

705 2048 931 2104 Glossae
958 2045 1125 2102 aliena
1149 2063 1179 2102 a
1209 2046 1474 2102 sententia
1491 2045 1664 2102 Cicer.
1701 2045 1789 2102 lib.
1824 2051 1876 2104 3.
1901 2047 1973 2102 de
1993 2047 2188 2119 Leyib.
2221 2047 2300 2103 di-

708 2138 923 2194 centis:
957 2137 1222 2194 Maiores
1251 2139 1438 2192 nostri
1461 2139 1528 2193 in
1539 2139 1820 2210 privatas
1831 2151 2122 2210 personas
2144 2136 2299 2210 leqes

696 2225 867 2298 ferri
895 2225 1210 2283 noluerunt
1232 2271 1245 2293 ‚
1278 2224 1343 2309 igi
1368 2230 1454 2282 est
1477 2229 1632 2282 enim
1654 2224 2054 2300 privileqium.

789 2319 841 2374 7.
875 2316 1228 2372 Nihilominus
1269 2321 1446 2372 tamen
1489 2315 1772 2385 existimo,
1817 2316 1977 2372 istam
2026 2315 2294 2373 conditio-

707 2421 832 2464 nem
872 2423 979 2463 non
1021 2422 1141 2463 esse
1182 2407 1416 2476 positam
1458 2406 1525 2461 ab
1553 2404 1759 2462 Isidoro
1791 2404 1856 2461 ad
1887 2404 2296 2463 excludendum

708 2495 1043 2568 privilegium
1081 2511 1112 2551 a
1149 2497 1355 2551 ratione
1395 2495 1554 2568 legis,
1586 2500 1701 2550 tum
1731 2497 1862 2567 quia
1889 2493 2079 2552 eadem
2105 2494 2299 2552 Glossa

707 2585 760 2640 in
787 2599 840 2641 c.
865 2582 1200 2657 Prinileyia,
1231 2584 1284 2640 d.
1314 2588 1368 2640 3.
1398 2582 1553 2652 dicit,
1579 2584 1926 2657 privilegium
1948 2600 2070 2640 esse
2092 2584 2295 2658 legem,

704 2681 763 2731 et
787 2675 840 2730 in
867 2673 956 2730 illo
985 2677 1217 2747 requirit
1243 2673 1372 2729 alias
1399 2673 1738 2730 conditiones
1768 2675 1974 2746 positas
2002 2673 2068 2730 ab
2088 2674 2298 2731 Isidoro

709 2765 761 2820 in
807 2763 909 2820 alio
949 2779 1074 2836 cap.
1117 2767 1248 2822 Erit
1292 2769 1492 2820 autem
1531 2761 1669 2831 leoe,·
1698 2771 1814 2820 tum
1849 2762 2009 2819 etiam
2052 2765 2181 2837 quia
2209 2763 2299 2820 illa

706 2853 976 2925 particula
1017 2853 1222 2909 directe
1265 2853 1488 2924 ponitur
1527 2853 1596 2909 ad
1639 2851 2007 2910 excludendas
2035 2852 2182 2926 leges
2214 2860 2298 2928 ty-

705 2943 993 3014 rannicas,
1029 2942 1110 2998 vel
1139 2958 1280 3015 quae
1308 2958 1416 3000 non
1445 2941 1650 2998 cedunt
1680 2942 1729 2997 in
1753 2958 2045 2999 commune
2067 2943 2293 3014 bonum,

703 3033 911 3089 etiamsi
952 3032 1178 3089 sortasse
1219 3048 1321 3088 nec
1362 3031 1427 3088 ad
1457 3032 1726 3104 privatum
1769 3032 2088 3104 respiciant3
2125 3039 2183 3088 et
2224 3033 2299 3089 ita

705 3135 933 3178 necesse
970 3123 1084 3192 est,
1129 3137 1226 3194 per
1267 3121 1412 3177 illam
1455 3119 1818 3178 conditionem
1856 3121 2074 3177 excludi
2101 3137 2295 3193 pravas

707 3210 853 3284 leges
881 3253 896 3282 ,
923 3211 1134 3267 etiamsi
1163 3210 1436 3283 privilegia
1469 3227 1573 3266 non
1605 3209 1742 3282 sint3
1771 3217 1886 3266 tum
1912 3211 2144 3282 denique
2166 3212 2295 3283 quia

699 3302 840 3358 sorte
881 3316 1106 3358 necesse
1148 3317 1254 3357 non
1299 3299 1430 3369 suit,
1475 3300 1812 3372 privilegium
1854 3299 2183 3368 excludere,
2230 3302 2296 3357 de

697 3407 810 3464 quo
849 3389 1026 3447 dicam
1070 3390 1204 3446 infra
1245 3406 1346 3445 suo
1389 3389 1532 3446 loco.
1575 3391 1730 3444 Nunc
1761 3388 1939 3445 solum
1971 3404 2157 3445 assero
2184 3430 2197 3456 ,
2229 3405 2297 3445 ex

695 3489 851 3555 parte
887 3480 1012 3536 boni
1049 3481 1356 3536 communis
1398 3496 1504 3535 non
1543 3484 1877 3550 repugnare,
1908 3480 2036 3550 quin
2077 3481 2150 3534 sit
2183 3476 2289 3551 lex,

703 3573 833 3645 quia
873 3571 1002 3626 licet
1042 3568 1282 3641 proxima
1310 3569 1429 3623 eius
1460 3567 1686 3624 materia
1729 3568 1798 3622 sit
1827 3567 2060 3638 speciale
2089 3566 2293 3622 bonum

699 3659 932 3716 alicuius
971 3656 1227 3728 familiae,
1273 3657 1353 3712 vel
1395 3655 1624 3726 domus,
1659 3655 1738 3711 vel
1770 3654 2081 3728 aliquarum
2110 3670 2295 3726 perso-

696 3763 892 3805 narum
936 3752 1184 3823 (propter
1225 3744 1376 3819 quod
1414 3745 1643 3801 fortasse
1686 3744 1894 3816 privata
1935 3744 2018 3800 lex
2055 3743 2298 3815 appella-

697 3845 817 3894 tum
857 3844 941 3895 est
980 3837 1046 3892 ab
1076 3837 1284 3892 Isidoro
1313 3834 1363 3891 in
1393 3835 1446 3891 d.
1479 3849 1602 3908 cap.
1637 3832 2077 3906 Privileqium);
2108 3834 2297 3889 nihilo-

696 3928 875 3984 minus
901 3926 1199 3984 formaliter
1229 3927 1387 3981 etiam
1415 3922 1580 3980 debet
1609 3926 1885 3994 respicere
1909 3923 2113 3979 bonum
2141 3938 2293 3979 com-

696 4032 888 4086 mune,
922 4021 1243 4088 argumento
1272 4029 1396 4086 cap.
1431 4015 1784 4085 Requirttur,
1820 4019 1875 4068 et
1901 4019 1934 4078 §
1958 4014 2078 4068 nisi
2101 4014 2285 4083 riyor,

696 4115 755 4165 et
779 4122 901 4178 cap.
934 4106 1445 4178 Dispensationes‚
1491 4106 1510 4160 1
1541 4145 1556 4174 ,
1588 4108 1803 4175 quaest.
1843 4103 1896 4173 7,
1926 4109 1983 4157 et
2012 4117 2152 4175 quae
2184 4109 2294 4158 tra·

696 4195 777 4253 dit
814 4195 868 4251 d.
900 4195 1130 4251 Thomas
1177 4199 1223 4251 1.
1258 4197 1286 4250 2
1311 4235 1326 4264 ,
1355 4207 1410 4265 q.
1445 4195 1508 4249 97
1535 4233 1550 4263 ,
1579 4198 1687 4247 art.
1721 4195 1776 4248 4.
1810 4190 1878 4246 ad
1915 4194 1959 4246 1.
1993 4191 2127 4246 Nam
2155 4189 2293 4247 illud

695 4287 898 4344 bonum
929 4298 1027 4356 per
1057 4283 1394 4356 privilegium
1425 4297 1756 4338 concessum
1780 4281 1850 4336 ita
1875 4280 2036 4337 debet
2057 4297 2178 4337 esse
2199 4281 2289 4337 ali·

695 4391 936 4448 quorum
975 4375 1287 4445 proprium,
1325 4377 1386 4427 ut
1425 4371 1476 4426 in
1518 4371 1724 4426 bonum
1766 4385 2061 4428 commuue
2090 4369 2291 4428 redun-

694 4464 806 4534 det,
821 4463 981 4520 modo
1003 4463 1256 4533 superius
1278 4459 1574 4516 declarato.
1601 4463 1680 4515 Ac
1708 4467 1992 4530 praeterea
2014 4460 2126 4532 ipsa
2153 4477 2289 4516 con-

695 4555 874 4612 cessio
917 4553 1175 4625 privilegii
1216 4559 1325 4606 tam
1371 4549 1701 4605 rationabilis
1743 4565 1863 4605 esse
1904 4549 2096 4620 debet,
2141 4557 2201 4607 ut
2226 4549 2294 4605 ad

695 4645 899 4702 bonum
930 4657 1223 4698 commune
1251 4645 1494 4711 spectet,
1525 4654 1591 4694 ex
1620 4639 1884 4694 similibus
1927 4641 2114 4694 causis
2146 4639 2293 4694 simi-

695 4734 766 4791 lia
795 4731 1074 4804 privilegia
1101 4728 1348 4786 concedi.
1377 4729 1456 4784 Ex
1485 4727 1590 4783 hoc
1613 4743 1745 4800 ergo
1770 4729 1947 4798 capite
1973 4744 2079 4783 non
2101 4727 2291 4784 exclu-

695 4822 907 4879 duntur
936 4820 1212 4892 privilegia
1242 4835 1272 4874 a
1301 4818 1514 4890 propria
1545 4818 1752 4874 ratione
1775 4817 1935 4891 legis3
1964 4833 2030 4872 an
2053 4833 2184 4873 vero
2198 4833 2290 4874 ex-

695 4909 992 4968 cludantur
1033 4925 1097 4965 ex
1139 4923 1239 4974 ec,
1282 4908 1430 4980 quod
1472 4907 1774 4979 respiciunt
1801 4908 2068 4978 privatam
2098 4923 2288 4979 perso·

694 5017 851 5073 nam,
883 5000 967 5056 vel
995 5001 1207 5070 possint
1230 5014 1350 5053 esse
1380 5000 1598 5070 proprie
1630 4998 1800 5071 leges,
1833 4999 2059 5054 maxime
2091 4999 2132 5053 si
2165 5015 2285 5068 per-

695 5095 859 5162 petua
887 5090 1024 5160 sint,
1056 5087 1305 5144 dicemus
1333 5089 1384 5142 in
1415 5086 1506 5143 lib.
1539 5089 1601 5143 X.

772 5181 946 5237 Minor
982 5177 1277 5234 difficultas
1318 5183 1402 5233 est
1439 5179 1488 5233 in
1517 5176 1728 5248 legibus
1760 5177 2125 5247 tributorum,
2160 5194 2283 5234 nam

2204 311 2403 359 LIBER
2434 313 2483 360 1.

2375 435 2491 492 illac
2518 437 2899 492 communitati
2926 438 3316 508 imponuntur,
3351 444 3413 493 ut
3444 452 3540 508 per
3566 453 3625 494 se
3657 443 3895 511 constat,
3919 445 3975 494 et

2378 525 2681 582 immediate
2712 527 3011 598 respiciunt
3038 527 3243 583 bonum
3271 542 3599 598 commune,
3622 530 3749 600 quia
3768 572 3782 600 ,
3809 537 3873 586 ut
3892 530 3971 586 di·

2376 613 2462 684 xi,
2497 612 2623 670 licet
2662 612 2951 670 videantur
2991 616 3189 673 cedere
3217 617 3270 670 in
3300 617 3653 674 commodum
3683 619 3967 689 principis,

2376 710 2555 760 tamen
2597 711 2657 761 ut
2699 720 2857 760 verae
2887 705 3036 778 leges
3066 705 3201 774 sint,
3233 721 3528 762 commune
3558 707 3765 764 bonum
3801 709 3975 780 respi-

2376 807 2502 848 cere
2544 792 2768 864 debent,
2813 797 2943 867 quia
2983 811 3087 850 non
3129 794 3329 851 dantur
3364 795 3515 867 regi,
3560 798 3660 851 nisi
3696 803 3971 867 quatenus

2373 898 2606 953 persona
2638 885 2948 940 communis
2976 891 3033 940 et
3057 883 3277 956 publica
3296 891 3410 954 est,
3436 892 3492 941 et
3516 886 3647 940 utin
3672 901 3967 943 commune

2374 971 2575 1028 bonum
2607 971 2707 1028 illis
2737 979 2949 1030 utatur.
2990 973 3141 1031 Unde
3164 973 3213 1028 in
3238 975 3469 1030 concilio
3501 974 3653 1030 tolet.
3681 975 3817 1033 vni.
3840 991 3965 1047 cap.

2382 1067 2466 1118 10.
2501 1063 2566 1118 de
2598 1063 2822 1137 regibus
2856 1062 3081 1121 dicitur:
3118 1067 3251 1120 Non
3270 1065 3719 1138 prospectantes
3734 1068 3970 1139 proprii

2371 1153 2511 1208 iura
2558 1152 2850 1210 commodi
2874 1197 2889 1219 ,
2943 1152 3047 1210 sed
3093 1152 3456 1210 consulentes
3501 1158 3744 1227 patriae
3792 1159 3969 1228 atque

2375 1245 2557 1314 qemi.

2447 1331 2527 1388 Ad
2570 1332 2796 1390 alteram
2837 1339 3047 1405 partem
3088 1333 3459 1391 obiectionu'm
3500 1337 3802 1406 generatim
3832 1333 3972 1390 dici-

2372 1427 2495 1493 tur,
2526 1421 2666 1478 hanc
2704 1439 2824 1479 esse
2862 1423 3227 1480 conditionem
3256 1439 3446 1480 rerum
3478 1423 3875 1496 humanarum,
3908 1430 3972 1480 ut

2370 1526 2477 1566 non
2508 1520 2730 1569 servent
2758 1511 3183 1569 uniformitatem
3213 1514 3269 1568 in
3300 1511 3585 1583 omnibus,
3616 1521 3673 1568 et
3700 1511 3820 1570 ideo
3853 1513 3967 1584 ple·

2368 1616 2609 1674 rumque
2647 1601 2876 1672 accidit,
2908 1609 2970 1658 ut
3008 1601 3157 1675 quod
3186 1603 3566 1659 communitati
3592 1601 3839 1674 expedit,
3870 1605 3968 1660 uni

2370 1689 2457 1747 vel
2486 1691 2644 1748 alteri
2674 1699 3067 1748 nocumentum
3099 1693 3308 1749 afferat.
3349 1692 3481 1761 Quia
3512 1707 3640 1748 vero
3670 1708 3967 1750 commune

2369 1780 2573 1837 bonum
2617 1780 2925 1852 praefertur
2966 1783 3206 1852 privato,
3250 1781 3465 1853 quando
3508 1782 3667 1838 simul
3694 1797 3815 1838 esse
3858 1798 3967 1838 non

2369 1877 2634 1941 possunt,
2681 1869 2797 1925 ideo
2839 1868 2985 1942 leges
3027 1871 3342 1941 simpliciter
3382 1871 3635 1927 seruntur
3677 1886 3775 1941 pro
3822 1871 3965 1926 bono

2368 1959 2680 2029 communi,
2711 1965 2767 2015 et
2804 1958 2871 2014 ad
2912 1959 3261 2030 particularia
3288 1976 3393 2015 non
3428 1960 3749 2030 attendunt,
3782 1967 3845 2017 ut
3874 1960 3972 2020 ha<

2367 2046 2529 2104 betur
2555 2048 2606 2103 in
2636 2048 2819 2104 multis
2849 2048 3089 2120 legibus,
3122 2049 3176 2104 ff.
3209 2047 3275 2105 de
3306 2048 3464 2120 legib.
3500 2054 3556 2104 et
3596 2050 3664 2105 de
3700 2039 3879 2120 justit.
3912 2056 3970 2106 et

2366 2137 2470 2192 iur-
2517 2143 2572 2192 et
2612 2139 2846 2193 sumitur
2873 2154 2939 2194 ex
2968 2153 3020 2194 c.
3054 2141 3244 2207 Licet,
3281 2138 3347 2195 de
3378 2139 3619 2212 regular.
3658 2146 3807 2196 etex
3839 2155 3961 2211 cap.

2366 2228 2537 2283 Scias
2564 2270 2577 2292 ‚
2624 2229 2695 2296 7,
2726 2243 2781 2298 q.
2843 2233 2892 2285 1.
2935 2228 3211 2301 Contingit
3254 2235 3437 2284 autem
3486 2228 3812 2302 aliquando,
3861 2230 3967 2285 sub

2366 2312 2557 2372 'eodem
2586 2331 2713 2388 rege
2738 2332 2858 2373 esse
2888 2317 3044 2389 plura
3072 2333 3235 2390 regna
3265 2316 3346 2374 vel
3385 2317 3573 2388 plures
3603 2319 3969 2375 communita·

2372 2411 2453 2462 tes
2492 2407 2650 2479 quasi
2690 2421 2787 2478 per
2828 2406 3112 2480 accidens,
3154 2407 3281 2480 quia
3321 2423 3381 2464 re
3423 2423 3552 2462 vera
3594 2407 3731 2463 inter
3769 2423 3829 2464 se
3858 2423 3965 2464 non

2368 2505 2711 2566 componunt
2754 2512 2923 2552 unum
2966 2511 3171 2568 corpus
3212 2496 3529 2570 politicum,
3574 2496 3669 2553 sed
3710 2513 3777 2552 ex
3818 2498 3968 2553 acci-

2366 2582 2513 2640 denti
2538 2583 2765 2640 diversis
2796 2584 2968 2640 titulis
2996 2586 3047 2639 in
3077 2584 3219 2640 illius
3248 2590 3571 2656 potestatem
3597 2586 3961 2654 devenerunt,

2368 2680 2426 2730 et
2472 2681 2602 2730 tunc
2632 2676 2895 2730 iniustum
2924 2689 3045 2730 esse
3072 2674 3273 2730 eisdem
3305 2675 3514 2748 legibus
3542 2674 3759 2732 diversa
3794 2691 3967 2747 regna

2368 2762 2639 2834 obligare,
2670 2764 2713 2818 si
2745 2763 2835 2818 uni
2864 2770 3051 2818 essent
3070 2763 3261 2830 utiles,
3287 2771 3342 2819 et
3370 2779 3475 2818 non
3497 2763 3671 2820 alteri.
3697 2764 3831 2831 Quia
3854 2779 3963 2820 non

2366 2857 2755 2923 comparantur
2785 2857 2919 2907 tunc
2938 2894 2951 2921 ,
2986 2857 3045 2908 ut
3069 2851 3272 2907 bonum
3302 2868 3597 2908 commune
3626 2860 3685 2909 et
3716 2854 3963 2925 particu-

2366 2939 2513 3011 lare,
2540 2938 2634 2996 sed
2668 2947 2730 2995 ut
2758 2939 2868 2995 duo
2900 2940 3039 2996 bona
3070 2939 3413 3010 communia,
3439 2941 3641 3013 quibus
3672 2956 3767 3011 per
3790 2957 3871 3008 se,
3896 2957 3965 2998 ac

2367 3029 2680 3102 singillatim
2710 3029 2939 3100 propriis
2968 3028 3179 3102 legibus
3209 3029 3651 3102 prospiciendum
3682 3036 3786 3102 est3
3830 3046 3893 3086 ac
3918 3032 3963 3086 si

2366 3119 2471 3175 snb
2508 3119 2735 3175 diversis
2778 3117 2999 3191 regibus
3030 3126 3437 3190 permanerent,
3468 3121 3613 3177 sicut
3640 3121 3771 3176 iacit
3796 3123 3961 3177 etiam

2366 3209 2610 3266 Pontifex
2648 3225 2779 3265 cum
2807 3209 3069 3280 praecipit
3094 3207 3319 3265 diversis
3353 3208 3734 3282 religionibus,
3766 3215 3960 3281 quate-

2367 3315 2469 3355 nus
2510 3297 2797 3354 distinctae
2838 3298 3264 3354 communitates
3304 3305 3465 3369 sunt,
3506 3303 3561 3353 et
3598 3313 3960 3372 unaquaeque

2368 3388 2596 3459 propriis
2628 3387 2838 3459 legibus
2866 3386 3086 3459 indiget.
3118 3387 3345 3454 Quando
3376 3404 3501 3444 vero
3535 3391 3962 3446 communitates

2366 3483 2497 3533 sunt
2520 3483 2703 3548 partes
2725 3474 2971 3533 eiusdem
2992 3477 3165 3550 regni,
3182 3491 3279 3532 seu
3303 3475 3507 3547 politici
3530 3477 3798 3548 corporis,
3824 3485 3955 3533 tunc

2371 3565 2809 3637 uniuscuiusque
2839 3565 3009 3635 partis
3036 3565 3240 3620 bonum
3268 3574 3527 3622 censetur
3556 3567 3844 3638 privatum
3873 3582 3961 3624 re-

2366 3662 2560 3725 spectu
2604 3654 2776 3708 totius
2818 3655 3260 3727 communitatis,
3304 3653 3369 3710 ad
3398 3669 3563 3727 quam
3596 3654 3743 3727 leges
3764 3670 3872 3726 per
3900 3670 3961 3710 se

2366 3743 2539 3814 primo
2578 3742 2849 3798 seruntur.
2884 3742 3394 3799 observanda-vero
3428 3743 3539 3800 duo
3570 3749 3727 3800 sunt:
3762 3760 3957 3815 unum,

2364 3847 2431 3888 ne
2474 3839 2556 3888 tot
2596 3832 2702 3886 sint
2744 3829 3089 3902 particularia
3132 3837 3499 3903 nocumenta,
3532 3839 3594 3888 ut
3623 3833 3961 3906 praeponde-

2366 3926 2486 3976 rent
2525 3921 2758 3978 aliorum
2800 3921 3130 3992 commodis3
3174 3919 3357 3982 aliud.
3402 3927 3464 3977 ut
3503 3922 3547 3976 si
3588 3938 3729 3994 opus
3770 3921 3956 3996 suerit,

2363 4010 3083 4092 adiungatur-dispensatio,
3112 4011 3191 4066 vel
3213 4012 3495 4083 exceptio:
3528 4027 3655 4068 nam
3684 4011 3733 4068 in
3765 4013 3957 4070 huius-

2362 4099 2508 4155 modi
2540 4101 2824 4157 eventibus
2856 4100 3083 4157 maxime
3105 4100 3266 4170 lic'et,
3292 4108 3347 4156 et
3368 4101 3661 4174 aliquando
3682 4103 3839 4158 etiam
3862 4102 3958 4159 de-

2364 4190 2475 4247 beri
2506 4198 2709 4264 potest.

2440 4281 2518 4336 Ex
2556 4295 2666 4352 quo
2710 4279 2866 4336 facile
2896 4286 3143 4349 constat,
3176 4279 3308 4352 quid
3336 4279 3625 4337 dicendum
3658 4282 3729 4338 sit
3758 4281 3827 4337 de
3854 4298 3955 4336 no-

2362 4376 2619 4426 cumento
2651 4369 2889 4441 privatae
2920 4385 3214 4441 personae3
3242 4369 3371 4426 illud
3397 4369 3536 4425 enim
3568 4370 3748 4425 minus
3772 4371 3953 4426 consi-

2362 4459 2618 4530 deratur,
2658 4465 2713 4515 et
2751 4458 2871 4515 ideo
2908 4459 3193 4531 aliqnando
3224 4459 3583 4531 permittitur,
3620 4461 3760 4516 utin
3792 4476 3952 4532 prae·
4046 4527 4053 4536 Ι

2363 4551 2655 4620 scriptione
2676 4588 2690 4616 ,
2721 4564 2861 4620 quae
2902 4548 3129 4619 respicit
3150 4547 3355 4604 bonum
3386 4563 3711 4621 commune,
3742 4549 3959 4606 scilicet

2363 4653 2553 4710 pacem
2574 4679 2589 4710 ,
2629 4637 2882 4694 evitando
2920 4638 3041 4694 lites
3062 4679 3077 4710 ,
3106 4645 3214 4696 etc.
3250 4637 3555 4711 Aliquando
3583 4638 3743 4694 etiam
3776 4639 3954 4695 inten-

2359 4729 2539 4800 ditur,
2582 4736 2642 4784 ut
2678 4731 2729 4784 in
2772 4728 2982 4801 legibus
3024 4728 3306 4802 punitiviS,
3346 4743 3487 4800 quae
3526 4728 3689 4783 etiam
3718 4729 3947 4786 suntad

2360 4834 2652 4876 commune
2682 4819 2887 4874 bonum
2923 4818 3281 4874 necessariae.
3314 4819 3385 4874 Et
3410 4818 3481 4873 ita
3508 4817 3809 4889 explicatae
3838 4835 3954 4876 ma-

2362 4914 2491 4966 nent
2520 4907 2653 4964 aliae
2682 4907 2824 4964 duae
2852 4905 3191 4962 conditiones
3232 4906 3365 4979 legis
3403 4907 3610 4977 positae
3640 4906 3707 4962 ab
3743 4907 3957 4964 Isidoro

2359 5003 2415 5055 in
2442 4998 2633 5056 eodem
2662 4998 2867 5069 capite,
2894 4996 3133 5068 scilicet,
3160 5003 3223 5051 ut
3250 4997 3319 5052 sit
3349 4999 3662 5052 necessaria
3694 5003 3749 5052 et
3774 4997 3949 5069 utIlis3

2358 5106 2496 5164 quas
2522 5091 2597 5145 ita
2625 5089 2845 5160 exponit
2874 5086 2929 5143 d.
2962 5086 3195 5142 Thomas
3223 5103 3277 5158 q.
3314 5091 3407 5156 95,
3440 5093 3544 5142 art.
3578 5091 3634 5158 3,
3665 5092 3728 5142 ut
3754 5102 3949 5143 neces-

2361 5181 2489 5236 sitas
2532 5178 2799 5236 referatur
2840 5176 2907 5233 ad
2946 5177 3302 5234 remotionem
3333 5176 3490 5248 mali,
3523 5182 3584 5231 ut
3612 5174 3833 5247 quando
3861 5177 3947 5233 lex
