4325 6267
818 300 942 365 286

737 445 983 503 cundum
1026 444 1171 518 leges
1212 442 1508 513 deciditur,
1552 438 1647 497 sed
1686 440 1848 497 etiam
1884 439 2035 511 prior
2062 440 2329 498 sententia

736 537 805 593 ab
831 536 1215 594 ecclesiasticis
1248 532 1522 591 iudicibus
1552 548 1660 588 non
1686 528 1989 589 secundum
2019 529 2166 605 leges
2195 529 2324 605 lata,

735 627 887 684 nulla
926 627 1321 695 denunciatur-3
1364 622 1510 697 quod
1552 628 1737 695 aperte
1777 620 2062 692 supponit,
2103 620 2248 693 leges
2277 620 2328 676 in

734 734 799 774 eo
828 732 963 774 casu
994 715 1255 789 obligare.
1287 713 1543 770 Secundo
1583 710 1720 767 idem
1762 711 1996 783 probant
2021 710 2330 784 antiquiora

733 808 982 877 decreta,
1026 822 1165 879 quae
1205 803 1527 879 generaliter
1571 802 1917 875 loquuntur:
1966 808 2029 857 ut
2066 816 2191 872 cap.
2237 804 2327 857 De

732 896 1037 973 capitulis,
1072 884 1229 955 dist.'
1255 902 1321 954 10
1340 938 1354 967 ,
1388 894 1479 951 ubi
1508 894 1617 951 Leo
1647 908 1789 965 papa
1816 894 1909 949 lv.
1938 891 2006 949 ad
2036 892 2328 963 imperato·

731 1004 846 1045 rem
874 988 1094 1059 scribit,
1124 988 1482 1056 effecturum,
1516 990 1578 1041 ut
1612 984 2033 1040 constitutiones
2061 984 2181 1038 eius
2213 998 2328 1038 ser-

730 1084 962 1149 ventur,
993 1083 1286 1150 quantum
1324 1075 1659 1146 valuimus,
1692 1074 1873 1146 inquit
1897 1115 1911 1144 ,
1941 1077 1997 1129 et
2034 1070 2322 1129 valemus.

730 1170 801 1225 Et
826 1165 1083 1223 Nicolaus
1111 1182 1251 1239 papa
1290 1181 1413 1239 cap.
1454 1170 1501 1224 1.
1533 1165 1777 1223 eiusdem
1802 1163 1931 1220 dist.
1959 1161 2136 1218 solum
2166 1160 2320 1218 dixit:

730 1262 881 1329 Leqe
904 1258 1341 1331 imperatorum
1384 1272 1502 1312 non
1532 1259 1596 1311 in
1623 1253 1889 1311 omnibus
1919 1251 2326 1309 ecclesiasticis

732 1350 1143 1403 controversiis
1179 1345 1467 1404 utendum
1492 1350 1597 1404 est.
1630 1344 1729 1402 Ubi
1754 1360 1860 1399 non
1890 1343 2051 1413 dixit,
2083 1343 2135 1398 in
2163 1342 2325 1399 nullis

730 1453 849 1495 esse
892 1436 1192 1509 utendum,
1238 1438 1332 1494 sed
1376 1454 1497 1493 non
1535 1439 1603 1493 in
1639 1434 1923 1492 omnibus.
1956 1432 2111 1502 Quod
2141 1436 2196 1489 in
2221 1434 2326 1490 fine

731 1528 1033 1592 declarans,
1065 1529 1167 1583 ait:
1202 1532 1338 1584 Non
1373 1524 1526 1600 quod
1550 1528 1979 1601 imperatorum
2000 1522 2172 1595 leqes,
2203 1526 2326 1595 qui·

730 1618 836 1675 bus
864 1633 1039 1691 saepe
1070 1614 1343 1675 Ecclesia
1378 1618 1563 1673 utitur
1588 1659 1601 1681 ,
1649 1612 1924 1671 dicamus
1960 1613 2196 1686 penitus
2235 1628 2324 1669 re-

730 1706 1031 1775 nuendas,
1068 1705 1172 1763 sed
1211 1706 1365 1781 quod
1406 1710 1489 1763 eis
1516 1702 1867 1777 evanyelicis
1890 1748 1903 1768 ,
1951 1700 2311 1777 apostolicis,

729 1804 903 1873 atque
951 1800 1253 1855 canonicis
1298 1796 1545 1854 decretis
1579 1839 1593 1861 ‚
1652 1792 1861 1868 quibus
1911 1789 2322 1867 postponenda

720 1895 884 1956 sunt,
921 1888 1161 1947 nullum
1200 1903 1376 1962 posse
1420 1884 1643 1958 inferre
1680 1882 2122 1959 praeiudicium
2165 1897 2324 1939 asse·

737 1996 965 2037 ramus.
1004 1981 1076 2036 Et
1112 1980 1167 2034 in
1207 1980 1382 2049 capite
1420 1979 1721 2051 Quoniam
1760 1977 1838 2032 ait
1874 1974 2120 2033 Gelasius
2160 1988 2322 2045 papa,

737 2070 1026 2127 Pontifices
1058 2068 1136 2125 uti
1165 2068 1373 2141 legibus
1403 2068 1790 2139 imperatorum
1820 2063 2196 2121 tantummodo
2226 2078 2323 2134 pro

736 2175 911 2217 cursu
954 2158 1333 2230 temporalium
1375 2172 1591 2226 rerum,
1623 2156 1812 2228 utique
1851 2154 1940 2212 ubi
1968 2169 2206 2211 canones
2235 2168 2327 2209 ec-

734 2249 1021 2308 clesiastici
1050 2250 1269 2306 desunt.
1302 2251 1489 2321 Neque
1517 2246 1725 2318 obstat,
1758 2246 1909 2320 quod
1938 2245 2070 2301 haec
2101 2243 2326 2301 decreta

734 2340 801 2397 de
832 2340 1044 2414 legibus
1073 2340 1464 2412 imperatorum
1484 2380 1499 2409 ,
1532 2353 1631 2394 seu
1658 2337 1962 2394 communis
1992 2335 2122 2392 iuris
2150 2335 2324 2392 civilis

734 2429 885 2503 loqui
916 2428 1221 2486 videantur.
1250 2430 1386 2486 Tum
1415 2429 1547 2502 quia
1590 2427 1865 2485 interdum
1891 2426 2216 2499 generaliter
2246 2424 2324 2480 lo-

732 2526 981 2593 quuntur
1008 2518 1075 2575 de
1103 2518 1587 2576 constitutionibus
1630 2534 1727 2573 seu
1760 2516 1970 2589 legibus
1990 2516 2320 2588 principum,

734 2617 799 2669 ut
823 2612 875 2666 in
906 2627 958 2666 c.
996 2610 1451 2666 Constitutiones
1473 2651 1487 2679 ,
1518 2616 1575 2665 et
1603 2622 1655 2664 c.
1697 2610 1843 2684 Quis
1872 2600 2102 2672 autem,
2138 2606 2194 2662 d.
2233 2609 2322 2676 10,

732 2707 789 2758 et
816 2698 996 2774 quoad
1033 2698 1139 2755 hoc
1185 2694 1343 2774 reges
1383 2698 1802 2771 imperatoribus
1841 2702 2230 2768 comparantur
2268 2695 2321 2751 in

730 2792 862 2849 dict.
906 2807 957 2846 c.
990 2794 1125 2847 Duo
1154 2794 1310 2847 sunt.
1343 2789 1495 2847 Unde
1526 2789 1668 2861 leges
1712 2787 2045 2845 universales
2085 2786 2323 2851 alieuius

730 2881 885 2955 regni
930 2888 1188 2953 tanquam
1231 2882 1317 2936 ius
1362 2894 1657 2936 commune
1699 2878 1767 2935 ibi
1808 2884 2151 2950 reputantur.
2183 2877 2324 2933 Tum

730 2971 897 3028 etiam
926 2970 1055 3043 quia
1080 2969 1341 3026 naturalis
1374 2970 1511 3027 ratio
1540 2977 1597 3026 et
1624 2968 1892 3043 aequitas,
1924 2969 1992 3025 ob
2020 2983 2186 3041 quam
2213 2968 2320 3023 Ec-

729 3060 896 3118 clesia
934 3060 1082 3131 vult,
1126 3060 1223 3116 has
1266 3060 1413 3133 leges
1442 3076 1473 3115 a
1510 3058 1725 3117 clericis
1766 3058 2013 3129 servari,
2052 3055 2240 3114 eadem
2271 3056 2322 3113 in

732 3151 940 3224 legibus
972 3166 1267 3225 regnorum
1294 3151 1515 3207 easdem
1539 3151 1878 3207 conditiones
1899 3146 2220 3205 habentibus
2245 3147 2324 3204 lo·

729 3258 861 3299 cum
888 3241 1066 3299 habet.
1098 3243 1235 3298 Tum
1257 3247 1540 3312 praeterea
1576 3240 1703 3314 quia
1744 3239 1933 3296 eadem
1973 3237 2320 3296 consuetudo

731 3333 783 3390 in
832 3332 913 3388 his
964 3330 1176 3404 legibus
1226 3332 1497 3402 reperitur
1524 3372 1538 3400 ‚
1590 3329 1890 3386 videntibus
1930 3329 2319 3385 ecclesiasticis

729 3422 1004 3496 praelatis.
1036 3424 1111 3478 De
1139 3437 1250 3494 qua
1275 3421 1529 3478 doctores
1573 3420 1821 3493 allegati,
1864 3419 1958 3491 qui
1998 3418 2051 3474 in
2093 3416 2320 3474 diversis

730 3516 913 3588 regnis
945 3513 1311 3584 scripserant,
1355 3511 1735 3569 testificantur:
1768 3517 1853 3566 est
1878 3524 2011 3583 ergo
2041 3506 2322 3564 sufficiens

733 3608 945 3677 signum
968 3602 1375 3675 approbationis
1410 3601 1599 3658 talium
1625 3600 1807 3673 legum
1830 3641 1845 3671 ,
1876 3600 2067 3655 saltem
2097 3600 2313 3654 tacitae.

732 3696 819 3752 Sic
857 3710 989 3765 ergo
1032 3691 1192 3749 facile
1232 3690 1581 3763 intelligitur,
1625 3690 1770 3764 leges
1811 3688 1997 3745 civiles
2040 3702 2318 3759 nunquam

731 3785 971 3858 obligare
998 3782 1231 3839 clericos
1260 3782 1476 3838 virtute
1505 3796 1635 3850 sua,
1667 3779 1763 3837 sed
1790 3776 2005 3851 quoties
2030 3776 2219 3836 clerici
2250 3774 2318 3831 ad

727 3892 822 3932 eas
851 3872 1216 3931 observandas
1255 3877 1530 3942 tenentur,
1556 3870 1759 3926 virtute
1780 3882 2054 3925 canonum
2076 3874 2132 3923 et
2150 3868 2318 3923 ratio·

729 3967 811 4021 nis
838 3962 1105 4021 naturalis
1134 3961 1381 4033 obligari.
1417 3964 1590 4033 Atque
1617 3960 1692 4016 ita
1718 3957 1875 4014 facile
1904 3956 2194 4014 solvuntur
2223 3954 2317 4011 ob·

728 4057 1021 4125 iectiones,
1052 4060 1107 4110 et
1135 4051 1493 4109 conciliantur
1521 4051 1721 4107 omnia.
1752 4050 1887 4105 Nam
1926 4046 2071 4121 quod
2114 4046 2180 4103 ad
2209 4047 2316 4117 pri-

730 4160 871 4202 mam
902 4144 1164 4200 rationem
1195 4142 1417 4209 attinet,
1448 4139 1779 4198 admittimus
1810 4138 2029 4212 quidem
2054 4136 2202 4221 illam
2223 4134 2316 4191 de-

728 4234 961 4294 centiam
990 4240 1046 4290 et
1078 4232 1504 4289 convenientiam
1536 4231 1588 4287 in
1616 4230 1992 4287 observatione
2021 4227 2210 4284 talium
2239 4227 2312 4283 le-

726 4341 857 4399 gum
887 4331 1149 4396 tanquam
1176 4320 1591 4379 fundamentum
1628 4320 1967 4393 obligationis
1992 4360 2007 4392 ,
2048 4334 2190 4391 quae
2217 4334 2316 4390 per

728 4430 1061 4472 consensum
1093 4419 1148 4470 et
1176 4412 1619 4485 approbationem
1660 4425 1935 4467 canonum
1960 4424 2315 4466 consumma-

730 4513 853 4577 tur,
896 4511 953 4561 et
994 4505 1064 4562 ita
1103 4503 1260 4560 facile
1303 4503 1494 4560 satisfit
1522 4501 1917 4559 obiectionibus
1945 4506 2140 4558 contra
2171 4499 2316 4557 illam

727 4596 1011 4654 rationem.
1044 4594 1116 4651 Et
1142 4608 1211 4650 ex
1236 4592 1425 4651 eodem
1457 4592 1720 4665 principio
1743 4590 2107 4664 respondetur
2132 4590 2200 4647 ad
2223 4606 2312 4660 ea,

726 4700 867 4760 quae
906 4686 960 4740 in
1013 4682 1257 4741 secunda
1308 4684 1513 4740 ratione
1553 4681 1985 4741 adducebantur.
2038 4682 2314 4755 Negamus

726 4777 891 4845 enim,
920 4774 1018 4843 has
1047 4773 1195 4847 leges
1224 4771 1627 4847 obligare‚quia
1654 4772 1887 4844 exempti
1915 4788 2021 4829 non
2044 4774 2153 4829 sint
2181 4788 2214 4829 a
2235 4772 2315 4827 iu·

725 4864 1037 4923 risdictione
1064 4864 1208 4921 civili
1245 4864 1426 4937 quoad
1458 4863 1597 4920 hanc
1640 4870 1877 4936 partem,
1922 4864 2018 4920 sed
2056 4865 2187 4936 quia
2231 4863 2314 4921 ius

726 4956 1053 5013 canonicum
1083 4954 1216 5011 tales
1246 4954 1391 5029 leges
1421 4954 1705 5026 approbat,
1734 4959 1791 5009 et
1816 4952 1910 5010 dat
1928 4953 2031 5010 illis
2059 4969 2179 5010 eam
2205 4955 2314 5010 vim

726 5044 1029 5120 obligandi,
1072 5061 1214 5119 quae
1254 5045 1595 5101 convenienti
1635 5044 2017 5117 gubernationi
2053 5044 2313 5116 politicae

726 5135 985 5193 sufficiat.
1276 5180 1291 5195 .

809 5230 895 5287 14.
928 5226 1181 5285 Secundo
1208 5225 1331 5284 loco
1358 5224 1648 5283 dicendum
1674 5230 1761 5283 est
1788 5224 1853 5283 de
1884 5225 1932 5283 vi
1960 5226 2211 5285 coactiva
2235 5232 2313 5286 ta-

2193 313 2397 364 mmm
2439 315 2545 363 111.

2403 440 2540 497 lium
2569 437 2772 513 legum.
2803 440 2862 497 ln
2891 454 3004 514 quo
3032 456 3158 499 vera
3185 446 3240 499 et
3265 448 3416 500 certa
3447 443 3708 502 resolutio
3740 452 3825 505 est
3843 484 3859 517 ,
3885 444 3992 503 bas

2398 530 2544 603 leges
2583 545 2691 586 non
2734 530 3195 603 comprehendere
3235 532 3468 590 clericos
3509 534 3689 607 quoad
3733 535 3840 593 vim
3879 553 3988 593 co-

2398 620 2556 693 gendi
2597 618 2746 688 illos,
2791 636 2893 677 nec
2934 621 3117 693 quoad
3154 622 3258 679 hoc
3282 638 3378 695 per
3407 639 3640 681 canones
3671 626 3988 698 approbari,

2398 709 2525 769 licet
2566 716 3002 785 transgressores
3029 728 3222 769 earum
3261 730 3294 771 a
3333 716 3450 770 suis
3479 715 3766 788 praelatis,
3805 724 3862 774 et
3886 735 3993 775 eo·

2397 816 2523 878 rum
2563 800 2784 857 arbitrio
2827 802 3002 874 puniri
3043 803 3283 876 possint,
3325 812 3549 876 propter
3591 804 3716 863 talia
3755 805 3986 865 delicta.

2397 892 2548 947 Prior
2589 906 2714 963 pars
2756 890 2865 949 duo
2895 892 3155 949 includit:
3191 910 3361 950 unum
3389 901 3477 953 est
3501 904 3754 953 auctores
3787 898 3986 955 talium

2397 976 2592 1054 legum'
2621 996 2724 1037 non
2759 998 2926 1053 posse
2965 998 3164 1056 cogere
3191 984 3426 1042 clericos
3457 984 3521 1042 ad
3549 986 3767 1043 illarum
3793 988 3994 1045 obser-

2353 1092 2360 1105 ι
2395 1070 2700 1143 rationem,
2736 1070 2882 1129 aliud
2909 1078 3026 1146 est,
3057 1090 3165 1130 non
3195 1090 3357 1145 posse
3389 1075 3582 1147 punire
3611 1084 3988 1149 transgresso-

2394 1176 2502 1217 res:
2527 1167 2585 1218 et
2607 1178 2776 1219 unum
2803 1163 3052 1235 sequitur
3078 1164 3359 1221 manifeste
3380 1180 3446 1223 ex
3467 1166 3591 1238 alio,
3614 1167 3743 1239 quia
3765 1176 3992 1227 utrum·

2399 1266 2506 1323 que
2553 1249 2814 1308 fundatur
2861 1251 2912 1307 in
2963 1259 3230 1324 potestate
3272 1254 3666 1313 iurisdictionis
3705 1260 3982 1332 coactiva,

2395 1354 2560 1411 quarn
2602 1356 2710 1396 non
2752 1340 2950 1397 habent
2975 1342 3250 1415 principes
3285 1344 3368 1401 vel
3407 1345 3614 1402 iudices
3643 1346 3764 1405 laici
3799 1349 3852 1405 in
3885 1366 3990 1406 ec-

2393 1425 3038 1501 clesiasticaspersonas.
3077 1433 3233 1501 Quod
3271 1441 3357 1492 est
3394 1436 3764 1494 certissimum
3793 1480 3808 1510 ,
3848 1442 3992 1512 quia

2393 1534 2654 1591 personae
2675 1520 3080 1578 ecclesiasticae
3102 1522 3340 1595 gaudent
3361 1525 3696 1583 immunitate
3717 1526 3842 1599 fori,
3867 1544 3990 1585 ma-

2393 1609 2534 1666 xime
2575 1610 2628 1665 in
2666 1611 3078 1685 criminalibus,
3110 1629 3275 1685 quam
3305 1614 3698 1671 immunitatem
3727 1615 3815 1673 hic
3843 1634 3986 1691 sup-

2395 1698 2642 1769 ponimus
2682 1715 2747 1756 ex
2788 1700 2893 1757 alio
2933 1708 3206 1777 tractatu,
3237 1711 3294 1761 et
3329 1710 3418 1771 est
3443 1720 3539 1775 per
3565 1722 3624 1761 se
3655 1714 3785 1763 nota
3810 1708 3866 1763 in
3892 1724 3991 1765 sa-

2393 1791 2504 1845 cris
2529 1791 2832 1847 canonibus
2851 1832 2866 1863 ,
2899 1798 3062 1865 atque
3089 1796 3248 1851 etiam
3279 1793 3332 1850 in
3359 1793 3475 1852 iure
3501 1796 3894 1867 imperatorum
3919 1806 3989 1855 et

2397 1896 2591 1953 regum
2619 1881 3061 1940 christianorum.
3087 1885 3139 1941 Si
3161 1891 3345 1942 autem
3367 1884 3570 1942 ratione
3592 1886 3755 1943 huius
3775 1889 3984 1945 immu-

2395 1972 2576 2029 nitatis
2603 1973 2832 2030 iudicari
2874 1990 2982 2031 non
3024 1982 3258 2047 possunt
3296 1974 3482 2033 clerici
3509 1990 3539 2032 a
3569 1979 3982 2050 magistratibus

2396 2060 2546 2119 laicis
2575 2070 2798 2135 propter
2827 2064 3024 2122 delicta
3061 2071 3253 2123 contra
3295 2066 3469 2140 legem
3511 2068 3814 2125 naturalem
3839 2110 3855 2140 ,
3897 2071 3980 2126 ita

2395 2167 2570 2224 neque
2599 2160 2822 2226 propter
2849 2153 3047 2211 delicta
3074 2162 3268 2212 contra
3297 2156 3441 2228 leges
3479 2156 3744 2214 humanas
3763 2200 3779 2231 ,
3809 2174 3985 2232 quae-

2394 2257 2636 2316 cumque
2663 2243 2784 2301 illae
2811 2244 2944 2317 sint,
2976 2249 3104 2319 quia
3142 2245 3480 2320 privilegium
3521 2247 3623 2304 sori
3661 2247 3988 2306 absolutum

2393 2339 2509 2404 est,
2537 2338 2592 2389 et
2619 2334 2739 2390 iura
2763 2333 3087 2407 generaliter
3117 2333 3451 2409 loquuntur,
3481 2342 3540 2393 et
3565 2344 3651 2393 est
3670 2337 3861 2395 eadem
3886 2354 3981 2394 ra·

2395 2423 2501 2496 tio,
2530 2430 2588 2481 et
2623 2423 2874 2481 decentia
2915 2432 3093 2482 status
3135 2424 3406 2483 clericalis
3439 2426 3494 2483 in
3524 2428 3794 2485 omnibus.
3825 2429 3897 2485 Et
3925 2430 3983 2485 in

2395 2512 2498 2569 hoc
2527 2515 2771 2571 cernitur
2797 2514 2944 2572 clara
2986 2514 3289 2573 differentia
3327 2518 3466 2574 inter
3507 2518 3616 2573 vim
3651 2517 3982 2577 directivam

2395 2611 2452 2661 et
2481 2606 2785 2661 coactivam
2815 2605 2972 2680 legis;
3003 2622 3128 2663 nam
3158 2607 3210 2662 in
3241 2608 3408 2679 priori
3434 2606 3583 2664 nulla
3607 2614 3692 2665 est
3719 2606 3980 2667 indecen-

2393 2694 2501 2766 tia,
2532 2696 2586 2750 in
2615 2695 2897 2767 posteriori
2927 2702 3112 2753 autem
3138 2703 3284 2753 esset
3309 2699 3563 2754 maxima.

2479 2789 2563 2842 15.
2596 2786 2713 2842 Alia
2740 2784 3037 2843 differentia
3077 2802 3198 2843 esse
3238 2793 3454 2860 potest,
3499 2788 3627 2861 quia
3665 2787 3752 2845 lex
3789 2790 3979 2863 quoad

2395 2874 2500 2931 vim
2527 2873 2844 2931 directivam
2875 2876 3049 2933 fertur
3077 2878 3129 2931 in
3160 2878 3329 2946 cives,
3362 2885 3423 2933 ut
3450 2877 3585 2935 tales
3611 2886 3775 2952 sunt,
3805 2885 3862 2936 et
3883 2896 3986 2952 per

2393 2980 2452 3022 se
2479 2972 2566 3022 est
2592 2966 2896 3023 necessaria
2919 2966 2985 3023 ad
3008 2983 3299 3024 commune
3317 2968 3542 3042 bonum,
3567 2975 3623 3027 et
3639 2968 3764 3026 ideo
3786 2972 3974 3043 quoad

2391 3056 2539 3112 hunc
2569 3056 2823 3114 effectum
2846 3058 3031 3114 statim
3052 3066 3370 3132 acceptatur
3391 3074 3488 3132 per
3509 3060 3594 3116 ius
3613 3062 3970 3133 canonicum

2392 3146 2604 3202 coactio
2655 3152 2838 3204 autem
2885 3147 2944 3203 fit
2991 3148 3198 3205 civibus
3231 3188 3246 3219 ,
3292 3156 3353 3206 ut
3399 3148 3770 3223 delinquentes
3815 3160 3969 3224 sunt,

2390 3233 2620 3307 ideoque
2647 3252 2754 3293 non
2786 3243 2869 3294 est
2896 3252 2994 3309 per
3035 3254 3094 3293 se
3123 3240 3194 3295 ita
3221 3241 3560 3307 necessaria,
3591 3256 3692 3298 nec
3724 3250 3982 3315 accepta-

2391 3331 2484 3382 tur
2522 3342 2622 3399 per
2660 3343 2900 3387 canones
2926 3328 3105 3401 quoad
3135 3329 3401 3400 clericos,
3433 3345 3609 3403 neque
3637 3330 3691 3387 id
3717 3331 3967 3407 decebat,

2391 3416 2488 3473 sed
2529 3418 2699 3475 multo
2743 3419 2946 3493 magis,
2991 3427 3054 3476 ut
3091 3436 3320 3478 suorum
3355 3426 3572 3490 tantum
3600 3422 3970 3494 praelatorum

2389 3509 2660 3565 coactioni
2701 3509 3028 3567 subdantur.
3072 3511 3206 3568 ltem
3247 3514 3459 3569 coactio
3498 3527 3610 3568 non
3649 3514 3708 3569 tit
3734 3512 3788 3569 in
3815 3530 3971 3570 com-

2391 3600 2574 3672 muni,
2607 3600 2754 3659 sicut
2781 3601 2839 3657 tit
2863 3599 3144 3673 dispositio
3173 3603 3306 3676 legis
3323 3644 3338 3675 ,
3365 3601 3459 3659 sed
3488 3604 3547 3660 fit
3572 3603 3622 3659 iu
3647 3604 3970 3676 particulari

2389 3690 2542 3747 circa
2571 3706 2853 3764 personas,
2884 3701 2941 3749 et
2967 3690 3085 3749 ideo
3113 3709 3220 3749 non
3247 3700 3430 3767 potest
3457 3693 3567 3750 ullo
3595 3694 3759 3751 modo
3785 3694 3903 3751 fieri
3930 3713 3963 3753 a

2389 3788 2659 3853 potestate
2701 3780 2840 3839 laica
2876 3782 3026 3839 circa
3067 3783 3256 3840 clerici
3283 3780 3566 3855 personam
3586 3823 3602 3856 ,
3631 3800 3735 3841 nec
3765 3800 3860 3857 per
3890 3785 3969 3843 le-

2389 3886 2514 3944 gem
2541 3872 2918 3944 disponentem
2946 3871 3012 3929 de
3039 3872 3132 3929 illa
3159 3874 3210 3929 in
3238 3873 3556 3946 particulari
3587 3874 3816 3946 obligari
3844 3890 3974 3947 pos·

2387 3969 2508 4035 set,
2538 3969 2601 4019 ut
2627 3962 2838 4019 dictum
2867 3969 2980 4037 est3
3012 3978 3144 4037 ergo
3185 3964 3355 4021 multo
3395 3964 3577 4037 minus
3617 3976 3715 4035 per
3755 3972 3974 4023 senten-

2387 4053 2539 4111 tiam.
2575 4055 2833 4110 Poterant
2862 4070 2988 4110 vero
3027 4052 3110 4110 hic
3151 4054 3354 4110 moveri
3382 4053 3734 4111 difficultates
3760 4052 3828 4109 de
3857 4053 3975 4110 cle·

2385 4142 2510 4198 ricis
2541 4141 2973 4215 delinquentibus
3002 4150 3196 4200 contra
3215 4142 3362 4216 leges
3383 4142 3729 4217 prohibentes
3753 4143 3967 4201 deferre

2387 4248 2538 4289 arma
2567 4232 2657 4289 tali
2688 4240 2964 4305 tempore,
2995 4239 3090 4290 aut
3127 4233 3249 4290 loco
3271 4274 3286 4305 ,
3315 4239 3417 4289 aut
3457 4232 3578 4289 talis
3617 4232 3868 4305 generis,
3899 4250 3970 4289 an

2388 4324 2604 4395 possint
2641 4322 2822 4379 clerici
2860 4321 2965 4380 illis
3007 4323 3205 4395 privari
3244 4338 3340 4394 per
3387 4329 3712 4394 potestatem
3751 4321 3965 4380 laicam.

2385 4414 2518 4469 Item
2561 4430 2628 4470 an
2671 4412 2932 4471 custodes
2973 4414 3238 4471 montium
3276 4413 3488 4485 possint
3525 4412 3594 4469 ab
3632 4413 3710 4469 eis
3737 4429 3970 4485 poenam

2385 4504 2626 4576 exigere.
2659 4502 2761 4560 Sed
2802 4502 2936 4559 haec
2979 4504 3191 4560 remitto
3221 4504 3271 4559 in
3299 4509 3596 4561 tractatum
3623 4502 3690 4559 de
3717 4504 3971 4561 immuni-

2387 4599 2519 4665 tate,
2551 4600 2609 4650 et
2637 4592 2957 4665 simpliciter
2985 4594 3290 4666 respondeo
3317 4596 3565 4667 negative
3589 4593 3784 4650 stando
3813 4611 3972 4665 prae-

2391 4684 2505 4739 cise
2532 4684 2582 4739 in
2614 4684 2823 4740 ratione
2864 4699 3086 4755 poenae.
3119 4688 3199 4741 An
3228 4700 3361 4741 vero
3390 4684 3494 4741 sub
3523 4683 3638 4741 aliis
3663 4686 3972 4742 rationibus

2382 4774 2555 4845 possit
2575 4772 2694 4829 talis
2717 4775 2860 4831 actio
2881 4774 3011 4831 satis
3033 4782 3301 4833 consueta
3315 4774 3622 4847 iustificari,
3639 4774 3835 4833 ibidem
3859 4783 3972 4835 tra-

2384 4871 2598 4922 ctatum
2627 4869 2733 4921 est.

2470 4957 2554 5013 16.
2587 4958 2766 5029 Atque
2808 4954 2932 5011 hinc
2975 4954 3149 5012 obiter
3189 4952 3470 5028 colligitur
3495 4995 3510 5024 ,
3549 4953 3700 5027 quod
3726 4952 3858 5012 licet
3884 4956 3972 5013 lex

2381 5046 2559 5103 civilis
2590 5045 2835 5121 obligans
2861 5044 3094 5103 clericos
3131 5044 3314 5117 quoad
3343 5046 3453 5102 vim
3485 5043 3806 5102 directivam
3831 5087 3850 5118 ,
3893 5047 3976 5103 in·

2383 5138 2602 5194 tei-dum
2629 5137 2798 5194 addat
2823 5152 3054 5208 poenam
3095 5134 3218 5208 ipso.
3249 5137 3366 5192 iure
3407 5134 3840 5208 incurrendam,
3885 5136 3972 5191 ni-

2383 5228 2672 5288 hilominus
2699 5227 2940 5285 clericus
2967 5233 3338 5303 transgressor
3373 5225 3510 5305 legis
3529 5266 3547 5297 ,
3589 5226 3720 5285 licet
3745 5234 3976 5303 peccet,
