4325 6267
1754 378 1967 431 CAPUT
1995 379 2197 430 xvm.

870 502 1149 575 CAPUT
1177 502 1416 573 XVIII.

535 718 632 769 An
659 712 917 770 viatores
947 724 1147 767 omnes
1175 707 1290 781 leqi
1320 708 1566 766 subiecti
1591 710 1713 767 sint
1727 752 1744 775 ,

868 804 926 857 et
947 798 1066 857 illa
1090 798 1442 872 obligentur.

914 989 1370 1057 summarium

342 1196 392 1247 1.
417 1194 474 1245 ln
498 1206 630 1259 quos
651 1192 792 1245 cadit
826 1192 1073 1256 obligatio
1107 1190 1404 1257 legis.—-2.
1431 1189 1688 1241 Haeretici
1713 1189 1940 1240 eximunt

408 1277 585 1315 omnes
609 1266 774 1315 iustos
797 1275 826 1313 a
853 1264 986 1327 lege.
999 1290 1061 1299 —
1077 1262 1130 1312 3.
1152 1260 1302 1313 Fides
1323 1261 1492 1321 docet,
1521 1272 1694 1310 omnes
1711 1258 1942 1311 homines

409 1335 636 1385 viatores
659 1345 772 1385 esse
795 1332 912 1382 fidei
937 1331 1362 1384 subiectos—4.
1389 1330 1507 1381 Mali
1532 1328 1801 1382 christiani
1827 1331 1940 1393 lege

406 1404 707 1468 evangelica
730 1403 1046 1466 obligamur.

417 1579 469 1634 1.
500 1574 778 1643 Diximus,
816 1572 1160 1646 potissimum
1199 1572 1455 1631 effectum
1479 1571 1616 1647 legis
1642 1573 1694 1629 in
1725 1570 1934 1643 obliga-

337 1666 480 1723 tione
513 1664 750 1737 positum
779 1679 928 1735 esse,
959 1678 1258 1736 omnesque
1289 1662 1424 1721 alios
1444 1664 1496 1719 in
1524 1663 1630 1721 hoc
1656 1678 1764 1719 uno
1793 1661 1936 1719 radi-

337 1754 480 1810 cari:
513 1752 769 1827 obligatio
797 1758 982 1809 autem
1016 1751 1375 1809 essentialiter
1416 1752 1638 1823 respicit
1672 1751 1933 1825 aliquem,

337 1842 427 1899 cui
453 1842 800 1914 imponatur,
821 1847 879 1898 et
903 1839 1023 1897 ideo
1064 1841 1133 1898 ad
1172 1840 1474 1912 perfectam
1502 1840 1668 1898 huius
1697 1840 1930 1897 effectus

337 1933 766 1991 declarationem
793 1946 1018 1988 necesse
1059 1937 1144 1988 est
1181 1946 1481 2003 exponere,
1524 1932 1576 1987 in
1605 1946 1747 2004 quos
1775 1929 1937 1987 cadat

337 2024 470 2080 haec
527 2022 778 2095 obligatio
820 2021 956 2094 legis
983 2060 1000 2093 ,
1052 2019 1166 2077 vel.
1185 2022 1281 2093 qui
1327 2022 1437 2078 sint
1484 2036 1714 2093 capaces
1763 2019 1928 2077 illius.

265 2152 270 2156 -
335 2111 593 2181 Quamvis
619 2112 762 2167 enim
801 2125 970 2181 supra
1009 2116 1296 2167 ostensum
1323 2111 1426 2182 sit,
1461 2110 1636 2184 legem
1665 2108 1730 2167 ad
1758 2109 1935 2166 homi-

336 2219 463 2274 nes,
505 2209 564 2260 et
603 2201 657 2259 in
697 2200 976 2258 communi
1026 2216 1126 2257 seu
1167 2215 1267 2271 pro
1309 2200 1494 2272 aliqua
1539 2201 1934 2257 communitate

337 2282 463 2349 fei-ri
477 2312 494 2364 3
524 2307 640 2347 non
667 2297 848 2348 tamen
870 2289 1214 2347 declaratum
1235 2295 1349 2361 est,
1381 2306 1449 2345 an
1471 2305 1664 2347 omnes
1688 2290 1932 2346 homines

336 2387 443 2440 sint
468 2398 707 2455 capaces
735 2380 898 2438 huius
925 2380 1270 2452 obligationis
1289 2420 1304 2451 ,
1338 2380 1421 2435 vel
1450 2380 1614 2452 aliqui
1637 2381 1746 2435 sint
1773 2381 1929 2452 quasi

333 2471 589 2545 exempti.
623 2471 793 2539 Quam
821 2470 1196 2542 quaestionem
1225 2468 1292 2527 de
1317 2470 1436 2543 lege
1460 2470 1698 2527 humana
1723 2472 1778 2526 in
1809 2485 1934 2542 par-

333 2563 548 2619 ticulari
577 2562 840 2618 tractavit
859 2559 914 2617 d.
939 2558 1172 2616 Thomas
1203 2562 1251 2617 1.
1277 2564 1310 2617 2
1332 2600 1347 2631 ,
1369 2575 1424 2631 q.
1453 2562 1524 2618 96
1547 2602 1562 2631 ,
1587 2565 1692 2616 art.
1722 2566 1778 2625 5,
1801 2561 1932 2633 quia

333 2653 568 2709 fortasse
591 2650 662 2709 de
688 2650 804 2724 lege
830 2650 883 2706 in
912 2650 1192 2706 communi
1217 2665 1328 2706 non
1358 2649 1575 2721 putavit
1593 2663 1713 2707 esse
1742 2664 1933 2705 neces-

334 2742 531 2798 sariam
549 2783 565 2812 ,
597 2756 664 2797 eo
693 2738 844 2813 quod
870 2736 1344 2795 evidentissimum
1367 2739 1463 2809 sit,
1496 2752 1684 2795 omnes
1715 2738 1932 2795 omnino

335 2830 586 2887 homines
613 2830 856 2885 viatores
896 2826 1118 2884 adultos
1162 2825 1270 2901 (de
1309 2826 1391 2883 his
1431 2827 1575 2883 enim
1615 2824 1930 2901 loquimur)

333 2936 448 2977 esse
465 2919 752 2977 subiectos
775 2916 940 2975 alicui
962 2916 1083 2989 legi.
1101 2915 1462 2973 Nihilominus
1488 2915 1744 2973 haeretici
1764 2916 1930 2974 huius

335 3010 596 3081 temporis
625 3012 832 3079 cogunt
860 3022 962 3061 nos
980 3045 995 3076 ,
1025 3012 1089 3062 ut
1114 3006 1491 3077 quaestionem
1513 3004 1650 3061 hanc
1676 3004 1932 3062 hocloco

334 3100 388 3155 in
427 3096 672 3171 generali
713 3102 1052 3175 tractemus,
1083 3094 1134 3149 in
1164 3110 1276 3166 qua
1301 3110 1409 3151 non
1437 3095 1800 3167 inquirimus,
1833 3095 1932 3168 qui

330 3187 576 3244 homines
624 3185 938 3258 obligentur
978 3183 1191 3256 legibus
1232 3182 1512 3255 positivis,
1557 3182 1746 3239 divinis
1774 3224 1790 3253 ,
1834 3190 1933 3241 aut

329 3276 586 3333 humanis
603 3316 618 3344 ,
650 3274 760 3330 imo
787 3288 890 3330 nec
918 3273 1013 3345 qui
1041 3272 1347 3345 obligentur
1374 3271 1492 3345 lege
1515 3273 1768 3344 naturali,
1795 3271 1930 3329 haec

330 3368 474 3423 enim
513 3374 708 3439 postea
747 3364 798 3418 in
840 3362 1153 3435 particulari
1193 3361 1530 3419 videbimus:
1573 3362 1718 3419 unde
1754 3361 1932 3419 multo

331 3458 512 3513 minus
539 3456 900 3527 inquirimus,
931 3468 998 3509 an
1029 3468 1218 3509 omnes
1248 3452 1495 3509 homines
1517 3452 1770 3510 omnihus
1799 3451 1934 3525 legi-

329 3547 432 3605 bus
457 3546 806 3619 obligentur,
839 3558 968 3599 nam
1007 3542 1222 3599 clarum
1263 3548 1376 3617 est,
1410 3558 1518 3599 non
1561 3542 1790 3616 obligari
1821 3544 1932 3598 sin-

327 3637 484 3709 gulos
511 3634 770 3693 omnibus
795 3640 853 3689 et
875 3630 1111 3704 singulis
1133 3631 1377 3704 legibus:
1409 3632 1462 3687 id
1486 3632 1630 3687 enim
1649 3630 1832 3704 quoad
1853 3632 1932 3688 le-

326 3742 419 3799 ges
447 3726 716 3799 positivas
743 3738 848 3780 nec
881 3716 1256 3779 necessarium
1280 3727 1397 3793 est,
1428 3738 1532 3778 nec
1558 3720 1844 3793 possibile,
1871 3727 1933 3778 ut

325 3832 420 3887 per
449 3831 510 3872 se
537 3819 630 3871 est
657 3817 886 3885 notum3
919 3809 1099 3867 solum
1135 3825 1269 3882 ergo
1312 3811 1669 3883 inquirimus,
1703 3826 1770 3866 an
1797 3809 1932 3867 ohli-

325 3906 468 3977 gatio
497 3904 638 3977 legis
660 3944 676 3974 ,
705 3910 770 3959 ut
800 3903 916 3972 sic,
942 3914 1040 3956 seu
1073 3898 1308 3955 alicuius
1339 3899 1504 3973 legis,
1529 3901 1804 3957 abstracte
1831 3914 1930 3956 seu

323 3994 640 4051 disiunctim
681 3995 964 4062 sumptae,
1015 3986 1082 4045 ad
1123 4004 1314 4045 omnes
1353 3989 1597 4046 homines
1635 3990 1925 4061 pertineat,

325 4083 396 4139 ita
425 4089 490 4140 ut
516 4081 712 4139 nullus
744 4080 846 4151 sit,
895 4078 992 4152 qui
1033 4078 1161 4151 iugo
1191 4078 1426 4137 alicuius
1463 4078 1598 4152 legis
1623 4094 1735 4135 non
1765 4078 1960 4135 subii—'

357 4189 406 4229 ia
438 4188 527 4229 ur.

322 4189 353 4230 c
395 4180 454 4320 2t.
488 4259 766 4319 Haeretici
794 4259 935 4315 enim
964 4258 1132 4315 huius
1155 4258 1418 4331 temporis
1439 4256 1638 4315 docent
1653 4299 1668 4330 ,
1697 4259 1876 4314 iustos
1898 4273 1932 4315 a

321 4352 450 4427 iugo
481 4351 626 4425 legis
653 4354 936 4420 exemptos
965 4364 1084 4405 esse
1108 4389 1122 4417 ,
1161 4355 1218 4405 et
1247 4364 1354 4403 non
1383 4347 1687 4419 loquuntur
1715 4346 1782 4403 de
1812 4347 1930 4419 lege

322 4450 542 4500 tantum
576 4442 846 4509 humana,
879 4444 944 4496 ut
973 4438 1140 4511 aliqui
1161 4444 1380 4509 putant,
1405 4436 1500 4493 sed
1526 4436 1844 4508 simpliciter
1863 4437 1932 4493 de

319 4532 472 4607 lege,
503 4539 576 4590 ut
603 4548 671 4588 ex
697 4545 892 4588 eorum
923 4527 1290 4586 fundamentis
1320 4525 1600 4585 manifeste
1627 4525 1925 4597 colligitur.

319 4624 468 4691 Quae
497 4622 794 4693 diligenter
813 4624 868 4675 et
889 4624 1148 4674 accurate
1168 4616 1484 4689 expendunt
1503 4616 1650 4672 Petr.
1677 4614 1929 4671 Canisius

320 4711 410 4770 lib.
453 4718 503 4772 1.
536 4710 614 4767 de
642 4705 992 4782 corruptelis
1017 4706 1179 4764 verbi
1217 4710 1359 4778 Dei,
1403 4720 1528 4777 cap.
1579 4708 1681 4777 11,
1726 4704 1929 4761 Selme-

319 4818 422 4859 ron
448 4804 505 4858 in
545 4798 770 4871 epistol.
803 4796 872 4853 ad
911 4796 1085 4853 Galat.
1117 4796 1258 4869 disp.
1299 4800 1396 4868 14,
1427 4803 1485 4854 et
1512 4794 1782 4854 cardinal.
1810 4794 1929 4851 Bel-

319 4890 592 4947 larminus
623 4888 716 4945 lib.
747 4890 802 4944 4.
834 4884 908 4941 de
936 4884 1256 4956 Iustificat.
1281 4899 1404 4956 cap.
1439 4889 1498 4957 1,
1523 4884 1616 4941 ubi
1635 4886 1774 4941 inter
1796 4883 1928 4939 alias

319 4980 550 5037 Lutheri
590 4975 958 5047 blasphemias
999 4980 1317 5046 sequentem
1356 4972 1528 5030 refert
1578 4988 1646 5030 ex
1686 4971 1929 5045 quodam

321 5070 438 5127 eius
465 5081 759 5126 sermone:
792 5066 1132 5121 Caveamus
1159 5080 1202 5119 a
1223 5066 1512 5141 peccatis,
1543 5060 1646 5120 sed
1666 5066 1720 5118 et
1740 5061 1929 5119 multo

321 5162 520 5232 magis
550 5174 598 5216 a
623 5154 846 5228 leyibus
873 5156 930 5209 et
955 5150 1120 5209 bonis
1147 5152 1452 5225 operibus,
1489 5156 1546 5208 et
1571 5155 1810 5207 tantum
1837 5156 1931 5207 at-

323 5248 650 5307 tendamus
675 5242 760 5301 ad
787 5242 902 5298 Dei
939 5244 1390 5314 promissionem
1415 5244 1472 5299 et
1497 5238 1709 5314 fidem.
1743 5239 1932 5298 Refert
1965 5296 1970 5299 .

479 5357 688 5406 sumu.
708 5354 768 5399 De
786 5348 1150 5407 Remu—Pars
1169 5350 1204 5395 1.

3430 370 3512 435 65

2017 504 2212 576 etiam,
2244 504 2391 576 ipsos
2419 506 2471 562 in
2499 503 2607 563 hoc
2644 505 2983 565 constituere
3023 506 3329 567 libertatem
3357 510 3611 569 christia-

2014 608 2173 663 nam,
2207 593 2355 666 quod
2394 593 2559 651 homo
2600 596 2781 652 iustus
2822 594 2956 653 liber
2982 596 3051 652 sit
3078 613 3107 654 a
3134 597 3319 656 debito
3348 598 3481 671 legis
3509 600 3612 657 im-

2013 680 2244 754 plendae
2270 698 2460 739 coram
2488 685 2629 752 Deo,
2660 684 2732 740 ita
2774 690 2837 741 ut
2864 685 2942 742 illi
2982 686 3161 743 omnia
3200 703 3367 759 opera
3394 690 3504 746 sint
3528 690 3611 745 in-

2015 770 2339 842 differentia,
2369 771 2425 829 id
2451 779 2536 829 est
2556 788 2659 829 nec
2680 781 2995 849 praecepta,
3015 791 3117 833 nec
3144 777 3435 849 prohibita.
3462 781 3611 836 Fun-

2011 859 2217 918 dantur
2244 861 2331 918 isti
2360 862 2557 933 partim
2586 863 2639 919 in
2676 864 2961 921 erroribus
2990 868 3137 937 suis,
3170 868 3363 938 partim
3404 868 3456 924 in
3484 868 3606 941 qui-

1983 1009 1992 1018 ,
2009 948 2247 1007 busdam
2266 951 2586 1008 testimoniis
2603 953 2919 1025 Scripturae
2939 970 3105 1027 prave
3128 955 3428 1013 intellectis.
3444 959 3607 1014 Prae-

2012 1038 2237 1110 cipuum
2267 1038 2680 1098 fundamentum
2709 1048 2825 1111 est,
2857 1043 2985 1115 quia
3014 1050 3214 1115 negant
3234 1061 3423 1102 veram
3450 1045 3610 1103 iusti·

2012 1129 2144 1185 tiam
2172 1136 2228 1187 et
2254 1130 2635 1189 necessitatem
2663 1146 2893 1203 operum
2921 1131 2988 1188 ad
3017 1133 3184 1189 illam.
3216 1136 3352 1191 Nam
3388 1133 3603 1207 dicunt,

2011 1217 2258 1276 homines
2286 1221 2567 1278 iustificari
2596 1236 2693 1293 per
2715 1222 2888 1280 solam
2914 1222 3366 1297 acceptationem,
3392 1224 3475 1281 vel
3496 1239 3608 1280 non

2010 1308 2419 1379 imputationem
2447 1310 2539 1367 Dei
2564 1312 2956 1380 extrinsecam,
2990 1325 3160 1383 quam
3197 1314 3374 1368 omnis
3405 1312 3490 1369 ille
3516 1328 3608 1369 as-

2011 1396 2296 1469 sequitur,
2329 1398 2422 1470 qui
2450 1399 2675 1455 firmiter
2703 1398 2910 1471 credit,
2942 1398 3039 1456 sibi
3066 1416 3189 1457 esse
3216 1400 3446 1459 remissa
3474 1416 3605 1473 pec·

2009 1492 2134 1543 cata
2157 1528 2174 1557 ,
2204 1488 2291 1546 vel
2321 1488 2505 1558 potius
2532 1483 2641 1545 non
2672 1489 2929 1560 imputari
2953 1496 3179 1562 propter
3204 1489 3522 1566 Christum3
3550 1498 3608 1549 et

2010 1576 2151 1634 hanc
2181 1577 2575 1637 [idemdicunt
2614 1579 2869 1637 sufficere
2912 1579 2981 1636 ad
3024 1581 3294 1655 salutem,
3338 1580 3607 1655 quidquid

2007 1663 2172 1727 homo
2200 1674 2480 1740 operetur.
2513 1669 2597 1725 Ex
2623 1683 2735 1740 quo
2774 1667 3039 1741 principio
3077 1671 3387 1727 necessario
3425 1671 3609 1744 sequi·

2006 1759 2131 1830 tur,
2163 1755 2397 1826 iustum,
2428 1757 2609 1830 qualis
2631 1758 2699 1814 ab
2726 1757 2805 1813 eis
2832 1758 3077 1830 lingitur,
3103 1758 3148 1815 si
3180 1758 3233 1815 in
3254 1774 3319 1815 ea
3344 1758 3447 1816 lide
3468 1776 3605 1817 con-

2006 1850 2158 1901 stans
2186 1846 2258 1902 sit
2276 1840 2299 1918 ,'
2322 1860 2429 1903 non
2457 1844 2686 1919 obligari
2716 1845 2827 1902 ulla
2854 1846 3003 1919 lege,
3033 1848 3164 1920 quia
3180 1846 3447 1922 quidquid
3476 1864 3608 1921 ope-

2003 1940 2192 2005 retur,
2223 1933 2456 1991 eredens
2484 1935 2585 1991 sibi
2610 1950 2720 1991 non
2749 1934 3043 2009 imputari,
3076 1952 3185 1993 non
3214 1938 3275 1993 fit
3300 1952 3427 1993 reus
3466 1953 3599 2009 poe-

2004 2038 2138 2091 nae,
2170 2038 2269 2080 nec
2292 2023 2394 2079 sibi
2421 2022 2489 2079 ad
2520 2030 2813 2095 peccatum
2843 2026 3170 2096 imputatur.
3201 2024 3357 2083 Unde
3388 2040 3499 2083 non
3527 2026 3605 2082 vi·

2007 2111 2211 2190 dentur
2239 2114 2313 2171 ita
2340 2128 2539 2187 negare
2566 2113 2815 2171 homines
2841 2112 2993 2187 ligari
3023 2114 3138 2187 lege
3158 2155 3175 2187 ,
3208 2120 3272 2171 ut
3302 2130 3471 2186 opera
3498 2116 3604 2189 legi

2003 2203 2282 2259 contraria
2309 2218 2418 2259 non
2440 2204 2549 2259 sint
2568 2209 2822 2277 peccata3
2854 2218 2981 2260 nam
3002 2205 3185 2276 potius
3218 2204 3348 2261 alias
3369 2204 3593 2278 docent,

2003 2292 2182 2348 omnia
2220 2307 2385 2365 opera
2422 2294 2697 2349 iustorum
2722 2308 2843 2349 esse
2877 2300 3110 2364 peccata
3130 2336 3147 2367 ,
3176 2300 3231 2350 et
3264 2293 3597 2365 impossibile

2001 2394 2122 2437 esse
2147 2423 2165 2453 ,
2205 2383 2369 2438 etiam
2409 2382 2587 2438 iustos
2628 2381 2803 2453 legem
2843 2383 2937 2439 Dei
2978 2382 3201 2454 implere
3231 2424 3246 2453 ,
3289 2390 3347 2439 et
3384 2383 3596 2453 similia,

2002 2484 2143 2543 quae
2179 2476 2523 2543 supponunt,
2568 2470 2740 2543 legem
2779 2471 3052 2544 obligare,
3094 2478 3150 2529 et
3186 2488 3307 2529 esse
3350 2473 3598 2545 regulam

2002 2559 2191 2615 talium
2218 2575 2467 2631 operum.
2499 2561 2668 2617 Aiunt
2695 2575 2858 2633 ergo,
2890 2559 3036 2616 illam
3064 2560 3451 2633 obligationem
3478 2578 3597 2620 mo-

2001 2648 2191 2704 raliter
2210 2650 2367 2722 quasi
2390 2647 2536 2720 tolli,
2566 2647 2652 2705 vel
2674 2647 2919 2721 impediri
2941 2647 3208 2720 perillam
3230 2665 3387 2706 suam
3409 2650 3591 2723 tidem,

2002 2738 2132 2811 quia
2159 2754 2267 2795 non
2299 2739 2431 2795 facit
2472 2738 2745 2795 hominem
2779 2753 2938 2795 reum
2973 2752 3211 2812 poenae,
3244 2754 3348 2796 nee
3391 2740 3623 2797 ratione·

2001 2829 2144 2886 illius
2174 2845 2317 2902 opus
2343 2830 2399 2885 in
2429 2835 2737 2900 conspectu
2764 2830 2857 2885 Dei
2901 2836 3161 2900 tanquam
3200 2827 3409 2886 malum
3437 2845 3603 2902 repu-

2001 2924 2187 2991 tatur,
2218 2918 2342 2975 licet
2371 2919 2423 2974 in
2452 2933 2511 2974 se
2538 2916 2643 2974 tale
2668 2918 2755 2973 sit.
2775 2916 2937 2974 Aliud
2966 2932 3161 2974 eorum
3182 2916 3601 2975 fundamentum

2002 3008 2238 3065 sumitur
2264 3024 2331 3066 ex
2366 3007 2500 3064 falsa
2541 3005 2779 3079 quadam
2812 3004 3114 3063 differentia
3154 3007 3295 3063 inter
3335 3006 3509 3079 legem
3543 3014 3604 3065 et

2001 3098 2381 3171 evangelium,
2423 3112 2591 3169 quam
2632 3095 2771 3152 infra
2808 3095 3091 3153 tractando
3131 3095 3201 3153 de
3237 3097 3353 3171 lege
3395 3098 3599 3170 gratiae

2001 3186 2393 3258 expendemus.
2428 3184 2756 3242 Testimonia
2776 3199 2907 3240 vero
2930 3186 3365 3257 scripturarum,
3398 3186 3599 3258 quibus

1999 3276 2094 3333 niti
2121 3292 2183 3333 se
2209 3273 2497 3346 simulant,
2526 3276 2582 3330 in
2611 3272 2787 3345 capite
2815 3274 3060 3347 sequenti
3086 3274 3482 3345 expendentur.

2081 3369 2134 3423 3.
2175 3364 2385 3421 Veritas
2436 3369 2619 3420 autem
2661 3362 2928 3421 catholica
2968 3354 3082 3435 est,
3127 3380 3318 3421 omnes
3359 3365 3601 3423 homines

2001 3455 2240 3511 viatores
2268 3468 2391 3509 esse
2420 3453 2701 3510 subiectos
2728 3453 2850 3526 legi,
2880 3456 2953 3510 ita
2981 3460 3045 3510 ut
3067 3461 3354 3511 teneantur
3374 3454 3451 3512 illi
3474 3472 3602 3528 par·

2003 3558 2153 3609 cere,
2182 3542 2411 3615 eiusque
2441 3544 2516 3599 rei
2546 3543 2679 3599 liant
2708 3542 2853 3615 apud
2881 3545 3077 3617 Deum,
3109 3544 3153 3600 si
3181 3544 3327 3601 illam
3352 3545 3600 3603 volunta·

2001 3635 2084 3690 rie
2111 3650 2220 3690 non
2248 3640 2489 3691 servent.
2523 3633 2816 3692 Conclusio
2844 3639 2929 3690 est
2958 3640 3110 3690 certa
3137 3633 3204 3690 de
3232 3634 3355 3708 fide,
3385 3635 3603 3693 definita

2002 3724 2056 3780 in
2085 3723 2293 3781 concil.
2324 3723 2547 3781 trident.
2578 3738 2705 3794 cap.
2743 3726 2831 3794 11,
2861 3728 2920 3779 et
2944 3738 3143 3781 canon.
3178 3728 3265 3795 18,
3300 3728 3389 3797 19,
3419 3730 3596 3799 0120,

2000 3814 2092 3872 ubi
2129 3812 2441 3886 specialiter
2481 3813 2727 3887 loquitur
2766 3811 2835 3869 de
2874 3813 3033 3869 iustis
3073 3820 3129 3869 et
3153 3812 3439 3887 perfectis,
3470 3816 3603 3888 quia

2000 3904 2553 3961 contra-haereticos
2604 3903 2914 3973 specialiter
2960 3894 3271 3960 doctrinam
3316 3904 3597 3979 tradebat3

1999 4009 2110 4051 non
2151 4000 2330 4050 tamen
2373 3994 2575 4050 omittit
2612 3990 2919 4065 generalem
2962 3992 3297 4063 doctrinam,
3340 4010 3470 4052 cum
3522 3996 3603 4051 in-

1999 4084 2144 4155 quit:
2173 4087 2361 4139 Nemo
2387 4086 2606 4148 autem,
2635 4084 3017 4155 quantumvis
3042 4082 3426 4155 iustificatum
3461 4083 3601 4143 libe-

1999 4188 2136 4228 rum
2174 4187 2235 4228 se
2272 4170 2349 4228 ab
2377 4170 2779 4227 observatione
2806 4168 3236 4227 mandatorum
3252 4177 3476 4245 putare
3502 4171 3601 4229 cle-

2000 4260 2111 4317 bet.
2143 4262 2199 4316 Si
2226 4275 2357 4332 ergo
2386 4274 2548 4315 nemo
2575 4258 2851 4329 excipitur
2880 4259 2946 4315 ab
2976 4259 3078 4315 hac
3103 4259 3455 4333 obligatione,
3482 4278 3600 4319 om-

1999 4366 2098 4406 nes
2126 4364 2359 4421 prorsus
2388 4348 2636 4405 homines
2664 4349 2717 4403 in
2745 4346 2851 4403 hoc
2882 4346 3088 4403 mundo
3120 4347 3353 4421 legibus.
3371 4350 3601 4407 subiecti

2002 4444 2153 4497 sunt.
2171 4440 2469 4511 Potestque
2491 4437 2597 4493 hoc
2620 4437 2835 4494 ostendi
2856 4435 3173 4494 inductione
3193 4437 3447 4509 quadam.
3464 4442 3601 4497 Nam

2001 4529 2249 4585 homines
2277 4542 2310 4583 a
2338 4526 2608 4599 principio
2636 4540 2767 4582 suae
2796 4526 3084 4583 creationis
3114 4526 3352 4583 subiecti
3376 4527 3601 4586 fuerunt

2000 4617 2104 4691 legi
2141 4616 2411 4689 naturali,
2451 4622 2509 4673 et
2542 4621 2827 4687 praeterea
2867 4614 3038 4671 Adam
3078 4622 3133 4671 et
3162 4617 3271 4672 Eva
3299 4616 3473 4691 legem
3505 4618 3602 4676 ha-

2001 4706 2246 4763 buerunt
2282 4721 2390 4761 non
2428 4702 2751 4761 comedendi
2787 4703 2857 4760 de
2886 4704 3034 4775 ligno
3064 4705 3356 4777 scientiae,
3386 4706 3600 4763 etiamsi

2001 4801 2185 4853 essent
2222 4794 2353 4850 iusti
2374 4836 2389 4864 ,
2429 4800 2485 4849 et
2510 4794 2561 4847 in
2593 4798 2739 4849 statu
2766 4792 3129 4849 innocentiae.
3162 4795 3448 4850 Praeterea
3474 4802 3603 4867 post

2001 4890 2292 4957 peccatum
2320 4887 2377 4938 et
2402 4888 2525 4937 ante
2553 4882 2753 4938 Christi
2789 4881 3460 4940 adventummanifestum
3488 4893 3597 4959 est,

2000 4972 2236 5030 ludaeos
2272 4971 2437 5027 fuisse
2468 4970 2571 5027 sub
2600 4969 2718 5043 lege
2748 4970 2973 5043 scripta,
3004 4976 3059 5027 et
3085 4970 3323 5042 reliquos
3351 4972 3621 5035 homines.

1999 5064 2104 5121 sub
2141 5064 2259 5135 lege
2295 5060 2531 5119 naturali
2569 5062 2672 5135 (ut
2706 5076 2858 5117 nunc
2886 5062 3203 5118 omittamus
3230 5062 3375 5135 leges
3404 5062 3598 5121 huma-

1998 5168 2098 5208 nas
2121 5153 2162 5227 ),
2194 5158 2251 5209 01
2290 5151 2397 5209 hoc
2438 5166 2504 5207 ex
2540 5149 2790 5222 professo
2832 5149 2995 5207 docet
3032 5151 3235 5207 Paulus
3263 5152 3313 5207 in
3338 5154 3500 5223 epist.
3530 5154 3601 5211 ad

1997 5242 2231 5300 Roman.
2266 5256 2393 5313 cap.
2424 5243 2476 5315 1,
2502 5242 2645 5314 01“2,
2675 5237 2989 5313 ostendens,
3014 5245 3126 5296 tam
3154 5238 3402 5315 ludaeos,
3428 5257 3597 5315 quam

3102 5343 3131 5399 9
