4325 6267
757 340 884 411 300

2151 356 2358 409 mmm
2385 355 2482 407 lv.

764 494 817 547 5.
850 488 983 546 Dico
1010 486 1202 545 tertio:
1238 486 1383 545 Haec
1409 492 1659 560 potestas
1684 484 1979 560 spiritualis
2008 491 2065 542 et
2088 499 2283 557 super·
2350 483 2527 542 tinent
2552 484 2621 542 ad
2664 480 2926 543 honestos
2973 498 3188 559 mores,
3229 488 3288 543 et
3331 482 3554 543 vitanda
3579 489 3817 559 peccata
3859 482 3952 543 ho·

684 578 954 645 naturalis
994 584 1099 633 est.
1129 580 1279 645 Quae
1317 579 1521 634 veritas
1560 585 1649 634 est
1686 584 1837 634 certa
1862 575 1929 633 de
1956 575 2090 645 fide,
2122 573 2282 631 dum-

686 668 853 727 modo
893 667 1109 725 termini
1150 674 1301 724 recte
1346 666 1736 740 intelligantur.
1780 667 1883 723 Est
1920 665 2065 723 enim
2093 664 2287 721 adver·

686 757 918 817 tendum
935 800 950 827 ,
982 764 1318 831 potestatem
1346 756 1488 814 hanc
1516 773 1622 813 non
1645 770 1767 813 esse
1788 755 2168 812 characterem
2191 752 2288 819 ali-

688 866 883 925 quem,
913 847 995 905 vel
1022 848 1373 921 qualitatem,
1404 855 1504 905 aut
1531 846 1816 923 physicam
1841 844 2119 902 entitatem
2144 842 2289 899 indi-

684 946 801 998 tam
842 924 1173 997 ho¹minibus.
1204 939 1323 995 Non
1366 938 1510 995 enim
1552 937 1718 993 datur
1754 934 1891 991 haec
1922 940 2163 1007 potestas
2191 948 2291 1005 per

688 1033 1163 1089 consecrationem
1192 1028 1431 1101 aliquam
1466 1028 1589 1084 eius
1629 1041 1925 1099 personae,
1958 1025 2050 1082 cui
2077 1022 2295 1081 conser-

688 1130 819 1194 tur3
851 1137 975 1178 narn
1005 1120 1134 1175 licet
1162 1120 1444 1193 requirat,
1468 1117 1552 1175 vel
1574 1123 1849 1188 supponat
1869 1114 2150 1183 ordinem,
2182 1129 2290 1169 non

690 1212 947 1269 consistit
975 1210 1027 1265 in
1056 1210 1173 1281 ipsa
1196 1208 1561 1275 ordinatione,
1586 1220 1689 1263 nec
1717 1221 1816 1279 per
1842 1222 1964 1262 eam
1983 1204 2173 1274 datur,
2199 1201 2294 1258 sed

688 1317 789 1375 per
826 1300 1185 1369 electionem,
1231 1297 1315 1354 vel
1357 1296 1762 1370 deputationem
1804 1294 2087 1353 voluntate
2118 1293 2292 1350 homi·

690 1392 777 1447 nis
794 1432 808 1461 ‚
839 1396 939 1447 aut
964 1388 1249 1445 hominum
1278 1387 1453 1456 sacta,
1478 1386 1593 1442 sive
1622 1384 1786 1442 detur
1808 1385 1876 1441 ab
1900 1382 2149 1453 homine,
2177 1389 2295 1439 tan-

695 1495 867 1554 quam
908 1494 939 1535 a
981 1477 1233 1535 ministro
1273 1476 1396 1547 Dei,
1429 1476 1543 1531 sive
1570 1473 1882 1531 immediate
1910 1473 1977 1530 ab
2004 1474 2126 1544 ipso
2154 1473 2292 1544 Deo,

694 1570 763 1627 ad
792 1566 1185 1642 praesentiam,
1216 1572 1279 1622 ut
1316 1566 1401 1621 sic
1436 1564 1617 1621 dicam
1636 1606 1651 1635 ,
1680 1564 1968 1621 electionis
1998 1562 2293 1632 humanae,

697 1660 766 1717 de
797 1674 910 1732 quo
939 1663 1131 1730 postea
1154 1654 1478 1712 videbimus.
1503 1654 1572 1711 Et
1599 1653 1737 1710 ratio
1760 1658 1878 1722 est,
1902 1651 2031 1725 quia
2052 1656 2297 1723 potestas

694 1748 833 1808 haec
857 1746 1165 1806 iurisdictio
1184 1742 1460 1817 quaedam
1479 1748 1597 1814 est,
1619 1744 1899 1817 pertinens
1920 1740 1987 1798 ad
2008 1747 2299 1798 externum

696 1841 881 1898 forum
912 1836 1355 1896 ecclesiasticum
1374 1875 1388 1903 ‚
1410 1840 1467 1890 et
1493 1831 1618 1889 ideo
1642 1832 1773 1889 data
1791 1838 1878 1889 est
1898 1847 1931 1887 a
1951 1830 2172 1889 Christo
2193 1832 2299 1889 Do-

696 1929 876 2000 mino,
900 1928 1073 1985 iuxta
1110 1924 1337 1983 modum
1380 1920 1749 1981 iurisdictioni
1787 1918 2296 1979 accommodatum.

695 2017 1014 2077 lurisdictio
1056 2021 1275 2084 autem,
1319 2014 1469 2070 sicut
1501 2017 1559 2068 et
1582 2010 1886 2068 dominium
1913 2026 2023 2066 non
2051 2008 2304 2065 consistit

697 2113 757 2169 in
798 2107 1057 2183 qualitate
1100 2105 1363 2181 physica,
1406 2100 1583 2157 sedin
1612 2102 1766 2171 iure,
1797 2107 1854 2156 et
1880 2103 2154 2171 potestate
2183 2112 2304 2154 mo-

698 2200 833 2267 rali,
859 2199 934 2254 ita
956 2212 1092 2271 ergo
1118 2193 1247 2252 data
1272 2191 1408 2249 haec
1431 2196 1519 2248 est
1544 2195 1809 2263 potestas.
1835 2193 1908 2249 Et
1932 2188 2053 2245 ideo
2079 2187 2302 2261 quando

702 2286 1005 2362 spiritualis
1046 2291 1102 2341 et
1142 2280 1574 2355 supernaturalis
1614 2272 1849 2349 dicitur,
1882 2293 1989 2334 non
2018 2285 2105 2334 est
2133 2292 2307 2351 quae-

700 2377 875 2436 renda
913 2374 1114 2432 entitas
1155 2372 1335 2445 aliqua
1376 2369 1578 2428 ordinis
1606 2368 1865 2441 angelici,
1898 2366 1993 2425 sed
2018 2383 2087 2425 ex
2112 2368 2217 2423 tine
2249 2372 2308 2423 et

702 2467 897 2526 mediis
923 2510 938 2537 ,
970 2468 1025 2521 in
1054 2463 1261 2538 quibus
1291 2460 1426 2518 haec
1454 2465 1701 2532 potestas
1728 2465 1979 2516 versatur
1996 2502 2009 2529 ,
2032 2458 2154 2515 illas
2177 2474 2306 2529 pro-

702 2558 966 2629 prietates
994 2551 1077 2608 vel
1117 2548 1583 2608 denominationes
1612 2548 1829 2621 recipit.
1867 2548 1958 2604 Sic
1985 2562 2121 2619 ergo
2150 2545 2309 2603 intel-

702 2646 847 2703 lecta
870 2640 1159 2701 conclusio
1187 2637 1344 2696 facile
1366 2634 1585 2719 probari
1615 2643 1826 2706 potest3
1850 2650 1978 2691 nam
1999 2636 2117 2689 finis
2142 2634 2306 2692 buius

705 2732 998 2809 potestatis
1017 2734 1105 2787 est
1126 2734 1349 2785 aeterna
1367 2725 1620 2795 felicitas,
1636 2731 1695 2782 et
1712 2730 2121 2797 consequenter
2140 2725 2306 2779 etiam

705 2824 873 2883 buius
902 2824 1045 2880 vitae
1074 2822 1334 2878 sanctitas
1354 2862 1368 2891 ,
1399 2834 1539 2892 quae
1576 2820 1809 2876 maxime
1838 2818 2149 2891 spirituales
2179 2826 2312 2877 sunt

706 2923 764 2973 et
792 2910 1272 2986 supernaturales3
1314 2925 1450 2983 ergo
1492 2916 1737 2982 potestas
1777 2909 1896 2982 ipsa
1932 2910 2230 2981 spiritualis
2257 2916 2313 2967 et

712 3001 1153 3078 supernaturalis
1174 3006 1281 3057 est.
1298 2999 1467 3057 Maior
1490 3006 1575 3057 est
1591 2998 1797 3057 Nicolai
1820 3014 1993 3072 papae
2014 2998 2069 3055 in
2087 2999 2305 3072 epistol.

710 3094 779 3152 ad
800 3089 1117 3150 Michaelem
1138 3090 1525 3163 imperatorem
1542 3130 1556 3157 ,
1579 3088 1673 3144 ubi
1694 3089 1833 3144 inter
1854 3087 1955 3144 alia
1978 3088 2178 3161 inquit,
2200 3091 2312 3146 im·

702 3187 1014 3260 pera-tores
1029 3178 1295 3252 indiqere
1314 3176 1733 3235 ecclesiasticis
1756 3174 1977 3249 lapibus
1984 3193 2101 3251 pro
2122 3183 2315 3235 aeter-

713 3289 801 3330 na
824 3275 969 3329 vita.
1000 3268 1243 3327 Habetur
1269 3267 1322 3325 in
1350 3282 1477 3339 cap.
1513 3268 1671 3326 Cum
1691 3262 1777 3323 ad
1798 3280 2024 3333 verum,
2058 3270 2149 3325 96.
2177 3266 2308 3325 dist.

710 3363 809 3419 ubi
842 3360 1021 3419 multa
1059 3358 1167 3417 alia
1205 3358 1429 3415 decreta
1468 3354 1611 3414 idem
1650 3355 1967 3428 continent,
2010 3358 2312 3430 praecipue

711 3468 838 3525 cap.
868 3450 1003 3509 Duo
1030 3452 1186 3516 sunt,
1214 3453 1273 3506 et
1302 3462 1429 3519 cap.
1460 3449 1529 3505 St
1552 3448 1905 3521 imperator,
1931 3443 2026 3501 ubi
2055 3444 2194 3502 baec
2216 3462 2314 3519 po·

712 3549 885 3600 testas
924 3539 992 3597 ad
1033 3538 1247 3596 civilem
1285 3540 1642 3608 comparatur
1660 3575 1675 3606 ,
1705 3535 1858 3591 sicut
1884 3533 2063 3591 anima
2090 3534 2159 3591 ad
2187 3551 2313 3591 cor-

710 3648 851 3705 pus,
881 3629 1026 3687 sicut
1050 3626 1286 3685 caeleste
1314 3624 1382 3681 ad
1410 3630 1727 3696 terrenum,
1756 3628 2043 3681 aeternum
2072 3624 2143 3681 ad
2176 3630 2314 3683 tem-

710 3717 920 3792 porale.
951 3716 1099 3773 Idem
1142 3716 1384 3773 sumitur
1424 3728 1492 3770 ex
1528 3727 1653 3785 cap.
1686 3710 1941 3779 Solitas,
1974 3710 2042 3768 de
2071 3711 2308 3770 maiorit.

710 3815 770 3867 et
798 3805 1120 3865 obedientia.
1148 3816 1157 3823 ·

790 3898 861 3954 Et
905 3895 1115 3952 ratione
1160 3897 1341 3965 patet,
1384 3891 1515 3963 quia
1562 3894 1809 3962 potestas
1854 3888 2056 3946 Christi
2102 3890 2317 3947 Domini

714 3986 1011 4060 praecipue
1053 3979 1304 4039 ordinata
1340 3987 1429 4038 est
1457 3978 1525 4036 ad
1554 3980 1713 4035 finem
1741 3978 2102 4051 spiritualem,
2131 3985 2193 4035 et
2221 3995 2314 4037 su-

714 4071 1149 4149 pernaturalem,
1193 4075 1417 4142 propter
1457 4082 1623 4141 quem
1661 4068 1713 4123 in
1753 4067 2020 4125 mundum
2050 4069 2229 4134 venit,
2261 4074 2318 4127 et

717 4164 841 4221 ideo
868 4164 983 4234 ipse
1012 4158 1259 4217 dicebat:
1292 4160 1557 4231 Regnum
1592 4172 1793 4215 nisum
1829 4172 1951 4215 non
1985 4162 2073 4215 est
2108 4156 2182 4214 de
2206 4158 2318 4216 hoc

717 4250 974 4320 ”tandm
1001 4266 1136 4325 ergo
1166 4249 1332 4307 etiam
1359 4247 1495 4306 haec
1526 4253 1789 4319 potestas,
1812 4262 1955 4319 quae
1976 4254 2066 4304 est
2093 4249 2318 4318 partici-

716 4345 863 4417 patio
905 4342 1080 4413 illius,
1111 4338 1179 4396 ad
1207 4336 1463 4396 eumdem
1502 4338 1659 4393 finem
1701 4336 1904 4409 tendit,
1945 4343 2001 4393 et
2028 4342 2316 4409 propterea

715 4432 902 4491 clavis
943 4429 1249 4488 caelorum
1274 4425 1610 4499 appellatur,
1641 4424 1729 4483 vel
1758 4426 1861 4482 sub
1887 4440 1952 4481 ea
1979 4425 2312 4483 continetur.

714 4521 863 4581 Idem
906 4526 1295 4594 argumentum
1335 4516 1449 4573 fieri
1489 4520 1673 4588 potest
1711 4532 1779 4572 ex
1808 4522 1959 4587 parte
1986 4514 2314 4588 mediorum,

716 4626 860 4685 quae
888 4615 1022 4666 sunt
1044 4605 1223 4665 veluti
1253 4606 1529 4664 obiectum
1552 4610 1608 4661 et
1626 4604 1858 4661 effectus
1882 4603 2047 4661 buius
2076 4610 2319 4676 potesta-

715 4702 818 4773 tis,
850 4699 1025 4757 media
1064 4698 1209 4755 enim
1250 4703 1382 4753 sunt
1421 4694 1832 4767 proportionata
1859 4694 1949 4750 fini
1969 4732 1985 4763 ‚
2016 4700 2072 4750 et
2096 4692 2220 4750 ideo
2249 4693 2317 4750 ad

718 4793 879 4850 finem
920 4788 1265 4862 praedictum
1306 4784 1611 4857 spiritualia
1650 4792 1709 4840 et
1734 4782 2180 4853 supernaturalia
2205 4796 2318 4841 me·

716 4880 805 4938 dia
830 4879 1174 4937 ordinantur.
1203 4877 1453 4933 Potestas
1479 4878 1667 4930 autem
1696 4871 1833 4929 baec
1861 4873 2012 4929 circa
2034 4871 2320 4930 huiusmo-

717 4968 771 5027 di
799 4968 979 5026 media
1002 4973 1258 5024 versatur
1281 5008 1296 5036 ,
1325 4979 1467 5039 quae
1494 4967 1731 5035 possunt
1756 4961 1825 5019 ad
1855 4960 2119 5018 nonnulla
2140 4963 2321 5036 capita

716 5057 939 5125 reduci,
985 5055 1203 5113 scilicet
1241 5052 1310 5110 ad
1352 5068 1538 5111 veram
1578 5052 1647 5109 de
1685 5052 1798 5109 Deo
1826 5050 2197 5125 coguitionem
2226 5068 2319 5108 su·

717 5145 1126 5220 pernaturalem
1148 5185 1162 5214 ,
1196 5156 1388 5217 verum
1428 5140 1645 5197 cultum
1674 5142 1973 5213 praecipue
2001 5154 2318 5198 sacramen·

716 5248 903 5301 torum
936 5242 993 5293 et
1018 5232 1302 5305 sacrificii,
1329 5236 1387 5288 ot
1412 5228 1481 5288 ad
1508 5246 1596 5288 res
1624 5230 1755 5289 alias
1774 5270 1791 5303 ,
1814 5245 1957 5304 quae
1976 5246 2075 5305 per
2110 5246 2172 5289 se
2193 5246 2322 5306 per·

2353 574 2598 631 minum:
2645 580 2762 632 tota
2802 582 2988 633 autem
3029 575 3165 634 baec
3209 583 3456 649 potestas
3495 577 3549 633 in
3589 576 3694 635 bac
3737 578 3954 635 materia

2354 672 2610 721 versatur
2624 704 2640 735 ‚
2671 671 2736 722 ut
2761 664 2899 723 infra
2920 665 3170 724 dicemus
3185 705 3201 734 ,
3225 673 3370 725 etex
3395 666 3514 740 ipso
3537 682 3646 724 usu
3671 668 3810 723 satis
3829 682 3957 723 con-

2357 762 2485 813 stat.
2535 756 2690 814 Unde
2739 763 3015 831 quatenus
3061 757 3328 815 directiva
3371 764 3486 830 est,
3533 755 3749 814 ordinat
3777 756 3960 812 ·bomi·

2357 862 2481 903 nem
2511 844 2578 902 ad
2609 846 2854 904 actiones
2876 849 3106 905 maxime
3135 846 3448 921 spirituales
3467 888 3482 913 ,
3508 854 3564 904 et
3581 852 3861 921 quatenus
3881 852 3960 901 est

2358 937 2643 1007 coactiva,
2687 936 2984 1009 praecipue
3023 939 3202 994 utitur
3235 935 3418 1011 gladio
3465 936 3768 1008 spirituali,
3813 936 3962 1007 spiri-

2358 1025 2536 1083 tuales
2577 1041 2782 1097 poenas
2821 1026 3150 1099 imponendo
3171 1068 3187 1097 ,
3231 1034 3295 1084 ut
3325 1027 3377 1082 in
3411 1032 3548 1083 tom.
3581 1024 3656 1083 de
3683 1026 3964 1083 censuris

2359 1114 2473 1172 late
2499 1121 2798 1172 tractatum
2821 1121 2941 1172 est.
2973 1117 3154 1189 Atque
3189 1114 3244 1171 in
3273 1121 3390 1173 tota
3418 1115 3522 1172 bac
3550 1114 3812 1172 doctrina
3839 1129 3964 1170 con-

2358 1204 2590 1261 veniunt
2615 1203 2878 1261 catholici
2904 1210 3184 1275 auctores3
3217 1204 3510 1277 praecipue
3537 1202 3706 1261 videri
3735 1210 3970 1276 possunt

2362 1294 2575 1351 Victor.
2605 1293 2798 1351 relect.
2837 1297 2889 1352 1.
2918 1292 2992 1351 de
3009 1297 3220 1368 potest.
3253 1292 3579 1360 Ecclesiae,
3608 1292 3968 1351 Bellarminus

2362 1382 2459 1440 lib.
2493 1386 2546 1441 4.
2591 1380 2664 1439 de
2702 1399 2934 1441 summo
2973 1383 3288 1456 Pontifice,
3335 1400 3462 1456 cap.
3501 1390 3590 1442 15.
3621 1390 3679 1440 et
3707 1398 3828 1455 seq.
3861 1382 3970 1439 Sal·

2366 1487 2554 1530 meron
2595 1478 2729 1529 tom.
2771 1477 2829 1531 4.
2873 1472 2926 1529 in
2967 1473 3219 1547 evangel.
3259 1488 3317 1545 p.
3352 1478 3415 1541 3,
3445 1479 3610 1531 tract.
3651 1477 3754 1542 12,
3785 1473 3884 1530 ubi
3907 1472 3970 1530 de

2366 1561 2472 1620 hac
2500 1564 2727 1619 materia
2753 1562 2986 1633 erudite,
3021 1562 3216 1620 Castro
3246 1562 3340 1621 lib.
3381 1568 3430 1621 1.
3460 1561 3534 1619 de
3560 1562 3672 1635 leq.
3698 1560 3963 1637 poenali,
4035 1602 4048 1617 .

2367 1668 2493 1725 cap.
2520 1655 2576 1721 4,
2600 1650 2800 1710 Driedo
2822 1650 2912 1710 lib.
2937 1656 2983 1710 1.
3017 1650 3092 1709 de
3118 1651 3392 1711 libertate
3419 1654 3740 1711 christian.
3770 1654 3970 1710 Uedius

2366 1739 2494 1798 cod.
2537 1740 2606 1799 de
2647 1755 2810 1812 poen.
2856 1746 3079 1798 tractat.
3122 1746 3153 1800 3
3185 1784 3199 1811 ,
3232 1734 3386 1816 q.'de
3411 1742 3744 1800 necessitate
3771 1743 3969 1813 ieiunii,

2368 1829 2640 1888 Adrianus
2662 1827 2906 1904 quodlib.
2936 1833 2992 1902 6,
3017 1832 3329 1888 Antoninus
3359 1837 3413 1889 3.
3441 1848 3497 1904 p.
3525 1832 3610 1887 tit.
3637 1837 3737 1901 22,
3759 1839 3818 1889 et
3847 1832 3976 1888 iuris

2369 1920 2622 1977 canonici
2661 1920 2986 1993 interpretes
3026 1922 3080 1979 in
3109 1921 3265 1978 rubr.
3297 1923 3364 1980 de
3392 1924 3690 1981 constitut.
3723 1939 3972 1995 praeser-

2370 2010 2463 2067 tim
2491 2010 2543 2065 in
2572 2026 2697 2082 cap.
2729 2010 3008 2069 Ecclesia
3031 2016 3282 2069 sanctae
3311 2014 3588 2079 Mariae,
3615 2018 3673 2069 et
3699 2014 3757 2069 in
3783 2012 3974 2071 decre-

2369 2105 2428 2156 to
2455 2098 2585 2157 dist.
2625 2104 2690 2159 15
2708 2142 2722 2167 ,
2749 2106 2808 2157 et
2837 2102 2930 2157 96.

2451 2192 2505 2246 6.
2537 2187 2618 2245 Ad
2661 2190 2896 2259 primum
2938 2188 3111 2263 igitur
3153 2197 3548 2265 argumentum
3587 2197 3878 2263 sumptum
3915 2207 3979 2249 ex

2373 2279 2789 2349 comparatione
2828 2278 2960 2351 legis
2991 2280 3190 2336 veteris
3215 2323 3228 2350 ,
3259 2279 3526 2354 quidquid
3555 2282 3633 2337 sit
3659 2280 3729 2337 de
3757 2288 3982 2339 antece·

2373 2367 2536 2424 dente
2565 2365 2662 2441 (de
2689 2382 2801 2441 quo
2831 2368 2882 2423 in
2911 2368 3092 2439 capite
3119 2384 3241 2442 seq.
3274 2368 3573 2427 dicendum
3601 2370 3762 2445 est),
3793 2374 3982 2444 negari

2373 2461 2557 2528 potest
2583 2458 2994 2531 consequentia.
3025 2459 3128 2515 Est
3154 2459 3298 2515 enim
3337 2475 3534 2532 magna
3569 2460 3876 2518 differentia
3902 2464 3984 2518 in-

2373 2555 2461 2603 ter
2489 2550 2725 2603 veterem
2757 2545 2930 2619 legem
2967 2553 3026 2603 et
3051 2563 3282 2621 novam3
3307 2564 3432 2606 nam
3475 2551 3528 2606 in
3557 2550 3655 2607 illa
3687 2550 3810 2625 lege
3839 2554 3986 2609 Deris

2375 2635 2492 2707 ipse
2523 2651 2631 2692 non
2662 2634 2844 2693 solum
2872 2634 3098 2693 dederat
3125 2644 3421 2710 praecepta
3444 2639 3579 2713 legis
3609 2647 3874 2702 naturae.
3897 2642 3982 2699 vel

2377 2725 2586 2797 gratiae
2605 2766 2620 2793 ,
2653 2724 2754 2796 ipsi
2783 2724 2990 2796 gratiae
3013 2727 3424 2796 connaturalia,
3451 2727 3549 2784 sed
3567 2729 3732 2786 etiam
3754 2729 3988 2788 dederat

2379 2812 2668 2871 innumera
2707 2822 3004 2886 praecepta
3039 2817 3304 2887 positiva,
3347 2821 3671 2889 praesertim
3709 2820 3992 2877 iudicialis

2379 2910 2436 2960 et
2461 2904 2905 2977 caeremonialia,
2929 2913 2987 2962 et
3011 2904 3136 2963 ideo
3161 2908 3216 2962 in
3246 2906 3336 2963 illa
3365 2907 3483 2980 lege
3513 2910 3696 2966 minus
3725 2926 3990 2968 necessa-

2381 2994 2490 3049 riae
2517 2999 2677 3050 erant
2705 2994 2854 3068 leges
2881 2996 3182 3067 positivae,
3213 2999 3538 3069 praesertim
3563 2999 3632 3056 ad
3664 2998 3988 3073 religionem

2380 3081 2715 3153 pertinentes
2739 3126 2753 3153 ,
2777 3084 2970 3155 quales
2993 3092 3126 3143 sunt
3147 3088 3468 3157 canonicae,
3491 3088 3624 3161 quia
3645 3104 3838 3147 omnes
3861 3106 3990 3147 cae·

2381 3171 2708 3229 remoniales
2747 3179 2908 3231 erant
2949 3174 3300 3247 huiusmodi,
3343 3183 3400 3233 et
3439 3176 3564 3235 illae
3603 3186 3765 3237 erant
3789 3196 3992 3254 quam·

2381 3262 2671 3335 plurimae.
2699 3264 2764 3331 In
2789 3262 2910 3339 lege
2937 3269 3122 3321 autem
3147 3267 3354 3339 gratiae
3376 3266 3632 3325 Christus
3654 3270 3992 3340 paucissima

2381 3349 2531 3417 dedit
2569 3366 2669 3423 per
2708 3350 2950 3424 seipsum
2991 3354 3225 3425 positiva
3265 3362 3586 3428 praccepta,
3619 3363 3688 3414 ut
3711 3358 3858 3415 intra
3884 3376 3996 3417 suo

2384 3440 2508 3498 loco
2538 3439 2876 3513 videbimus,
2901 3441 2997 3498 sed
3019 3439 3126 3500 hoc
3149 3443 3366 3518 reliquit
3383 3444 3730 3519 dispositioni
3751 3463 3992 3506 suorum

2381 3530 2792 3601 ministrorum,
2821 3544 2963 3603 quos
3003 3529 3224 3606 reliquit
3251 3539 3315 3590 ut
3339 3533 3755 3607 dispensatores
3783 3546 4000 3613 myste-

2382 3620 2596 3676 riorum
2635 3618 2763 3690 Dei,
2806 3629 2873 3677 ut
2898 3620 2976 3678 ait
2999 3620 3205 3681 Paulus
3238 3625 3288 3680 1.
3319 3623 3444 3680 Cor.
3479 3628 3537 3695 4,
3567 3625 3664 3699 qui
3695 3632 3858 3685 utens
3887 3628 4000 3685 bae

2383 3714 2654 3780 potestate
2693 3708 2828 3765 dicit
2865 3709 2918 3765 in
2959 3710 3156 3767 eadem
3189 3710 3452 3784 epistola:
3503 3714 3722 3772 Cetera
3757 3720 3992 3783 antem,

2388 3813 2526 3853 cum
2556 3812 2794 3864 venero,
2827 3795 3178 3871 disponam,·
3201 3800 3250 3856 in
3281 3801 3547 3874 principio
3575 3802 3766 3861 laudat
3789 3822 3888 3862 eos
3911 3806 4004 3863 di-

2383 3902 2546 3943 cens:
2579 3884 2793 3944 Laudo
2837 3902 2965 3952 vos,
3008 3885 3170 3958 quod
3189 3904 3298 3961 per
3321 3894 3532 3949 omnia
3555 3895 3674 3949 mei
3701 3910 4002 3953 memores

2383 3977 2549 4037 estis.
2583 3977 2639 4031 et
2663 3976 2822 4051 sicut
2845 3972 3079 4032 tradidi
3101 3974 3284 4043 vobis,
3317 3986 3648 4054 praecepta
3669 3998 3812 4041 mea
3836 3990 4004 4042 tene·

2383 4066 2481 4121 tis.
2497 4048 2615 4121 Hoc
2637 4070 2822 4120 autern
2845 4062 3042 4121 fecisse
3065 4064 3282 4123 videtur
3302 4066 3557 4126 Christus
3579 4073 3847 4129 Donunus
3867 4080 3998 4131 tum

2385 4159 2609 4226 propter
2645 4151 2904 4209 maiorem
2933 4152 3324 4224 perfectionem
3353 4154 3518 4215 huius
3549 4157 3702 4233 legis,
3731 4168 3788 4218 et
3815 4163 4004 4220 maius

2383 4246 2567 4302 lumen
2590 4243 2830 4314 Spiritus
2851 4244 3026 4299 sancti
3046 4243 3116 4301 ad
3131 4244 3268 4302 bene
3287 4248 3788 4323 convenienterque
3811 4254 4004 4309 omnia

2384 4329 2781 4404 disponendum
2803 4372 2819 4405 ,
2865 4332 3016 4404 quod
3055 4332 3272 4390 vicario
3323 4350 3426 4391 suo
3477 4340 4010 4399 communicaturus

2383 4428 2531 4493 erat3
2563 4427 2682 4479 tum
2722 4420 2917 4493 etiam,
2958 4422 3089 4494 quia
3123 4422 3319 4501 Christi
3347 4424 3600 4481 Ecclesia
3628 4428 4002 4487 universalior

2385 4516 2501 4582 est,
2531 4516 2588 4567 et
2614 4508 2956 4581 diuturnior,
2985 4526 3152 4583 quain
3190 4512 3564 4571 Hebraeorum
3597 4517 3860 4589 populus.
3895 4521 4006 4577 Hic

2385 4599 2528 4656 enim
2556 4598 2794 4671 populus
2823 4600 2876 4656 in
2917 4599 3120 4673 angulo
3163 4606 3339 4657 terrae
3368 4603 3673 4660 conc-lusus
3703 4606 3865 4665 facile
3891 4624 4004 4679 po-

2386 4696 2530 4745 terat
2565 4688 2773 4745 eisdem
2815 4686 3028 4762 legibus
3070 4690 3493 4760 particularibus
3530 4693 3858 4767 gubernari:
3889 4698 4014 4754 Ec-

2386 4777 2553 4835 clesia
2581 4792 2712 4833 vero
2740 4791 2838 4848 per
2863 4777 3179 4834 universum
3203 4779 3392 4836 orbem
3416 4779 3647 4854 diffusa,
3667 4782 3797 4842 licet
3819 4786 3869 4841 in
3893 4786 4014 4844 tide
4054 4826 4060 4831 -

2387 4876 2444 4927 et
2471 4868 2667 4925 ritibus
2697 4866 3148 4925 substantialibus
3179 4867 3452 4942 religionis
3478 4872 3802 4945 conveniat,
3825 4876 3880 4929 in
3913 4892 4012 4933 re-

2390 4960 2553 5033 liquis
2594 4956 3028 5017 accidentalibus
3067 4958 3388 5015 varietatem
3431 4959 3699 5031 admittit,
3742 4978 3888 5036 quae
3931 4967 4012 5023 ad

2388 5050 2508 5107 eius
2538 5046 2966 5120 pulcritudinem
2993 5053 3052 5103 et
3077 5046 3494 5119 amplitudinem
3518 5051 3770 5123 pertinet,
3791 5064 3848 5109 et
3871 5054 4014 5113 ideo

2393 5137 2580 5197 talium
2621 5150 2811 5194 rerum
2848 5133 3261 5208 dispositionem
3296 5135 3552 5195 Christus
3578 5142 3698 5196 siais
3729 5142 4014 5202 ministris

2392 5226 2692 5289 commisit.
2724 5225 2927 5285 Deinde
2965 5242 3098 5285 rero
3137 5224 3422 5297 addimus,
3453 5228 3614 5286 etiam
3642 5240 4018 5305 assumptum
