4325 6267
1746 376 1959 429 CAPUT
1986 378 2061 425 xl
2071 406 2085 422 .

874 504 1155 576 CAPUT
1198 505 1314 574 Xl.

287 705 393 759 An
423 699 525 759 lex
554 704 851 760 canonica
874 700 1096 759 habeat
1116 703 1435 776 propriam
1461 702 1800 757 namet-iam.
1830 698 1899 753 in

367 808 492 865 qua
529 792 778 850 honesta
806 794 1155 867 praecipiat
1173 836 1187 858 ,
1232 796 1289 848 ct
1328 804 1528 863 prava
1558 786 1889 864 prohibeat,

372 881 725 941 distinctam
751 897 795 939 a
819 884 1088 939 materia
1111 878 1257 953 leyis
1286 877 1498 935 civilis.

858 1057 1321 1124 summarium

294 1264 343 1314 1.
384 1265 577 1328 Duplex
620 1264 975 1316 convenientia
1018 1262 1149 1325 legis
1190 1260 1465 1312 canonicae
1499 1271 1617 1309 cum
1642 1256 1803 1308 civili.
1826 1281 1896 1292 —

362 1332 417 1385 Ξ.
445 1335 617 1385 Tertia
644 1334 1021 1385 convenientia.
1043 1358 1113 1370 --
1132 1332 1183 1383 3.
1212 1331 1363 1383 Ratio
1384 1326 1817 1380 dubitandi—4.
1841 1324 1897 1375 ln

363 1404 555 1467 quibus
584 1404 825 1455 differant
854 1404 943 1453 lex
975 1402 1225 1453 canonica
1258 1407 1313 1451 et
1338 1399 1508 1450 civilis
1532 1411 1594 1448 cx
1618 1401 1767 1461 parte
1790 1406 1895 1445 ma·

368 1474 552 1523 tei-iae.
576 1500 647 1511 —
666 1473 719 1524 5.
742 1472 871 1535 Quid
894 1472 1109 1523 materia
1140 1470 1467 1535 tempor-alie,
1502 1475 1556 1518 et
1592 1465 1715 1531 quid
1743 1465 1900 1529 spiri·

362 1543 542 1594 tualis.
564 1569 636 1580 —
655 1544 707 1594 6.
732 1542 907 1593 Altera
947 1540 1238 1592 differentia
1274 1540 1413 1589 inter
1439 1544 1715 1605 utramque
1738 1542 1899 1587 mate-

370 1613 517 1663 riam.
546 1639 614 1650 —
640 1612 691 1661 7.
718 1612 893 1662 Tertia
916 1610 1227 1662 differentia.
1248 1636 1319 1646 -
1341 1609 1475 1658 Ante
1498 1607 1665 1669 legem
1698 1603 1899 1668 gratiae

369 1694 496 1733 cura
533 1681 801 1745 religionis
826 1682 907 1731 vel
942 1681 1235 1746 pertinebat
1260 1678 1325 1728 ad
1349 1682 1657 1741 potestatem
1682 1674 1897 1736 regiam,

372 1752 457 1802 vel
483 1764 602 1802 curn
626 1764 686 1801 ea
712 1752 1143 1814 coniungebatur,
1158 1749 1240 1799 vel
1266 1748 1343 1798 illi
1368 1744 1901 1797 subordinabatur.--

372 1821 425 1871 8.
455 1820 531 1870 Ad
557 1827 861 1885 argumenta
885 1818 1156 1871 dubitandi
1182 1814 1539 1883 respondetur.
1562 1841 1634 1851 —
1650 1814 1704 1864 9.
1731 1812 1899 1874 Leges

369 1890 553 1942 civiles
577 1892 923 1942 observantur
947 1891 997 1939 in
1026 1889 1140 1940 foro
1162 1887 1556 1947 canonico,cum
1580 1894 1797 1934 canones
1822 1882 1900 1931 ni·

364 1960 449 2009 hit
470 1959 777 2023 disponunt,
807 1965 861 2010 et
887 1960 1028 2024 leges
1052 1965 1173 2009 sunt
1198 1957 1314 2009 usui
1338 1955 1599 2006 Ecclesiae
1622 1964 1899 2003 accommo-

364 2029 535 2080 datae.
558 2056 629 2067 —
650 2030 737 2081 10.
764 2030 837 2081 De
865 2030 1068 2092 legibus
1092 2040 1121 2077 a
1146 2027 1427 2077 iustiniano
1442 2024 1599 2076 editis
1622 2022 1759 2073 circa
1782 2032 1900 2085 per-

366 2111 517 2150 sonas
542 2099 935 2150 ecclesiasticas.

382 2289 428 2342 1.
460 2283 707 2341 Diximus
734 2283 801 2340 de
828 2282 970 2340 finali
998 2289 1057 2340 et
1082 2280 1335 2340 efficienti
1364 2294 1536 2337 causa
1559 2276 1699 2351 legis
1726 2291 1894 2333 cano·

292 2373 470 2445 nicae,
494 2371 789 2430 dicendum
816 2372 1074 2446 sequitur
1099 2370 1167 2427 de
1193 2368 1475 2441 materiali,
1500 2368 1551 2424 in
1583 2382 1695 2441 qua
1718 2364 1897 2423 multa

292 2460 461 2521 habet
486 2461 801 2519 communia
825 2478 955 2520 cum
983 2460 1100 2535 lege
1128 2460 1295 2527 civili,
1320 2474 1462 2534 quae
1490 2457 1725 2515 breviter
1752 2471 1885 2528 sup-

292 2552 545 2625 ponenda
574 2557 733 2609 sunt:
762 2549 889 2609 nani
916 2551 1039 2608 inde
1066 2552 1249 2608 oritur
1274 2546 1569 2607 difficultas
1597 2546 1895 2619 praesentis

292 2640 660 2715 quaestionis,
692 2654 834 2714 quae
861 2640 915 2696 in
944 2638 1051 2697 hoc
1082 2643 1367 2708 versatur,
1398 2642 1459 2693 ut
1485 2634 1891 2693 distinctionem

292 2733 347 2787 in
376 2730 605 2789 materia
631 2732 773 2787 inter
802 2736 1093 2801 utramque
1123 2730 1297 2801 legem
1323 2728 1687 2799 assignemus.
1712 2723 1895 2782 Primo

293 2836 443 2895 ergo,
470 2820 726 2878 convenit
763 2819 1093 2879 canonicum
1133 2833 1263 2876 cum
1304 2816 1448 2874 civili
1474 2816 1527 2871 in
1568 2814 1699 2887 hoc,
1744 2812 1894 2887 quod

294 2911 445 2967 circa
474 2907 649 2966 solam
674 2909 961 2966 materiam
990 2907 1273 2964 honestam
1305 2906 1512 2963 versari
1540 2908 1740 2976 potest3
1769 2917 1893 2959 nam

298 2999 403 3055 hoc
444 2996 621 3054 multo
662 2998 832 3071 magis
885 2996 1259 3054 necessarium
1301 3002 1387 3051 est
1422 2992 1492 3049 ad
1532 2994 1692 3049 finem
1746 2994 1891 3063 eius,

295 3103 462 3161 quam
490 3085 559 3145 ad
588 3087 747 3144 finem
775 3087 907 3160 legis
935 3086 1109 3144 civilis
1127 3129 1141 3155 ,
1174 3093 1238 3142 ut
1263 3099 1359 3157 per
1386 3100 1445 3141 se
1481 3088 1719 3140 constat.
1752 3083 1892 3140 Item

296 3180 428 3252 quia
455 3176 561 3234 hoc
592 3182 807 3250 spectat
834 3174 899 3232 ad
938 3177 1329 3248 perfectionem
1356 3173 1527 3247 legis,
1557 3188 1690 3246 ergo
1718 3170 1895 3229 multo

295 3268 467 3340 magis
509 3265 674 3324 debet
698 3265 989 3323 convenire
1018 3265 1125 3337 legi
1152 3264 1481 3333 canonicae,
1528 3276 1693 3338 quam
1724 3260 1893 3318 civili.

294 3356 450 3416 Unde
506 3372 607 3429 pro
655 3355 847 3430 regula
893 3353 1154 3412 constitui
1198 3359 1379 3426 potest
1406 3396 1420 3424 ,
1464 3351 1729 3425 quidquid
1775 3365 1897 3423 per-

291 3446 545 3504 fectionis
584 3446 638 3502 in
683 3444 787 3501 hoc
830 3458 1029 3517 genere
1071 3443 1327 3500 materiae
1368 3439 1533 3498 habet
1570 3440 1656 3496 lex
1696 3439 1891 3513 civilis,

210 3540 223 3550 '
294 3535 471 3592 multo
494 3533 667 3607 magis
696 3535 993 3590 convenire
1018 3532 1121 3605 legi
1144 3532 1458 3589 canonicae.
1484 3528 1739 3588 Secundo
1760 3544 1893 3602 ergo

292 3624 551 3681 convenit
572 3624 653 3680 lex
676 3622 941 3679 canonica
963 3636 1093 3679 cum
1116 3620 1257 3678 civili
1272 3663 1287 3692 ,
1303 3621 1431 3693 quia
1451 3620 1769 3692 praecipere
1791 3636 1888 3691 po·

293 3720 402 3772 test
420 3716 474 3771 in
505 3714 730 3770 materia
752 3714 1157 3784 cuiuscumque
1185 3710 1427 3781 virtutis,
1452 3709 1577 3783 quia
1605 3708 1894 3765 ordinatur

264 3804 361 3862 ·ad
404 3805 565 3860 finem
607 3801 992 3875 perfectiorem
1019 3841 1035 3873 ,
1076 3801 1360 3874 magisque
1402 3798 1782 3871 spiritualem,
1828 3797 1894 3855 ad

289 3909 459 3970 quem
484 3909 621 3950 usus
648 3892 895 3949 omnium
918 3891 1185 3948 virtutum
1214 3888 1387 3962 magis
1411 3888 1759 3945 necessarius
1780 3894 1887 3961 est3

288 3985 448 4042 etita
471 3987 695 4040 constat
716 3996 784 4037 ex
812 3980 1087 4054 usu,quia
1113 3978 1363 4035 Ecclesia
1387 3976 1712 4035 determinat
1737 3992 1894 4049 prae-

289 4077 455 4145 cepta
481 4070 691 4143 divina,
719 4067 807 4126 vel
834 4067 982 4127 addit
1006 4084 1147 4125 nova
1172 4069 1224 4123 in
1255 4068 1634 4140 sacramentis,
1662 4066 1893 4141 ieiuniis,

290 4160 663 4232 orationibus,
693 4166 803 4217 etc.
832 4165 893 4216 nt
922 4158 1029 4215 late
1084 4164 1141 4215 et
1164 4156 1300 4215 bene
1328 4158 1554 4213 Navarr.
1582 4156 1647 4213 de
1673 4153 1890 4213 reddit.

290 4249 525 4309 Eccles.
549 4266 605 4323 q.
631 4254 689 4320 2,
720 4263 869 4304 mon.
896 4248 1073 4304 ultim.
1099 4262 1255 4303 num.
1282 4251 1338 4317 2,
1362 4251 1419 4302 et
1448 4249 1502 4303 3.

368 4346 428 4399 2.
458 4341 641 4398 Tertio
664 4336 1015 4408 conveniunt,
1040 4335 1167 4409 quia
1191 4335 1469 4392 lexetiam
1491 4338 1759 4394 canonica
1786 4352 1895 4395 non

290 4429 561 4503 praecipit
590 4440 781 4485 omnes
809 4429 967 4482 actus
998 4423 1239 4482 omnium
1268 4424 1561 4494 virtutum,
1586 4423 1714 4482 licet
1740 4440 1898 4497 prae·

290 4519 461 4591 cipiat
492 4516 735 4573 omnium
764 4514 1030 4570 virtutum
1058 4519 1243 4584 actus3
1272 4514 1403 4585 quia
1428 4514 1568 4570 inter
1595 4528 1763 4586 opera
1787 4514 1900 4573 vir·

292 4614 479 4666 tutum
522 4606 704 4663 multa
742 4609 875 4661 sunt
912 4602 1152 4672 consilii,
1192 4616 1333 4675 quae
1372 4618 1482 4659 non
1522 4611 1757 4675 possunt
1792 4604 1899 4661 sub

291 4696 599 4755 absolutam
629 4692 1016 4766 obligationem
1037 4706 1134 4764 per
1152 4690 1458 4748 Ecclesiam
1483 4692 1706 4766 imponi,
1734 4699 1795 4750 ut
1816 4699 1898 4749 est

288 4792 559 4860 perpetua
593 4784 821 4841 castitas
840 4824 855 4852 ,
882 4788 941 4838 et
978 4780 1191 4839 similia.
1224 4782 1295 4839 Et
1326 4781 1465 4839 ratio
1492 4789 1609 4853 est,
1640 4782 1770 4857 quia
1809 4782 1896 4839 lex

289 4876 561 4933 canonica
589 4874 719 4953 licet
754 4888 785 4928 a
822 4870 1001 4927 divina
1029 4875 1301 4943 potestate
1328 4869 1633 4943 specialiter
1667 4869 1896 4928 descen-

288 4966 405 5033 dat,
432 4963 761 5036 sempliciter
789 4960 1027 5018 humana
1051 4966 1159 5031 est,
1183 4966 1239 5016 et
1264 4960 1394 5016 ferri
1419 4959 1578 5018 debet
1604 4959 1767 5017 modo
1795 4959 1895 5017 ho·

288 5055 525 5113 minibus
547 5048 981 5117 accommodato3
1006 5054 1064 5107 et
1086 5047 1203 5106 ideo
1222 5064 1343 5107 esse
1363 5051 1523 5106 etiam
1545 5047 1707 5106 debet
1730 5053 1897 5107 mori-

292 5147 401 5204 bus
433 5144 715 5203 hominum
753 5138 1190 5206 accommodata,
1212 5144 1267 5196 et
1294 5138 1571 5197 moraliter
1599 5139 1893 5213 possibilis,

290 5240 347 5292 et
376 5232 525 5292 utilis
553 5229 913 5301 multitudini,
944 5230 1092 5287 sieut
1136 5228 1202 5286 de
1245 5228 1365 5302 lege
1412 5229 1465 5285 in
1513 5230 1789 5287 communi
1818 5229 1905 5287 di·-

450 5354 647 5406 Suantz,
667 5354 729 5400 Do
742 5352 931 5409 beatam
946 5372 999 5385 -
1010 5350 1121 5397 Pars
1135 5350 1173 5395 l.

3355 350 3480 417 337

1969 508 2123 558 ctum
2151 506 2256 557 est.
2273 500 2391 558 Dixi
2419 504 2605 557 autem
2633 494 2886 555 absolute
2913 496 3261 569 praecipere3
3293 500 3414 551 tum
3439 494 3569 567 quia

1965 605 2073 646 non
2102 589 2352 647 absolute
2373 629 2388 659 ,
2420 588 2516 645 sed
2546 586 2650 643 sub
2679 586 2859 659 aliqua
2885 587 3030 643 iusta
3058 584 3364 643 conditione
3382 588 3567 657 potest

1964 678 2214 737 Ecclesia
2236 677 2508 735 interdum
2536 677 2848 748 praecipere
2877 690 3039 748 opera
3068 673 3394 747 consilii3sic
3416 674 3564 731 enim

1964 768 2194 839 imponit
2219 765 2432 823 clericis
2453 767 2505 821 in
2535 765 2708 822 sacris
2731 766 3110 822 necessitatem
3147 756 3420 820 castitatis
3447 777 3566 819 ser·-

1966 855 2174 913 vandae
2201 898 2217 927 ,
2260 857 2389 927 quia
2415 870 2522 911 non
2543 854 2900 927 simpliciter,
2934 852 3031 911 sed
3057 852 3162 910 suh
3188 854 3408 926 praevia
3435 868 3568 911 con-

1964 946 2171 1005 ditione
2203 944 2510 1003 voluntaria
2536 943 2672 1000 illud
2701 959 2842 1002 onus
2874 943 3124 1015 imponit,
3154 943 3388 1013 scilicet,
3403 944 3447 999 si
3473 959 3566 1001 ve-

1966 1036 2065 1093 lint
2102 1036 2155 1091 in
2187 1034 2275 1092 illo
2303 1033 2492 1091 ordine
2521 1034 2821 1104 constitui,
2859 1032 3008 1106 quod
3048 1032 3150 1089 illis
3189 1032 3564 1091 voluntarium

1967 1131 2087 1195 est3
2126 1129 2248 1181 tum
2285 1125 2450 1181 etiam
2472 1114 2652 1195 ‚quia
2687 1120 2815 1179 licet
2841 1121 3094 1179 absolute
3129 1138 3236 1179 non
3265 1124 3568 1195 praecipiat

1970 1228 2138 1285 opera
2165 1212 2306 1270 dura
2341 1220 2400 1269 et
2439 1227 2665 1284 asperae
2693 1211 3084 1284 poenitentiae,
3117 1213 3396 1285 supposito
3434 1211 3570 1270 deli·

1975 1309 2090 1373 cto,
2122 1307 2307 1373 potest
2342 1302 2430 1359 illa
2465 1301 2780 1374 praecipere
2818 1301 2873 1358 in
2900 1300 3188 1359 vindictam
3215 1303 3336 1359 eius
3355 1309 3414 1359 et
3439 1318 3569 1359 cor-

1976 1392 2300 1449 rectionem.
2322 1394 2395 1449 De
2435 1389 2629 1464 regula
2676 1396 2857 1448 autem
2888 1388 3154 1447 servanda
3182 1392 3240 1446 in
3266 1389 3572 1473 delinienda

1972 1478 2075 1536 hac
2120 1480 2377 1548 materia,
2419 1479 2642 1553 quando
2684 1479 2917 1537 excedat
2952 1479 3038 1536 vel
3084 1495 3194 1536 non
3238 1478 3471 1537 excedat
3508 1480 3574 1537 ti·

1965 1570 2125 1626 mites
2154 1571 2438 1640 potestatis
2467 1568 2778 1637 Ecclesiae,
2812 1566 2939 1625 nihil
2969 1570 3219 1626 occurrit
3257 1566 3570 1627 addendum

1968 1658 2051 1715 his
2073 1699 2089 1731 ,
2120 1674 2265 1733 quae
2293 1660 2360 1717 de
2401 1658 2520 1731 lege
2557 1657 2700 1714 civili
2738 1657 2845 1714 dixi
2867 1697 2882 1727 ,
2913 1656 3011 1714 sed
3047 1657 3300 1729 prudenti
3342 1656 3572 1716 arbitrio

1963 1763 2105 1820 opus
2143 1754 2252 1819 est,
2283 1747 2434 1821 quod
2475 1747 2704 1804 maxime
2745 1744 3276 1805 accommodandum
3313 1754 3400 1803 est
3445 1748 3573 1804 usui

1965 1836 2282 1907 Ecclesiae,
2311 1843 2368 1894 et
2404 1835 2600 1894 morali
2644 1836 2958 1893 necessitati
2995 1834 3122 1893 talis
3159 1836 3452 1907 materiae,
3485 1836 3572 1894 vel

1966 1926 2100 1999 legis
2122 1927 2176 1982 in
2204 1923 2392 1983 ordine
2421 1926 2489 1983 ad
2518 1940 2872 1983 communem
2900 1923 3132 1982 salutem
3162 1925 3492 1998 animarum,
3515 1926 3570 1983 iu

1965 2032 2078 2089 quo
2100 2017 2266 2073 etiam
2293 2010 2727 2073 considerandus
2749 2021 2834 2072 est
2855 2029 3220 2087 personarum
3242 2019 3444 2086 status,
3467 2030 3568 2087 pro

1966 2104 2169 2178 quibus
2194 2106 2343 2177 leges
2373 2104 2649 2173 seruntur,
2673 2112 2736 2161 ut
2767 2103 2838 2160 illi
2862 2105 3030 2161 etiam
3049 2102 3561 2163 accommodentur.

2046 2194 2253 2263 Quarto
2283 2193 2530 2251 similiter
2557 2193 2814 2251 convenit
2840 2194 2925 2251 lex
2951 2195 3220 2251 canonica
3247 2209 3379 2252 cum
3406 2193 3570 2267 civili,

1968 2284 2097 2357 quia
2123 2299 2230 2341 non
2273 2282 2526 2356 prohibet
2561 2283 2810 2340 absolute
2849 2284 3030 2340 omnia
3068 2282 3196 2339 vitia
3221 2290 3279 2340 et
3318 2290 3567 2355 peccata.

1971 2376 2106 2433 Dico
2138 2379 2348 2445 autem,
2380 2388 2490 2429 non
2516 2371 2804 2445 prohibere
2831 2364 3258 2443 omnia'speciali
3285 2374 3571 2431 coactione

1970 2472 2071 2522 aut
2097 2477 2338 2520 censura
2356 2503 2371 2534 ,
2402 2462 2492 2519 illa
2520 2460 2746 2533 utendo,
2777 2477 2903 2518 nam
2931 2460 3181 2518 absolute
3209 2462 3365 2533 cupit
3391 2462 3574 2521 omnia

1966 2555 2181 2625 evitari,
2199 2559 2258 2610 et
2281 2568 2378 2625 per
2405 2552 2716 2609 doctrinam
2743 2556 2799 2608 et
2826 2550 3174 2607 monitionem
3195 2549 3248 2607 id
3277 2559 3572 2625 procurat,

1969 2644 2313 2717 pertinetque
2329 2641 2560 2699 maxime
2583 2640 2718 2697 haec
2740 2654 2880 2697 cura
2899 2638 2967 2696 ad
2989 2639 3266 2697 Ecclesiae
3289 2646 3559 2711 pastores.

1964 2736 2036 2789 At
2076 2747 2176 2803 per
2218 2731 2326 2789 vim
2367 2730 2672 2787 coactivam
2713 2727 2798 2786 vel
2840 2729 3194 2802 legislativum
3236 2745 3344 2785 non
3386 2732 3568 2794 omnia

1964 2819 2238 2897 prohibet,
2269 2820 2400 2893 quia
2422 2824 2569 2875 esset
2595 2818 2753 2877 nimis
2780 2833 3080 2875 onerosum
3106 2817 3374 2876 humanae
3401 2818 3568 2893 fragi-

1965 2910 2122 2981 litati,
2138 2918 2196 2967 et
2214 2910 2396 2982 potius
2418 2914 2567 2964 esset
2587 2907 2640 2963 in
2661 2906 3122 2977 destructionem,
3151 2922 3319 2979 quam
3342 2909 3392 2964 in
3419 2908 3565 2967 aedi-

1964 2999 2299 3070 ficationem,
2331 2998 2458 3070 quia
2489 2997 2690 3054 maiora
2715 2997 2858 3053 mala
2887 3004 3250 3069 sequerentur
3276 3012 3345 3054 ex
3380 2999 3569 3070 prohi-

1963 3090 2170 3147 bitione
2197 3086 2332 3145 adeo
2360 3085 2619 3160 generali,
2643 3101 2810 3159 quam
2830 3102 2898 3143 ex
2926 3085 3106 3159 aliqua
3136 3085 3442 3143 tolerantia.
3459 3090 3574 3146 Re-

1964 3177 2093 3252 gula
2127 3192 2259 3252 ergo
2297 3177 2475 3250 posita
2511 3176 2834 3249 generaliter
2861 3191 2893 3232 a
2930 3174 2986 3231 d.
3019 3176 3224 3234 Thema
3251 3175 3361 3233 dic.
3385 3193 3441 3250 q.
3470 3180 3567 3250 95,

1965 3274 2069 3325 art.
2096 3271 2153 3338 2,
2177 3271 2234 3323 et
2253 3282 2422 3338 supra
2443 3263 2721 3323 declarata
2746 3264 3054 3335 specialiter
3075 3266 3128 3321 in
3155 3264 3370 3337 legibus
3397 3266 3568 3325 civili-

1962 3357 2089 3429 bus,
2115 3345 2246 3413 cum
2274 3357 2629 3427 proportione
2655 3353 2978 3426 applicanda
3003 3360 3091 3413 est
3119 3354 3188 3413 ad
3216 3355 3366 3428 leges
3395 3372 3562 3414 cano·

1962 3448 2147 3520 nicas;
2179 3446 2455 3517 prohibuit
2479 3444 2620 3501 enim
2648 3444 2798 3515 vitia,
2829 3459 2972 3518 quae
3000 3446 3256 3518 graviora
3282 3451 3443 3514 sunt,
3474 3443 3563 3503 vel

1963 3552 2106 3611 quae
2118 3535 2438 3599 scandalum
2451 3542 2509 3591 et
2527 3540 2925 3591 nocumentum
2948 3535 3227 3606 spirituale
3240 3533 3356 3593 aliis
3369 3536 3566 3593 afferre

1965 3631 2234 3699 possunt3
2281 3625 2380 3682 alia
2421 3639 2552 3681 vero
2592 3626 2804 3680 minora
2843 3624 3060 3697 tolerat,
3092 3639 3194 3681 seu
3233 3624 3561 3699 dissimulat,

1964 3730 2095 3773 cum
2119 3714 2492 3772 moderatione
2517 3719 2722 3784 autem,
2747 3719 2806 3769 et
2825 3712 2992 3770 modo
3013 3714 3196 3771 statim
3218 3714 3561 3787 explicando.

2044 3810 2095 3861 3.
2130 3805 2210 3861 Ex
2239 3803 2320 3859 his
2348 3804 2509 3875 igitur
2528 3803 2707 3859 oritur
2735 3805 2873 3859 ratio
2898 3800 3178 3859 dubitandi
3205 3805 3263 3860 in
3292 3805 3562 3874 praesenti

1963 3897 2201 3965 punct03
2232 3890 2401 3948 videri
2441 3892 2582 3946 enim
2619 3896 2830 3961 potest,
2862 3888 3077 3947 nullum
3109 3906 3232 3948 esse
3266 3890 3564 3951 discrimen

1966 3984 2103 4040 inter
2149 3981 2250 4037 bas
2291 3981 2438 4053 leges
2483 3980 2534 4035 in
2575 3994 2768 4036 earum
2809 3979 3038 4037 materia
3062 4021 3077 4049 ,
3120 3981 3567 4056 quandoquidem

1964 4079 2202 4145 utraque
2217 4071 2269 4127 in
2291 4070 2513 4127 materia
2535 4070 2777 4127 omnium
2803 4070 3074 4128 virtutum
3088 4076 3144 4127 et
3164 4072 3422 4130 vitiorum
3444 4089 3566 4130 ver·

1968 4165 2143 4217 satur.
2175 4158 2425 4229 Accedit,
2458 4173 2568 4214 non
2595 4156 2764 4216 videri
2794 4160 3164 4215 necessarium
3183 4201 3198 4231 ,
3229 4165 3292 4216 ut
3321 4167 3566 4235 potestas

1965 4247 2139 4305 civilis
2169 4253 2226 4304 et
2252 4247 2650 4315 ecclesiastica,
2681 4246 2809 4304 licet
2835 4245 3122 4305 distinctae
3150 4250 3280 4319 sint,
3315 4249 3365 4306 in
3395 4255 3565 4307 mate-

1964 4340 2044 4397 ria
2072 4338 2328 4395 distincta
2354 4343 2681 4409 versentur3
2713 4351 2874 4408 saepe
2899 4336 3044 4393 enim
3072 4337 3360 4411 contingit,
3390 4336 3566 4397 sacul-

1965 4434 2128 4499 tates,
2159 4427 2244 4484 vel
2273 4429 2506 4484 virtutes
2534 4424 2779 4483 diversas
2811 4427 2862 4483 in
2898 4426 3088 4483 eadem
3117 4428 3324 4483 versari
3351 4426 3456 4484 sub
3482 4427 3569 4485 di-

1965 4532 2124 4574 versa
2151 4516 2382 4587 ratione,
2406 4522 2474 4572 ut
2497 4521 2646 4587 patet
2671 4514 2738 4571 de
2765 4513 3069 4585 intellectu,
3101 4522 3160 4573 et
3185 4516 3481 4588 voluntate,
3511 4524 3568 4575 et

1968 4606 2332 4679 temperantia
2359 4604 2630 4675 acquisita
2650 4610 2706 4661 et
2731 4604 2930 4677 infusa,
2957 4605 3036 4661 sic
3063 4618 3195 4677 ergo
3223 4611 3465 4677 potestas
3487 4608 3567 4664 ci·

1968 4695 2091 4752 vilis
2109 4701 2168 4752 et
2193 4694 2570 4752 ecclesiastica
2596 4700 2859 4766 poterunt
2879 4694 3076 4751 habere
3105 4696 3386 4752 materiam
3409 4711 3562 4754 com·

1964 4798 2186 4841 munem
2226 4782 2330 4840 suh
2370 4781 2599 4839 diversis
2639 4781 2963 4854 rationibus,
2995 4781 3292 4840 ordinando
3332 4784 3450 4841 illas
3491 4785 3562 4843 ad

1965 4888 2097 4929 suos
2136 4871 2270 4928 lines
2315 4869 2582 4929 diversos.
2627 4872 2868 4946 Denique
2909 4872 3017 4930 hoc
3064 4871 3285 4930 videtur
3325 4873 3558 4931 suadere

1962 4976 2100 5017 usus
2127 4960 2276 5033 ipse,
2306 4975 2432 5017 nam
2463 4959 2606 5034 leges
2633 4960 2820 5019 civiles
2845 4968 2905 5019 et
2938 4961 3238 5019 canonicae
3266 4967 3559 5021 versantur

1968 5053 2119 5108 circa
2148 5049 2523 5119 matrimonia,
2554 5050 2881 5122 iuramenta,
2905 5066 3130 5124 usuras,
3157 5057 3215 5108 et
3243 5048 3452 5117 similia,
3482 5056 3560 5123 et,

1964 5138 2116 5213 quod
2143 5132 2418 5195 difficilius
2444 5138 2694 5211 videtur,
2725 5143 2780 5195 in
2809 5138 2944 5197 Cod.
2972 5140 3254 5198 Iustiniani
3292 5138 3563 5197 habentur

1963 5228 2114 5303 leges
2140 5226 2211 5285 de
2238 5228 2532 5303 episcopis,
2548 5229 2614 5286 de
2635 5230 2874 5303 clericis,
2892 5228 2961 5287 de
2981 5228 3289 5303 monacbis,
3303 5228 3370 5287 de
3387 5230 3569 5289 eccle-

3046 5352 3102 5398 43
