4325 6267
859 325 984 394 270

778 484 944 542 quam
983 468 1136 539 licet,
1168 469 1319 526 iuxta
1347 464 1480 524 iliud
1506 464 1802 539 Augustini
1829 461 1923 520 lib.
1955 457 2027 519 de
2063 461 2210 520 bono
2240 479 2375 520 con-

777 562 897 633 tuq.
933 574 1057 630 cap.
1096 560 1183 616 16:
1216 559 1420 616 Satius
1447 558 1532 613 est
1541 552 1719 628 same
1747 554 1922 620 mori,
1967 567 2154 626 quam
2193 550 2375 608 idolo·

779 643 964 722 th’ytis
989 649 1148 704 vesci
1176 647 1399 720 (utique
1425 660 1556 701 cum
1596 642 1856 700 scandalo
1897 642 1981 699 vel
2019 643 2215 701 iniuria
2254 641 2377 700 reli·

775 735 998 810 gionis).
1039 739 1090 794 1.
1120 733 1366 792 Corinth.
1405 738 1492 793 10.
1539 735 1610 790 Et
1635 732 1752 789 ideo
1794 731 1929 789 haec
1972 730 2229 805 obligatio
2267 747 2379 788 non

777 824 960 881 solum
987 825 1041 880 in
1067 822 1456 881 ecclesiasticis
1486 822 1696 894 legibus
1724 819 1908 878 locum
1949 820 2114 879 habet
2132 862 2148 894 ,
2176 820 2272 878 sed
2299 826 2379 878 et-

776 916 882 971 iam
913 913 964 970 in
993 913 1276 985 civilibus,
1309 913 1440 987 quia
1464 913 1627 969 etiam
1655 910 1779 968 illae
1810 910 2239 968 contemnendae
2268 925 2379 968 non

775 1010 926 1076 sunt,
957 1019 1060 1060 nec
1089 1005 1448 1075 magistratus
1479 1003 1674 1073 civilis,
1707 1002 1838 1059 etin
1861 1016 2053 1057 earum
2075 1001 2239 1058 etiam
2262 1001 2379 1056 vio-

776 1093 975 1150 latione
1009 1091 1328 1149 scandalum
1371 1090 1677 1146 cavendum
1707 1097 1810 1147 est.
1855 1092 1965 1148 Nec
2011 1089 2142 1146 satis
2182 1089 2283 1146 erit
2322 1090 2378 1144 in

775 1181 1236 1240 huiusmodicasu
1255 1179 1453 1237 habere
1469 1180 1700 1237 interius
1717 1179 2067 1236 intentionem
2089 1193 2197 1234 non
2220 1192 2380 1234 scan-

774 1273 1071 1342 dalizandi,
1103 1271 1187 1328 vel
1225 1287 1334 1326 non
1377 1268 1798 1339 contemnendi,
1839 1274 1895 1325 et
1932 1269 2177 1326 exterius
2219 1281 2379 1340 agere

777 1369 974 1421 contra
996 1363 1173 1436 legem
1197 1358 1264 1416 ad
1287 1357 1554 1416 vitandam
1584 1363 1838 1415 mortem.
1855 1357 2250 1430 Hoc,inquam,
2270 1371 2377 1412 non

775 1458 862 1510 est
884 1452 1039 1522 satis,
1061 1452 1195 1524 quia
1216 1455 1469 1505 tenemur
1489 1447 1728 1504 exterius
1749 1463 1858 1504 non
1879 1451 2257 1517 contemnere,
2272 1459 2377 1502 nec

777 1539 1259 1598 contemnentibus
1287 1537 1615 1607 consentire,
1645 1535 1732 1591 vel
1763 1535 2077 1608 cooperari,
2106 1542 2166 1592 et
2190 1533 2379 1590 simili-

775 1636 862 1687 ter
887 1628 958 1685 ad
989 1625 1268 1686 vitandum
1297 1624 1620 1682 scandalum
1642 1625 1874 1682 maxime
1900 1624 2273 1682 necessarium
2294 1641 2380 1681 es·

780 1733 838 1775 se
869 1716 1033 1787 solet,
1065 1722 1253 1773 actum
1281 1720 1570 1773 externum
1597 1714 1788 1787 vitare3
1821 1715 1865 1770 si
1895 1721 2078 1772 autem
2108 1719 2379 1787 protesta-

779 1808 856 1864 tio
883 1806 1065 1880 aliqua
1103 1805 1339 1864 exterior
1379 1803 1661 1860 sufficeret
1697 1802 1765 1859 ad
1805 1802 2108 1861 tollendum
2145 1802 2379 1860 scanda-

782 1896 928 1967 lum,
972 1901 1106 1953 tunc
1135 1899 1379 1952 cessaret
1403 1892 1492 1950 illa
1527 1895 1862 1967 necessitas,
1897 1893 2183 1978 utnotavit
2206 1894 2379 1950 Bona-

782 1994 1016 2043 ventura
1051 1985 1105 2041 in
1133 1989 1189 2053 4,
1221 1984 1350 2041 dist.
1387 1987 1478 2056 33,
1509 1982 1642 2040 dub.
1678 1989 1731 2054 8,
1751 1983 1899 2041 circa
1927 1983 2190 2055 litteram,
2220 1989 2279 2040 et
2301 1981 2380 2040 la·

783 2078 892 2134 tius
922 2078 976 2132 in
1004 2075 1234 2131 materia
1261 2073 1328 2130 de
1356 2072 1611 2130 seandalo
1641 2078 1931 2130 tractatur.

858 2167 1037 2222 Dices:
1069 2164 1220 2238 Ergo
1249 2165 1304 2219 in
1331 2161 1644 2219 huiusmodi
1673 2161 1926 2233 casibus,
1958 2160 2086 2219 licet
2114 2159 2377 2234 obligatio

783 2254 906 2312 talis
934 2259 1093 2310 actus
1123 2254 1284 2326 quasi
1319 2251 1553 2308 resultet
1593 2251 1884 2308 occasione
1921 2251 2053 2324 legis
2090 2250 2375 2323 positivae,

781 2342 1132 2400 nihilominus
1158 2340 1375 2413 proprie
1395 2355 1502 2396 non
1527 2340 1656 2397 oriri
1676 2356 1744 2396 ex
1771 2338 1878 2411 illa,
1901 2337 1996 2396 sed
2016 2345 2114 2396 aut
2132 2355 2201 2395 ex
2222 2353 2381 2410 prae-

781 2438 942 2504 cepto
968 2431 1298 2489 affirmativo
1327 2428 1618 2486 confitendi
1645 2428 1806 2487 tidem
1843 2435 2088 2501 tempore
2116 2433 2378 2501 opportu-

783 2537 874 2594 no,
905 2521 988 2578 vel
1018 2535 1086 2578 ex
1111 2527 1411 2592 praecepto
1439 2519 1693 2592 negativo
1733 2535 1840 2576 nen
1883 2517 2175 2590 praebendi
2218 2533 2377 2574 scan-

780 2610 968 2668 dalum
998 2611 1137 2680 aliis,
1167 2608 1254 2665 vel
1283 2623 1388 2664 non
1419 2607 1798 2666 contemnendi
1835 2608 2043 2681 legem,
2084 2613 2183 2664 aut
2216 2623 2378 2680 supe·

780 2701 949 2757 rioris
975 2704 1323 2771 potestatem.
1349 2699 1497 2766 Quae
1526 2704 1657 2754 sunt
1677 2697 2029 2770 obligationes
2058 2695 2191 2770 legis
2217 2702 2379 2754 natu·

782 2787 943 2861 ralis,
989 2787 1370 2859 pertinentque
1413 2784 1483 2842 ad
1523 2785 1702 2860 legem
1729 2787 2007 2856 caritatis,
2039 2793 2136 2843 aut
2160 2785 2379 2860 religio-

779 2879 895 2948 nis,
934 2877 1019 2934 vel
1049 2876 1411 2934 consessionis
1438 2877 1590 2950 fidei,
1620 2876 1705 2933 vel
1745 2875 1981 2933 iustitiae
2012 2875 2203 2949 legalis
2222 2917 2237 2948 ,
2268 2892 2377 2933 non

781 2966 851 3024 ad
884 2964 1274 3040 particularem
1304 2965 1482 3038 legem
1521 2967 1831 3038 positivam.
1863 2965 2189 3038 Respondeo
2208 3008 2223 3037 ,
2255 2962 2381 3022 licet

781 3055 1062 3130 probabile
1102 3055 1207 3112 hoc
1251 3056 1352 3126 sit,
1396 3054 1730 3128 probabilius
1770 3063 1949 3113 tamen
1979 3055 2188 3125 videri,
2217 3055 2379 3112 etiam

741 3149 835 3206 .in
877 3143 968 3202 illo
1007 3161 1141 3201 casu
1179 3143 1424 3218 obligare
1470 3144 1644 3218 legem
1691 3143 2007 3202 humanam.
2049 3147 2241 3217 ltaque
2268 3159 2379 3200 non

779 3250 1084 3308 negamus,
1129 3233 1182 3289 in
1219 3232 1324 3289 illis
1364 3233 1650 3291 eventibus
1691 3235 1935 3308 obligare
1974 3241 2267 3306 praecepta
2291 3233 2381 3290 illa

781 3322 1070 3394 naturalia,
1105 3339 1205 3380 seu
1232 3321 1456 3394 aliquod
1481 3322 1723 3396 illorum3
1748 3323 1983 3380 dicimus
2015 3329 2218 3397 tamen,
2250 3323 2383 3379 obli·

781 3428 913 3486 gare
953 3410 1022 3477 ad
1063 3410 1386 3469 servandam
1428 3411 1598 3484 ipsam
1641 3413 1813 3486 legem
1854 3412 2174 3487 positivam,
2216 3419 2273 3470 et
2308 3413 2381 3470 ita

780 3503 949 3560 etiam
989 3501 1163 3574 legem
1203 3503 1378 3574 ipsam
1403 3501 1688 3573 positivam
1717 3501 1980 3574 obligare.
2013 3501 2174 3560 Sicut
2200 3504 2255 3559 in
2285 3516 2380 3559 oc·

779 3593 998 3667 casione
1042 3591 1347 3647 necessaria
1384 3589 1676 3647 confitendi
1711 3590 1870 3648 tidem
1909 3590 2116 3665 obligat
2149 3591 2281 3648 tides
2310 3590 2379 3648 ad

783 3678 1163 3736 sustinendum
1199 3680 1521 3754 martyrium
1549 3686 1775 3751 propter
1811 3677 1931 3736 fidei
1958 3679 2377 3752 confessionem,

780 3777 835 3828 et
861 3768 1208 3826 nihilominus
1241 3776 1375 3825 tuuc
1407 3770 1568 3825 etiam
1593 3768 1797 3842 obligat
1817 3768 2080 3826 fortitudo
2100 3773 2259 3843 quasi
2280 3769 2381 3826 im-

780 3865 972 3931 perata
1008 3873 1040 3914 a
1073 3857 1214 3930 fide3
1243 3857 1315 3912 ita
1342 3870 1476 3931 ergo
1505 3858 1672 3915 estin
1704 3861 1992 3928 praesenti.
2015 3857 2167 3916 Unde
2190 3875 2221 3916 e
2248 3875 2379 3916 con-

781 3949 985 4020 trario,
1023 3947 1068 4004 si
1095 3948 1221 4020 quis
1250 3949 1302 4003 in
1331 3961 1396 4004 eo
1425 3962 1562 4003 casu
1599 3947 1766 4004 violet
1801 3949 1977 4022 legem
2012 3948 2297 4021 positivam
2326 3949 2377 4004 in

781 4044 1160 4109 contemptum
1198 4036 1510 4110 religionis,
1539 4051 1646 4093 non
1677 4036 1854 4093 solum
1887 4044 2085 4110 peccat
2111 4037 2165 4093 in
2193 4037 2377 4109 specie

781 4130 1162 4198 contemptus,
1201 4123 1296 4181 sed
1336 4125 1497 4183 etiam
1535 4127 1590 4181 in
1631 4127 1816 4198 specie
1858 4125 1975 4182 vitii
2014 4127 2279 4183 contrarii
2304 4126 2377 4184 illi

779 4213 973 4272 morali
999 4216 1227 4284 virtuti,
1259 4213 1326 4270 ad
1354 4229 1522 4288 quam
1551 4215 1787 4286 pertinet
1819 4221 2202 4288 praeceptum,
2233 4218 2377 4273 utin

781 4319 915 4362 casu
947 4303 1431 4374 machabaeorum,
1465 4302 1511 4358 si
1538 4303 1614 4360 illi
1641 4303 1997 4362 comederent
2025 4321 2223 4364 carnes
2252 4320 2377 4378 por-

780 4394 958 4464 cinas,
998 4405 1104 4448 non
1133 4391 1312 4449 solum
1335 4398 1534 4450 contra
1557 4393 1871 4467 religionem
1891 4435 1906 4466 ,
1935 4394 2030 4452 sed
2051 4397 2217 4452 etiam
2241 4410 2375 4452 con-

780 4490 867 4539 tra
897 4482 1308 4554 temperantiam
1335 4489 1662 4556 peccarent,
1694 4482 2034 4541 comedendo
2070 4483 2255 4541 cibum
2284 4497 2377 4541 ve·

784 4572 965 4630 titum.
997 4571 1069 4628 Et
1095 4573 1173 4628 sic
1199 4570 1266 4628 de
1293 4571 1430 4627 aliis.

862 4664 914 4720 7.
946 4659 1051 4717 Sed
1092 4667 1323 4732 quaeret
1360 4659 1576 4717 tandem
1619 4658 1843 4734 aliquis,
1886 4659 2163 4736 quomodo
2204 4663 2379 4734 possit

781 4753 996 4805 certum
1035 4746 1296 4807 iudicium
1334 4749 1465 4807 ferri
1506 4748 1571 4806 ad
1611 4748 2028 4808 discernendum
2063 4757 2279 4825 tempus
2320 4758 2377 4809 et

783 4837 1126 4909 occasiones,
1143 4838 1192 4894 in
1216 4837 1416 4912 quibus
1438 4837 1642 4911 obligat
1661 4838 1746 4896 lex
1767 4839 2005 4897 humana
2026 4855 2135 4897 non
2156 4839 2375 4898 obstan-

781 4933 840 4984 te
867 4926 1110 4999 periculo
1137 4927 1354 4984 mortis?
1382 4928 1737 5004 Respondeo,
1760 4929 1845 4986 vix
1867 4945 2031 5002 posse
2053 4934 2263 4987 certam
2284 4929 2379 4987 ali-

783 5031 949 5091 quam
977 5015 1224 5092 regulam
1246 5016 1551 5091 designari,
1581 5016 1678 5076 sed
1699 5018 1956 5090 prudenti
1977 5021 2201 5078 arbitrio
2222 5027 2375 5078 uten-

782 5106 914 5164 dum
953 5120 1095 5163 esse.
1128 5109 1246 5164 Duo
1287 5113 1467 5165 tamen
1507 5105 1707 5166 adhoc
1737 5109 1982 5182 prudens
2006 5108 2269 5168 iudicium
2298 5111 2375 5168 se·

782 5196 1019 5254 rendum
1059 5197 1338 5256 observari
1382 5202 1636 5271 possunt.
1681 5199 1926 5259 Primum
1966 5207 2052 5260 est
2087 5201 2376 5275 dupliciter

2238 338 2445 390 mm
2484 339 2593 390 111.

2446 478 2607 536 posse
2635 459 2877 520 homines
2902 449 3143 519 incidere
3183 459 3238 516 in
3278 459 3383 518 hoc
3404 460 3715 533 periculum
3742 462 3793 520 in
3829 467 4049 522 metum

2446 551 2657 609 mortis.
2688 551 2805 610 Uno
2846 549 3009 607 modo
3050 548 3119 606 ab
3145 549 3471 623 intrinseco,
3502 564 3601 608 seu
3627 565 3695 607 ex
3720 551 3965 610 naturali
3990 561 4053 611 et

2447 641 2718 698 ordinaria
2766 640 3079 698 conditione
3126 638 3395 697 humanae
3443 639 3767 696 conditionis
3808 629 4049 714 fragilis,

2444 731 2560 787 sive
2588 729 2793 786 oriatur
2820 744 2888 787 ex
2908 727 3244 802 aegritudine
3266 728 3593 800 intrinseca,
3618 730 3735 785 sive
3754 743 3823 786 ex
3846 745 4049 787 neces·

2444 820 2601 877 sitate
2628 819 2784 876 samis
2812 825 2910 876 aut
2936 819 3051 876 sitis
3070 858 3086 887 ,
3118 818 3233 876 sive
3258 833 3325 876 ex
3356 825 3679 891 tempestate
3708 819 3896 894 maris,
3924 821 4055 877 sive

2444 923 2511 965 ex
2543 909 2834 966 occasione
2860 906 2989 966 belli
3010 908 3114 964 alia
3139 908 3208 966 de
3236 923 3405 966 causa
3432 911 3799 982 occurrentis,
3831 913 3953 969 sive
3979 926 4051 970 ex

2445 1012 2797 1071 quacumque
2833 999 2941 1054 alia
2969 1013 3140 1055 causa
3168 1001 3477 1056 extrinseca
3494 1040 3510 1070 ,
3534 1015 3679 1073 quae
3705 999 3915 1059 directe
3940 1017 4055 1058 non

2446 1087 2685 1147 intendat
2714 1087 3195 1161 transgressionem
3217 1090 3375 1160 legis.
3403 1089 3517 1146 Alio
3542 1088 3703 1146 modo
3732 1097 3915 1162 potest
3940 1090 4053 1148 hoc

2448 1176 2651 1234 malum
2689 1179 2975 1234 imminere
3015 1175 3083 1233 ab
3123 1178 3468 1250 extrinseco,
3510 1177 3565 1235 id
3603 1184 3691 1236 est
3729 1179 3799 1235 ab
3828 1178 4056 1237 homine

2446 1269 2811 1326 comminante
2851 1267 2958 1325 tale
2986 1267 3227 1339 malum,
3262 1273 3324 1324 ut
3349 1273 3676 1340 extorqueat
3702 1269 3835 1344 legis
3868 1274 4051 1326 trans-

2445 1359 2812 1430 gressionem,
2856 1356 2999 1414 unde
3039 1357 3188 1430 prior
3224 1355 3335 1414 dici
3376 1362 3558 1429 potest
3581 1359 3739 1431 quasi
3766 1373 3863 1430 per
3890 1361 4050 1416 acci-

2446 1445 2580 1503 dens
2610 1452 2867 1518 respectu
2890 1445 3009 1503 talis
3034 1447 3295 1519 effectus3
3327 1445 3415 1504 hic
3439 1462 3570 1504 vero
3594 1448 3865 1519 posterior
3884 1449 4055 1522 quasi

2444 1551 2542 1608 per
2582 1551 2639 1592 se
2660 1577 2675 1608 ,
2720 1535 3000 1593 moraliter
3037 1535 3342 1609 loquendo,
3374 1543 3430 1594 et
3455 1552 3523 1594 ex
3552 1543 3705 1608 parte
3732 1552 3941 1595 causae
3970 1540 4061 1594 in-

2446 1625 2669 1683 serentis
2712 1624 2873 1684 talem
2914 1633 3143 1683 metum.
3187 1625 3429 1700 Quando,
3457 1626 3683 1683 occasio
3724 1631 3809 1684 est
3846 1627 4053 1699 prioris

2448 1713 2625 1788 modi,
2654 1713 2975 1788 regulariter
3014 1713 3099 1772 lex
3138 1714 3368 1786 positiva
3406 1729 3515 1770 non
3556 1714 3760 1788 obligat
3783 1729 3919 1772 cum
3948 1716 4050 1772 tali

2446 1803 2721 1877 periculo:
2754 1803 2835 1860 sic
2872 1803 3181 1861 Hachabaei
3210 1809 3601 1874 processerunt
3627 1803 3696 1861 ad
3722 1801 3931 1861 bellum
3960 1803 4051 1860 die

2446 1894 2653 1951 sabbati
2678 1893 2885 1951 ratione
2913 1892 3166 1965 periculi,
3202 1895 3252 1949 1.
3282 1892 3529 1949 Machab.
3564 1897 3635 1966 2,
3666 1893 3798 1966 quia
3822 1894 4047 1965 pericu-

2446 1985 2559 2043 lum
2588 1989 2706 2042 erat
2741 1983 2937 2055 prioris
2965 1982 3211 2057 generis,
3242 1986 3298 2040 et
3322 1981 3735 2054 intellexerunt,
3764 1984 3822 2038 in
3848 1982 3943 2040 illo
3972 1982 4052 2039 le·

2445 2090 2570 2150 gem
2600 2067 2809 2132 sabbati
2838 2087 2947 2128 non
2976 2071 3235 2145 obligare.
3260 2070 3487 2139 Quando
3515 2087 3647 2128 vero
3671 2077 3851 2130 metus
3879 2073 4055 2130 infer-

2446 2170 2541 2221 tur
2579 2159 2861 2234 posteriori
2902 2159 3095 2233 modo,
3140 2160 3458 2234 regulariter
3488 2175 3595 2218 non
3620 2167 3882 2230 excusat,
3919 2162 4053 2235 quia

2446 2249 2592 2310 cedit
2617 2253 2671 2307 in
2700 2254 3081 2322 contemptum
3112 2248 3264 2322 fidei,
3295 2247 3379 2306 vel
3408 2249 3717 2323 religionis,
3745 2257 3807 2308 et
3832 2251 3917 2308 sic
3948 2253 4056 2309 lla-

2445 2340 2670 2399 chabaei
2716 2345 2950 2397 mortem
2992 2340 3409 2411 sustinuerunt,
3447 2354 3517 2395 ne
3554 2337 3731 2412 legem
3766 2339 4055 2412 violarent,

2444 2430 2538 2497 lib.
2579 2434 2644 2499 2,
2684 2445 2807 2501 cap.
2844 2431 2910 2500 7,
2943 2429 3073 2500 quia
3100 2433 3279 2484 metus
3316 2426 3403 2484 ille
3440 2426 3649 2486 directe
3684 2426 3751 2485 ad
3778 2427 3889 2486 boc
3918 2429 4055 2486 int'e-

2444 2519 2670 2578 rebatur
2710 2535 2743 2575 a
2782 2523 3034 2594 tyranno.
3067 2517 3183 2574 Dixi
3219 2523 3404 2574 autem
3432 2519 3487 2574 in
3515 2524 3753 2590 utraque
3778 2523 3935 2590 parte
3962 2533 4055 2575 re-

2443 2607 2768 2684 quim-tter,
2814 2607 2943 2680 quia
2980 2621 3087 2663 non
3128 2613 3215 2662 est
3258 2607 3451 2680 regula
3498 2605 3634 2664 adeo
3681 2606 3955 2680 generalis
4000 2614 4059 2665 et

2446 2695 2771 2769 infallibilis,
2816 2696 2945 2769 quin
2984 2696 3161 2768 possit
3199 2693 3490 2769 aliquando
3530 2694 3794 2766 deficere,
3836 2703 3893 2753 et
3930 2689 4055 2754 ideo

2446 2801 2663 2858 semper
2686 2791 2817 2842 sunt
2838 2784 3203 2857 particulares
3226 2785 3675 2842 circumstantiae
3694 2785 4055 2842 consideran-

2446 2876 2547 2934 dae
2569 2875 2637 2933 ad
2660 2875 2913 2933 ultimum
2938 2873 3207 2931 iudicium
3236 2872 3541 2932 serendum.
3565 2874 3892 2933 Praesertim
3914 2890 4051 2933 vero

2446 2967 2502 3022 in
2531 2964 2815 3036 posteriori
2838 2963 3000 3021 modo
3030 2964 3343 3036 contingere
3366 2969 3566 3034 potest,
3599 2969 3661 3020 ut
3682 2962 3815 3020 licet
3834 2963 4048 3022 directe

2448 3056 2711 3113 inseratur
2744 3059 2923 3110 metus
2950 3051 3019 3110 ad
3039 3051 3471 3126 extorquendam
3491 3053 3757 3109 actionem
3780 3053 3888 3126 legi
3908 3069 4046 3110 con-

2447 3144 2699 3214 trariam,
2743 3159 2851 3199 nou
2892 3149 3075 3200 tamen
3114 3140 3165 3197 id
3201 3142 3293 3198 fiat
3320 3147 3544 3214 propter
3572 3140 3710 3215 legis
3740 3147 4050 3216 transgres-

2449 3235 2655 3290 sionem
2684 3233 2737 3289 in
2766 3233 2884 3288 eius
2912 3236 3322 3304 contemptum,
3348 3230 3433 3288 vel
3456 3229 3763 3303 religionis,
3789 3232 3887 3287 sed
3918 3247 4045 3303 pro·

2447 3329 2571 3396 pter
2597 3323 2729 3379 alias
2754 3335 2953 3378 causas
2982 3320 3285 3393 humanas,
3311 3319 3642 3394 voluptatis,
3666 3326 3765 3377 aut
3792 3335 4044 3378 eommo-

2448 3411 2531 3484 di,
2563 3417 2629 3468 ut
2656 3410 2906 3468 adnotavi
2928 3411 2983 3466 in
3002 3409 3068 3466 V.
3095 3415 3277 3481 tomo,
3302 3409 3569 3481 disputat.
3596 3413 3652 3482 63
3676 3415 3735 3468 et
3758 3415 3895 3466 tunc
3922 3411 4043 3468 talis

2449 3507 2631 3558 metus
2655 3497 2880 3572 perinde
2902 3505 3195 3570 reputatur
3217 3514 3281 3555 ac
3303 3497 3535 3572 quilibet
3555 3497 3692 3556 alius
3714 3501 4041 3572 proveniens

2447 3605 2513 3648 ex
2541 3591 2725 3648 causis
2754 3587 3136 3661 naturalibus,
3170 3586 3252 3644 vel
3280 3587 3622 3659 extrinsecis,
3652 3589 3782 3660 quia
3806 3603 3919 3645 non
3947 3605 4042 3662 pa·

2450 3681 2525 3738 rit
2551 3685 2933 3750 contemptum
2960 3677 3126 3756 legis,
3160 3677 3243 3733 vel
3271 3675 3417 3734 aliud
3445 3676 3615 3734 simile
3642 3677 3869 3736 malum.

2526 3768 2785 3826 Secundo
2814 3765 3217 3825 observandum
3243 3771 3359 3840 est,
3391 3765 3537 3824 aliud
3564 3780 3687 3824 esse
3714 3766 3945 3841 obligari
3970 3767 4035 3824 ad

2447 3859 2878 3916 observationem
2920 3856 3051 3930 legis
3092 3854 3390 3926 humanae,
3421 3870 3532 3912 non
3569 3855 3823 3913 obstante
3849 3857 4041 3914 mortis

2444 3946 2713 4022 periculo,
2732 3945 2878 4004 aliud
2894 3960 3023 4002 vero
3046 3960 3207 4016 posse
3229 3943 3371 4001 licite
3385 3958 3507 4002 eam
3518 3945 3837 4017 observare,
3850 3946 4043 4004 eodem

2445 4037 2691 4110 periculo
2721 4051 2831 4092 non
2868 4033 3135 4091 obstante.
3168 4033 3300 4092 Plus
3338 4033 3482 4091 enim
3519 4034 3587 4092 ad
3624 4035 3780 4106 prius
3809 4037 4045 4108 requiri·

2443 4134 2567 4200 tur,
2598 4141 2764 4200 quam
2787 4123 2855 4182 ad
2884 4109 3186 4197 posteriu33
3212 4122 3341 4180 licet
3364 4123 3510 4180 enim
3532 4121 3601 4179 ad
3624 4129 3929 4197 utrumque
3950 4139 4045 4181 ne·

2444 4217 2684 4274 cessaria
2726 4216 2797 4271 sit
2834 4213 3017 4287 aliqua
3056 4213 3195 4270 ratio
3235 4211 3392 4269 valde
3418 4211 3599 4285 gravis
3626 4217 3683 4271 et
3705 4213 3883 4284 iusta,
3916 4214 4045 4288 quia

2442 4322 2551 4363 non
2590 4310 2770 4378 potest
2798 4303 2959 4360 homo
2988 4318 3089 4375 pro
3117 4316 3469 4375 quacumque
3500 4301 3603 4360 levi
3631 4304 3929 4360 occasione
3968 4305 4045 4360 vi-

2443 4400 2554 4452 tam
2594 4392 2913 4466 prodiger03
2957 4391 3308 4448 nihilominus
3347 4390 3521 4448 multo
3560 4391 3733 4450 maior
3759 4407 3933 4450 causa
3961 4409 4045 4450 re-

2445 4483 2719 4559 quiritur,
2756 4489 2821 4540 ut
2862 4481 2928 4538 ad
2970 4480 3075 4538 hoc
3116 4480 3291 4554 possit
3330 4480 3552 4554 obligari
3590 4497 3691 4553 per
3717 4479 3931 4555 legem,
3958 4481 4045 4540 vel

2444 4579 2800 4646 praeceptum
2840 4571 3139 4644 superioris
3178 4568 3439 4644 humani,
3482 4584 3651 4642 quam
3691 4577 3754 4628 ut
3788 4569 3843 4628 id
3871 4573 4046 4645 possit

2432 4662 2610 4721 -homo
2639 4677 2741 4720 sua
2769 4668 3070 4733 spontanea
3096 4659 3381 4717 voluntate
3410 4659 3636 4716 honeste
3664 4659 3882 4730 facere,
3912 4661 4042 4735 quia

2444 4771 2552 4811 non
2594 4753 2775 4810 omnia
2814 4752 3044 4809 honesta
3079 4755 3314 4824 possunt
3339 4749 3497 4808 nobis
3522 4748 3793 4822 praecipi,
3823 4749 4045 4823 quaudo

2446 4850 2579 4901 sunt
2615 4840 2771 4899 valde
2810 4839 3014 4913 ardua,
3056 4841 3163 4897 nisi
3204 4852 3273 4896 ex
3312 4837 3534 4911 speciali
3572 4840 3901 4895 necessitate
3928 4841 4045 4898 sine

2448 4949 2563 5009 qua
2592 4948 2696 4990 nos
2722 4945 3023 5005 possumus
3050 4929 3142 4986 illa
3168 4928 3333 4986 libere
3361 4928 3563 4986 facere.
3592 4927 3681 4986 Sic
3709 4934 3892 5000 potest
3916 4931 4045 5004 quis

2446 5026 2502 5081 in
2534 5038 2671 5080 casu
2710 5020 3055 5079 necessitatis
3080 5023 3359 5078 extremae
3385 5017 3540 5074 samis
3573 5015 3661 5076 vel
3688 5017 3957 5091 naufragii
3983 5019 4047 5075 li·

2448 5114 2557 5171 cite
2585 5111 2786 5170 cedere
2814 5125 2916 5167 suo
2944 5106 3275 5179 commodo,
3304 5113 3365 5163 et
3389 5106 3519 5165 dare
3546 5121 3743 5180 panem
3768 5107 3853 5164 vel
3880 5107 4041 5166 tabu·

2448 5201 2556 5296 lam
2584 5201 2760 5260 amico
2788 5198 3035 5273 aequali,
3066 5197 3139 5257 ad
3164 5198 3318 5274 quod
3344 5203 3527 5258 tamen
3554 5213 3665 5257 non
3692 5204 3890 5272 posset
3919 5198 4045 5274 lege
