4325 6267
1826 320 2035 368 CAPUT
2064 321 2154 369 vl.

343 450 395 503 in
426 464 493 504 eo
520 448 703 505 ordine
740 448 939 505 habero
967 464 1279 520 supremam
1320 450 1665 520 potestatem.
1700 447 1928 501 Antece-

338 536 477 593 dens
504 546 686 595 autem
717 539 977 610 probatur
1003 554 1070 594 ex
1100 554 1222 611 cap.
1254 537 1495 605 Solitae,
1526 536 1593 593 de
1618 536 1851 592 maiorit.
1876 541 1932 589 et

340 627 727 699 inobedientia,
758 634 814 684 et
841 644 965 700 cap.
997 630 1114 685 Per
1139 625 1561 691 venerabitem,
1596 625 1691 699 qui
1732 624 1818 680 filii
1860 624 1932 679 le-

338 718 533 791 gitimi,
564 725 618 773 et
646 733 769 789 cap.
802 720 993 776 Novit.
1028 718 1093 773 de
1122 716 1360 783 iudiciis,
1393 716 1485 772 ubi
1510 713 1751 773 Pontifex
1774 712 1925 782 dicit,

338 824 405 864 so
424 808 570 864 nolle
592 809 851 881 derogare
873 822 1157 879 supremae
1182 806 1539 863 iurisdictioni
1558 804 1695 875 regis
1710 802 1928 873 Galliae,

340 912 443 953 nec
475 897 787 969 temporalia
816 898 1013 953 iudicia
1042 912 1329 968 usurpare.
1360 895 1560 953 Similia
1590 894 1751 950 babet
1778 892 1931 949 Gela-

338 992 455 1043 sius
482 1002 620 1059 papa
648 988 697 1042 in
724 986 885 1059 epist.
916 986 981 1042 ad
1011 987 1388 1057 Anastasium,
1418 992 1475 1041 et
1498 984 1755 1041 Nicolnus
1794 999 1931 1056 papa

336 1078 391 1131 in
422 1078 584 1147 epist.
618 1076 685 1131 ad
714 1074 1022 1131 michaelem
1050 1076 1469 1147 imperatorem,
1499 1079 1553 1129 et
1582 1072 1849 1128 habentur
1878 1073 1928 1127 in

338 1180 465 1236 cap.
497 1168 631 1220 Duo
660 1169 819 1230 sunt,
854 1171 909 1220 et
936 1179 1060 1235 cap.
1101 1165 1255 1219 Cum
1282 1160 1367 1219 ad
1394 1178 1617 1221 verum.
1653 1176 1780 1217 cum
1811 1160 1931 1217 aliis

334 1254 471 1311 dist.
488 1258 581 1312 96.
598 1254 749 1312 Unde
770 1253 910 1310 idem
924 1253 1181 1309 Nicolaus
1202 1268 1339 1324 papa
1360 1252 1409 1307 in
1434 1266 1559 1323 cap.
1576 1253 1738 1307 Inter
1757 1252 1924 1315 haec,

342 1348 435 1417 33,
466 1359 521 1416 q.
557 1349 610 1400 2.
648 1342 799 1399 dicit:
824 1346 1051 1400 Sancta
1078 1343 1189 1397 Dei
1216 1339 1488 1399 Ecclesia
1515 1337 1785 1412 qladium
1809 1354 1931 1395 non

334 1432 529 1499 habet,
560 1434 677 1488 nisi
698 1429 1096 1505 spiritualem.
1120 1429 1217 1488 Ubi
1246 1429 1457 1486 nomine
1479 1426 1671 1501 qladii
1691 1434 1930 1500 potestas

338 1538 595 1595 suprema
623 1522 983 1595 significatur,
1016 1526 1080 1577 ut
1116 1536 1280 1595 supra
1320 1518 1691 1575 animadverti.
1730 1519 1929 1576 lntelli·

334 1615 414 1684 git
438 1619 646 1682 autem,
676 1612 823 1667 hunc
851 1610 1093 1683 gladium
1128 1626 1235 1666 non
1262 1626 1387 1667 esse
1414 1609 1615 1669 directe
1644 1618 1701 1666 et
1728 1609 1931 1666 forma-

338 1702 461 1759 liter
489 1704 541 1757 in
574 1716 791 1757 summo
818 1701 1095 1770 Pontifice,
1126 1700 1375 1773 quamvis
1420 1700 1681 1755 indirecte
1721 1706 1773 1755 et
1800 1699 1931 1755 emi-

338 1798 551 1857 nenter,
586 1796 647 1847 ut
676 1790 753 1846 sic
785 1789 987 1863 dicam,
1012 1788 1097 1846 illo
1129 1806 1237 1845 non
1265 1794 1469 1860 careat,
1491 1797 1664 1861 etpor
1688 1788 1819 1845 alios
1842 1788 1931 1845 illo

338 1883 414 1938 uti
438 1884 629 1954 possit,
664 1886 727 1937 ut
744 1880 830 1936 alii
857 1881 1145 1937 Pontifices
1168 1880 1492 1953 loquuntur,
1516 1885 1573 1935 et
1594 1879 1733 1935 infra
1757 1877 1931 1935 fusius

335 1970 748 2042 explicabimus.
780 1971 893 2025 Hoc
926 1970 1089 2026 etiam
1130 1968 1408 2041 colligitur
1446 1984 1513 2025 ex
1542 1984 1667 2039 cap.
1696 1972 1765 2025 Si
1789 1967 1931 2024 duo-

334 2059 458 2124 bus,
492 2058 811 2131 aciemque,
859 2057 925 2114 de
966 2058 1231 2130 appellat.
1267 2059 1358 2114 ubi
1397 2057 1623 2125 dicitur,
1655 2058 1705 2113 in
1746 2057 1931 2113 causis

335 2149 583 2206 civilibus
612 2164 717 2205 non
744 2148 997 2221 appellari
1038 2147 1106 2204 ad
1148 2164 1431 2205 summum
1462 2148 1795 2219 Pontificem,
1829 2148 1925 2203 nisi

334 2242 385 2296 in
416 2242 573 2297 terris
618 2240 696 2296 illi
738 2239 1107 2311 temporaliter
1146 2238 1429 2295 subiectis.
1465 2240 1535 2295 Et
1573 2238 1639 2295 ad
1680 2238 1823 2295 idem
1852 2239 1929 2295 fa·

334 2332 487 2389 ciunt
513 2346 636 2401 cap.
675 2334 881 2399 Later,
920 2336 975 2385 et
1001 2344 1126 2401 cap.
1162 2331 1430 2386 Causam
1450 2373 1465 2396 ,
1495 2334 1552 2401 2,
1583 2331 1676 2402 qui
1707 2328 1795 2384 tilii
1826 2329 1933 2385 sint

334 2422 577 2494 legitimi,
606 2428 661 2476 et
701 2436 826 2492 cap.
868 2422 1186 2494 Quoniam,
1224 2436 1354 2477 cum
1394 2419 1509 2475 aliis
1548 2420 1678 2477 dist.
1730 2424 1815 2478 10.
1847 2420 1929 2477 Ex

336 2513 449 2569 iure
478 2515 641 2569 etiam
668 2511 811 2566 civili
842 2511 975 2567 haec
1017 2512 1245 2567 assertio
1285 2516 1523 2579 constat,
1554 2516 1827 2583 quatenus
1874 2514 1927 2566 in

331 2618 399 2659 eo
435 2604 791 2673 imperatores
832 2602 995 2656 etiam
1037 2599 1317 2656 christiani
1360 2615 1621 2669 suprema
1662 2605 1929 2670 potestate

338 2691 621 2764 temporali
652 2697 907 2761 utuntur,
938 2690 975 2745 Ι.
1017 2691 1065 2751 l.
1094 2690 1155 2745 C.
1188 2689 1255 2746 de
1285 2690 1449 2747 veteri
1478 2690 1601 2746 iure
1626 2688 1925 2745 enuclean-

335 2781 429 2849 do,
458 2788 515 2837 et
542 2784 601 2838 L.
650 2784 804 2836 Bene
843 2794 887 2836 a
924 2782 1177 2845 Zenone,
1226 2780 1285 2836 C.
1330 2777 1397 2835 de
1438 2778 1723 2851 quadrien.
1771 2794 1926 2850 prae-

334 2871 647 2942 scriptione.

413 2964 466 3017 3.
498 2961 657 3016 Ratio
688 2974 718 3013 a
752 2958 917 3030 priori
947 2964 1061 3027 est,
1091 2958 1221 3029 quia
1246 2955 1497 3013 Christus
1523 2955 1787 3013 Dominus
1816 2972 1923 3011 non

334 3049 570 3107 contulit
590 3048 730 3105 hanc
758 3052 1115 3118 potestatem,
1146 3052 1209 3102 ut
1234 3045 1365 3103 satis
1387 3052 1671 3101 ostensum
1694 3051 1796 3101 est.
1816 3046 1926 3101 lmo

336 3156 433 3196 nec
470 3138 769 3195 dominium
798 3136 1011 3209 aliquod
1052 3136 1351 3207 temporale
1384 3134 1597 3191 dedisse
1636 3134 1841 3190 directe
1872 3140 1928 3189 et

337 3228 639 3285 immediate
666 3242 920 3284 romanae
948 3225 1243 3297 Ecclesiae,
1270 3222 1366 3283 sed
1413 3222 1566 3295 illud,
1590 3223 1740 3296 quod
1770 3223 1929 3279 habet

336 3320 387 3373 in
419 3319 583 3373 terris
613 3316 982 3389 temporaliter
1018 3315 1310 3387 subiectis,
1342 3328 1407 3371 ex
1436 3313 1729 3369 donatione
1756 3315 1927 3385 impe-

336 3416 585 3464 ratorum
627 3422 690 3463 ac
722 3407 1033 3477 principum
1063 3404 1352 3474 babuisse,
1382 3409 1690 3476 agnoscunt
1718 3404 1925 3459 romani

335 3497 619 3555 Pontifices
654 3497 708 3551 in
738 3510 857 3565 cap.
896 3495 1341 3559 Constantinus,
1374 3491 1499 3548 dist.
1532 3494 1635 3565 96,
1660 3500 1719 3549 et
1745 3492 1925 3563 capite

334 3602 438 3658 eqo
466 3582 823 3650 Ludovtmcs,
860 3582 992 3639 dist.
1027 3586 1095 3639 63
1116 3622 1131 3653 ,
1162 3590 1219 3639 et
1244 3584 1295 3637 in
1324 3598 1447 3650 cap.
1481 3578 1916 3647 Fundamenta,

334 3674 401 3732 de
426 3674 591 3733 elect.
624 3675 675 3729 in
708 3678 761 3731 6.
802 3671 1177 3747 Congruentia
1205 3686 1333 3729 vero
1362 3677 1467 3744 est,
1498 3671 1623 3744 quia
1650 3686 1827 3744 neque
1856 3668 1926 3727 ad

333 3763 451 3821 fidei
480 3764 943 3837 propagationem,
980 3778 1160 3835 neque
1190 3760 1259 3818 ad
1286 3763 1697 3819 convenientem
1725 3762 1924 3834 guber·

334 3856 605 3913 nationem
632 3851 1061 3909 ecclesiasticam
1088 3850 1457 3907 necessarium
1480 3849 1612 3921 fuit,
1642 3849 1800 3906 talem
1829 3866 1924 3921 po-

330 3952 579 4001 testatem
618 3941 972 3999 Pontificibus
1010 3940 1131 3997 dari
1170 3939 1447 3997 divinitus.
1482 3940 1636 3995 Prior
1676 3955 1804 4011 pars
1831 3938 1925 3995 de·

328 4033 601 4104 claratur,
632 4032 789 4105 quia,
829 4037 893 4089 ut
920 4032 1103 4102 capite
1129 4028 1473 4100 praecedenti
1498 4028 1779 4099 dicebam,
1814 4044 1925 4085 ma-

328 4140 495 4195 gnum
520 4129 669 4180 esset
692 4120 811 4177 fidei
833 4119 1299 4192 impedimentum,
1327 4121 1371 4176 si
1394 4134 1549 4191 reges
1572 4125 1745 4176 terrae
1768 4134 1923 4174 suam

246 4248 261 4267 .
328 4215 643 4271 amitterent
672 4226 987 4285 supremam
1023 4215 1381 4282 potestatem,
1421 4225 1485 4265 eo
1526 4210 1644 4281 ipso
1679 4207 1825 4281 quod
1856 4206 1923 4263 ad

330 4303 485 4359 fidem
509 4306 984 4361 converterentur,
1014 4297 1162 4371 quod
1188 4299 1343 4370 plane
1366 4304 1709 4370 sequeretur,
1725 4298 1769 4351 si
1791 4296 1924 4353 haec

330 4406 585 4465 suprema
626 4398 866 4461 potestas
922 4389 1063 4446 intra
1104 4387 1405 4445 Ecclesiam
1456 4386 1507 4441 in
1550 4386 1667 4443 solo
1708 4402 1925 4442 summo

331 4480 587 4538 Pontifice
626 4479 904 4535 existeret.
947 4477 1101 4535 Unde
1140 4475 1288 4550 quod
1331 4476 1573 4531 Ecclesia
1614 4476 1681 4531 de
1709 4475 1924 4531 Christo

331 4572 560 4627 Domino
590 4568 755 4624 canit:
782 4572 915 4625 Non
942 4568 1119 4641 eripit
1142 4564 1450 4625 mortalia.
1476 4566 1575 4638 qui
1604 4579 1793 4636 reqna
1818 4562 1927 4620 dat

333 4658 635 4721 caelestia,
679 4673 869 4714 verum
910 4658 1069 4711 etiam
1110 4663 1196 4711 est
1234 4654 1301 4710 de
1340 4652 1441 4710 tide
1484 4654 1651 4725 ipsius
1710 4653 1924 4725 Christi,

330 4766 471 4824 quae
500 4765 603 4806 non
633 4748 777 4805 tollit
801 4753 1123 4819 potestatem
1190 4746 1413 4817 regiam.
1447 4743 1631 4801 Altera
1670 4758 1795 4815 pars
1835 4742 1926 4799 de·

334 4838 595 4909 claratur,
626 4839 757 4911 quia
782 4834 847 4892 ad
881 4836 1135 4891 unitatem
1162 4840 1219 4890 et
1246 4834 1482 4907 regimen
1512 4833 1800 4905 pacificum
1820 4834 1923 4887 Ec-

332 4927 760 4995 clesiaesufficit
786 4926 971 4983 debita
998 4924 1367 4981 subordinatio
1386 4966 1400 4993 ,
1432 4938 1573 4997 quae
1621 4938 1745 4979 esse
1771 4921 1931 4979 debet

336 5018 474 5075 inter
516 5024 840 5090 potestatem
885 5014 1233 5085 temporalem
1276 5021 1332 5069 et
1373 5012 1735 5085 spiritualem,
1766 5028 1930 5084 quam

333 5106 859 5181 exemplocorporis
886 5111 944 5161 et
968 5104 1195 5176 spiritus
1227 5104 1434 5177 optime
1470 5101 1771 5160 declaravit
1798 5104 1930 5159 Gre-

336 5200 527 5270 gorius
550 5212 669 5252 naz.
686 5197 890 5251 citatus
916 5195 969 5249 in
996 5208 1117 5265 cap.
1137 5196 1467 5269 Suscipitis,
1490 5192 1617 5250 dist.
1644 5197 1727 5251 10.
1746 5192 1813 5249 Et
1834 5190 1932 5249 ha-

496 5309 699 5381 susan,
724 5308 782 5351 De
800 5307 979 5361 Leuibus
996 5326 1054 5339 —
1068 5306 1173 5349 Pars
1192 5305 1224 5349 1.

3388 310 3510 372 177

2000 443 2157 500 betur
2185 446 2237 501 in
2263 454 2399 505 orat.
2445 452 2530 521 17,
2559 449 2720 507 cuius
2753 452 2915 507 verba
2941 450 3101 521 paulu
3131 452 3290 507 aliter
3309 450 3386 506 sic
3410 456 3582 506 trans·

2003 532 2107 590 fert
2145 535 2376 593 lacobus
2403 538 2616 595 Billius:
2653 545 2749 596 An
2791 556 2882 597 me
2922 539 3097 598 libere
3131 539 3458 613 loquentem
3494 554 3592 595 ae·

1999 638 2113 695 quo
2140 628 2342 680 animo
2355 623 2614 698 seretis?
2649 634 2810 687 Nam
2837 644 2935 685 vos
2963 644 3185 702 quoqne
3223 628 3494 701 (loquitur
3521 625 3590 683 ad

2001 712 2356 783 praefectum)
2399 718 2646 791 imperio
2687 733 2812 775 meo
2853 734 2927 774 ac
2967 720 3178 775 throno
3217 716 3316 773 lex
3364 718 3594 775 Christi

2000 801 2268 860 subiecit.
2315 808 2638 880 Imperium
2677 812 2836 864 enim
2875 823 2981 865 nos
3020 823 3242 880 qnoque
3281 808 3585 880 perimam

2000 889 2162 947 addo
2189 896 2371 951 etiam
2394 894 2712 969 perfectius
2739 913 2816 969 ac
2840 901 3254 972 praestantius
3269 941 3284 963 ,
3313 898 3433 952 nisi
3459 910 3589 952 vero

2000 994 2258 1052 aequum
2289 988 2394 1051 est,
2426 988 2708 1059 spiritam
2737 991 2912 1044 carni
2915 988 3121 1059 fasces
3149 987 3502 1052 submittere,
3537 990 3595 1042 et

2000 1068 2286 1129 caelestia
2323 1077 2572 1131 terrenis
2612 1074 2831 1133 cedere.
2865 1079 2980 1133 Hoc
3021 1076 3192 1149 igitur
3231 1075 3388 1131 modo
3428 1074 3591 1131 habet

2000 1175 2289 1231 supremus
2321 1164 2508 1221 Pastor
2537 1164 2816 1223 Ecclesiae
2845 1164 3122 1222 sufficiens
3153 1165 3508 1221 ministerium
3533 1173 3594 1221 et

2000 1249 2330 1307 adiutorium
2368 1267 2400 1307 a
2442 1254 2722 1324 temporali
2751 1261 3036 1327 potestate,
3065 1262 3122 1311 et
3161 1271 3266 1310 non
3311 1254 3471 1310 babet
3511 1256 3591 1310 ni-

2000 1338 2159 1404 miam
2183 1354 2375 1398 euram
2395 1350 2452 1400 et
2470 1343 2894 1401 sollicitudinem
2921 1342 3296 1415 temporalem,
3318 1359 3456 1415 quae
3485 1345 3592 1414 spi-

2002 1427 2198 1485 rituale
2225 1431 2458 1503 regimen
2485 1440 2668 1503 posset
2695 1432 2972 1504 impedire,
2999 1440 3060 1489 ut
3087 1434 3324 1489 sumitur
3344 1449 3410 1489 ex
3440 1433 3586 1489 dicto

2000 1532 2123 1587 cap.
2165 1521 2480 1593 Quoniam,
2508 1521 2636 1577 dist.
2687 1528 2779 1594 10,
2811 1530 2870 1579 et
2898 1522 3095 1593 optime
3123 1539 3190 1579 ex
3221 1522 3502 1583 Ambrosio
3541 1522 3590 1575 in

2000 1612 2139 1663 orat.
2167 1606 2233 1664 de
2265 1609 2534 1666 tradendis
2562 1611 2821 1684 basilicis,
2852 1612 3143 1668 Athanasio
3175 1613 3225 1667 in
3253 1612 3485 1683 epistola
3523 1610 3590 1667 ad

2002 1696 2294 1755 solitariam
2327 1700 2488 1756 vitam
2517 1708 2758 1773 agentes,
2783 1710 2837 1758 et
2863 1701 3135 1759 Bernardo
3166 1701 3258 1757 lib.
3287 1705 3341 1757 2.
3367 1700 3439 1757 de
3459 1716 3590 1757 con·

2001 1785 2377 1845 sideratione.

2078 1878 2157 1933 Ex
2186 1879 2390 1952 quibus
2433 1896 2754 1952 responsum
2781 1888 2865 1937 est
2907 1880 2971 1938 ad
3001 1880 3414 1938 fundamentum
3457 1896 3589 1935 con·

2002 1968 2194 2024 trariae
2219 1970 2533 2027 sententiae.
2562 1972 2669 2025 lam
2693 1972 2834 2027 enim
2857 1978 3093 2043 constat,
3111 1970 3389 2044 quomodo
3415 1970 3590 2025 unitas

2001 2058 2284 2113 Ecclesiae
2313 2059 2552 2129 perfecte
2581 2060 2756 2130 possit
2785 2061 2896 2116 sine
2938 2061 3028 2117 illa
3069 2058 3352 2133 potestate
3384 2067 3592 2132 tempo·

2000 2145 2099 2203 rali
2128 2146 2447 2204 subsistere.
2471 2149 2538 2205 Et
2563 2148 2630 2205 ad
2660 2152 2840 2205 omnia
2868 2150 3134 2223 illa,quae
3157 2150 3226 2207 ibi
3252 2150 3587 2221 referuntur,

2000 2234 2204 2292 sufficit
2221 2238 2509 2293 eminentia
2535 2240 2615 2311 (ut
2635 2240 2714 2294 sic
2743 2238 2938 2313 dicam)
2962 2231 3242 2309 potestatis
3271 2239 3584 2311 spiritualis,

2001 2327 2209 2382 ratione
2243 2329 2404 2383 cuius
2438 2327 2704 2384 indirecte
2741 2329 2901 2386 babet
2929 2327 3230 2386 efficaciam
3261 2344 3429 2400 supra
3461 2336 3592 2384 tem-

1999 2416 2225 2486 poralia,
2259 2423 2320 2473 ut
2345 2417 2484 2472 infra
2513 2420 2712 2474 iterum
2742 2422 3015 2475 occurrit.
3047 2420 3192 2475 Haec
3220 2425 3408 2475 autem
3435 2425 3586 2489 pote-

1998 2512 2115 2561 stas
2143 2506 2430 2577 indirecta,
2461 2506 2590 2564 licet
2630 2507 2875 2565 sufficiat
2915 2510 2984 2567 ad
3023 2509 3377 2583 corrigendas
3417 2509 3586 2565 inter-

1999 2594 2154 2667 dum,
2189 2595 2270 2651 vel
2298 2596 2639 2670 abrogandas
2672 2598 2818 2671 leges
2845 2598 3033 2656 civiles
3055 2641 3070 2671 ,
3103 2599 3319 2673 qnando
3362 2614 3584 2672 vergere

1998 2692 2233 2755 possunt
2260 2685 2311 2740 in
2342 2686 2637 2757 perniciem
2665 2690 2993 2762 animarum3
3030 2707 3135 2746 non
3165 2696 3341 2747 tamen
3373 2689 3584 2760 proprie

1999 2773 2066 2829 ad
2096 2774 2366 2844 ferendas,
2399 2784 2454 2833 et
2482 2778 2800 2834 statuendas
2841 2778 2988 2850 leges
3029 2779 3236 2849 civiles,
3268 2779 3584 2850 praesertim

1998 2878 2145 2929 mere
2175 2865 2456 2936 positivas,
2487 2871 2544 2921 et
2580 2865 2717 2922 form
2731 2866 2883 2923 aliter
2925 2868 3214 2940 loquendo.
3251 2868 3379 2925 Dico
3407 2874 3587 2923 autem

1998 2967 2154 3008 nuere
2175 2956 2485 3025 positivas,
2521 2958 2650 3026 quia
2680 2955 3010 3013 declarando
3053 2958 3136 3014 ius
3180 2957 3427 3014 naturale
3449 2962 3584 3011 'ser-

1996 3040 2232 3098 vandum
2259 3044 2311 3097 in
2340 3043 2520 3115 aliquo
2565 3051 2883 3118 contractu,
2917 3054 2978 3105 ut
3022 3048 3076 3104 in·
3117 3055 3296 3104 monte
3339 3050 3577 3119 pietatis,

1998 3130 2078 3186 vel
2121 3131 2300 3204 aliquo
2343 3132 2518 3201 simili,
2565 3139 2744 3203 potest
2774 3137 2914 3206 Papa
2955 3136 3130 3209 legem
3171 3137 3428 3208 condere,
3459 3137 3586 3211 quia
3685 3190 3690 3197 .

1998 3222 2117 3277 talis
2148 3219 2228 3277 les
2271 3238 2375 3276 non
2415 3230 2500 3278 est
2539 3225 2760 3295 proprie
2799 3226 3155 3283 constitutiva
3183 3228 3336 3297 iuris,
3368 3228 3461 3284 sed
3492 3226 3584 3282 de-

1996 3311 2249 3366 clarativa
2278 3319 2335 3367 et
2361 3311 2662 3383 definitiva,
2693 3329 2836 3386 quae
2863 3314 3102 3371 delinitio
3139 3315 3203 3371 ad
3233 3318 3431 3388 Papam
3460 3333 3584 3387 spe-

1994 3408 2129 3457 ctat.
2162 3404 2295 3457 item
2325 3400 2430 3457 dixi
2444 3399 2799 3473 formaliter
2825 3404 3127 3477 loquendo,
3159 3408 3291 3479 quia
3318 3408 3368 3462 in
3397 3405 3584 3461 ordine

1994 3492 2059 3548 ad
2089 3491 2368 3549 vitandum
2399 3492 2706 3563 periculum
2733 3496 2942 3551 animae
2971 3503 3153 3567 potest
3178 3496 3459 3568 probibere
3490 3496 3584 3551 ali-

1993 3598 2157 3653 quem
2186 3589 2564 3655 contractum,
2595 3584 2678 3640 vel
2707 3584 3058 3642 contrahendi
3101 3586 3320 3643 modum
3361 3594 3584 3658 propter

1994 3670 2318 3743 periculum,
2353 3672 2504 3745 quod
2534 3674 2585 3727 in
2617 3688 2680 3729 eo
2711 3689 2830 3731 esse
2861 3673 3089 3746 iudicat,
3121 3685 3175 3731 et
3203 3683 3335 3732 tunc
3359 3675 3450 3731 illa
3477 3691 3582 3731 non

1992 3768 2079 3817 est
2106 3761 2190 3817 lex
2211 3760 2405 3831 civilis,
2439 3761 2538 3818 sed
2566 3766 2830 3821 canonica
2881 3766 3016 3821 Item
3059 3766 3108 3820 in
3153 3765 3339 3822 ordine
3369 3763 3434 3821 ad
3466 3765 3582 3836 pias

1992 3866 2190 3907 causas
2221 3855 2404 3922 potest
2429 3850 2598 3923 legem
2629 3852 2864 3909 condere
2893 3856 3044 3911 circa
3073 3853 3584 3924 testamentum,vel

1993 3939 2208 4009 similia,
2233 3942 2362 4013 quia
2385 3946 2562 3995 totum
2588 3942 2688 3997 hoc
2711 3943 2816 3998 sub
2837 3944 3099 4015 spirituali
3121 3946 3224 4002 fine
3246 3946 3582 4013 continetur,

1990 4037 2044 4086 et
2070 4029 2137 4086 ad
2169 4030 2338 4102 legem
2367 4031 2685 4086 canonicam
2715 4041 2945 4103 spectat.
3081 4026 3088 4035 '

2069 4123 2123 4176 4.
2158 4121 2343 4175 Potest
2370 4119 2474 4175 hoc
2498 4118 2762 4178 declarari
2791 4124 3036 4198 exemplo
3058 4124 3125 4181 de
3148 4125 3578 4197 praescriptione

1992 4222 2122 4264 cum
2151 4209 2495 4279 possessione
2525 4210 2692 4266 malae
2721 4209 2860 4283 fidei,
2889 4229 3029 4285 quae
3054 4214 3177 4271 licet
3196 4216 3459 4287 probetur
3481 4229 3581 4285 per

1995 4297 2141 4369 leges
2170 4296 2375 4367 civiles,
2409 4299 2735 4370 reprobatur
2763 4316 2860 4371 per
2885 4300 3196 4374 canonicas,
3229 4320 3352 4375 cap.
3381 4304 3480 4359 ult.
3519 4303 3587 4359 ‹le

1992 4386 2406 4458 praescription.
2428 4388 2617 4469 regula
2635 4389 2955 4456 Possessor,
2991 4392 3081 4447 ubi
3104 4394 3292 4449 Glossa
3311 4399 3366 4449 et
3390 4392 3590 4449 docto·

1994 4490 2081 4531 res
2110 4476 2177 4531 de
2208 4474 2383 4547 regul.
2421 4476 2523 4529 iur.
2557 4476 2604 4530 in
2639 4480 2692 4534 6.
2720 4478 2791 4534 Et
2817 4480 2890 4534 ita
2922 4480 3008 4536 illa
3037 4481 3146 4549 lex,
3170 4482 3317 4554 quod
3339 4480 3408 4537 ad
3432 4498 3588 4553 prae-

1998 4562 2347 4620 scribendum
2379 4566 2450 4619 sit
2478 4567 2786 4623 necessaria
2813 4567 2951 4624 bona
2983 4569 3135 4635 fideS‚
3165 4573 3430 4627 canonica
3459 4573 3581 4643 qui-

1994 4653 2119 4709 dem
2145 4660 2254 4725 est,
2286 4661 2343 4709 et
2383 4654 2431 4708 in
2474 4654 2724 4711 civilibus
2763 4656 2945 4714 locum
2975 4659 3167 4716 ‘habea
3203 4661 3334 4716 Dico
3375 4667 3582 4729 autem,

1999 4760 2103 4799 non
2131 4758 2251 4799 esse
2281 4743 2584 4799 formaliter
2621 4746 2857 4818 civilem,
2886 4749 3013 4820 quia
3045 4765 3153 4806 non
3194 4752 3415 4822 respicit
3456 4758 3588 4806 tem·

1999 4833 2181 4906 porale
2209 4833 2588 4905 commodum,
2620 4836 2714 4893 sed
2743 4838 3046 4909 spirituale,
3077 4840 3340 4912 impedire
3370 4841 3585 4897 scilicet

1998 4922 2216 4979 fraudes
2244 4930 2298 4977 et
2326 4922 2492 4979 furta.
2523 4916 2702 4981 Simile
2729 4928 3039 4999 exemplum
3067 4938 3151 4985 est
3181 4929 3392 5002 detege
3420 4930 3583 4999 civili,

1998 5027 2138 5086 quae
2169 5020 2332 5083 negat
2359 5012 2612 5069 alimenta
2641 5012 2760 5069 liliis
2781 5014 3106 5090 illegitimis,
3138 5034 3302 5090 quam
3333 5020 3586 5090 reprobat

2001 5102 2083 5159 lex
2113 5101 2376 5158 canonica
2408 5108 2468 5157 ut
2493 5103 2827 5160 contrariam
2857 5109 3115 5179 aequitati
3163 5107 3430 5176 naturali,
3462 5124 3584 5181 cap.

2007 5192 2161 5248 Cum
2181 5189 2438 5258 haberet,
2461 5190 2525 5247 de
2547 5206 2638 5269 eo,
2658 5192 2750 5265 qui
2780 5193 2936 5253 duxit
2961 5196 3008 5251 in
3033 5197 3458 5272 matrimonium,
3475 5204 3562 5255 etc
3577 5235 3590 5251 .

2939 5332 2948 5345 .
3059 5302 3113 5345 23
