4325 6267
791 316 915 378 176

712 457 849 515 tilica
888 471 987 529 per
1026 455 1291 512 directam
1332 460 1685 527 potestatem,
1726 454 1862 511 Hinc
1902 454 2067 510 etiam
2104 467 2294 508 omnes

707 547 942 619 theologi
971 546 1021 601 in
1050 545 1273 601 materia
1298 543 1365 601 de
1386 542 1486 600 tide
1509 560 1610 617 pro
1632 548 1918 615 comperto
1944 542 2162 615 habent,
2187 556 2294 597 non

706 650 863 709 posse
891 635 1199 692 Pontificem
1233 634 1285 691 vi
1312 649 1511 707 cogere
1542 634 1781 691 infideles
1812 632 1879 689 ad
1910 632 2010 689 sibi
2038 630 2293 688 obedien-

704 726 861 797 dum,
893 731 951 781 at
979 740 1109 780 vero
1138 724 1181 780 si
1209 723 1435 780 haberet
1461 724 1669 779 directe
1698 738 2013 795 supremam
2050 728 2292 793 potesta-

708 824 813 873 tem
842 813 1193 887 temporalem
1221 814 1275 869 in
1306 812 1449 881 illos,
1495 818 1680 883 posset
1719 812 1840 868 illos
1882 813 2027 867 iuste
2068 824 2288 882 cogere.

704 907 816 961 lmo
847 919 1003 977 reges
1030 904 1128 975 ipsi
1159 900 1394 959 infideles
1436 919 1544 958 non
1584 907 1768 957 essent
1808 903 1916 955 veri
1958 908 2013 957 et
2052 898 2292 972 supremi

704 1010 860 1068 reges
888 996 943 1050 in
972 992 1388 1064 temporalibus,
1414 991 1506 1048 sed
1546 997 1859 1049 tenerentur
1894 1003 2294 1061 recognoscere

703 1087 926 1156 Papam,
955 1091 1016 1139 ut
1037 1084 1374 1153 superiorem
1398 1081 1695 1153 principem
1718 1080 1769 1135 in
1796 1080 1886 1137 illo
1908 1078 2117 1148 ordine,
2143 1076 2291 1150 quod

700 1180 787 1231 est
814 1172 1091 1229 manifeste
1118 1171 1315 1228 falsum
1344 1177 1401 1227 et
1428 1178 1627 1227 contra
1660 1186 1821 1226 usum
1850 1178 1904 1224 et
1932 1185 2153 1224 sensum
2185 1168 2290 1223 Ec-

698 1262 917 1319 clesiae.

774 1353 943 1409 Aliter
969 1366 1101 1423 ergo
1132 1356 1315 1423 potest
1352 1350 1442 1406 illa
1481 1350 1743 1407 sententia
1786 1348 2009 1421 intelligi
2042 1347 2117 1403 ‘de
2158 1346 2292 1402 orbe

700 1440 1017 1511 christiano,
1048 1441 1121 1497 ita
1153 1446 1215 1497 ut
1243 1440 1294 1494 in
1324 1442 1577 1496 universa
1617 1436 1865 1495 Ecclesia
1905 1436 2102 1493 babeat
2140 1450 2294 1491 sum-

700 1547 826 1586 mus
848 1529 1087 1586 Pontifex
1110 1529 1246 1586 hanc
1270 1528 1538 1585 directam
1562 1533 1882 1599 potestatem
1907 1542 1937 1581 a
1959 1526 2176 1581 Christo
2197 1525 2292 1580 da-

696 1627 831 1685 tam,
859 1626 915 1675 et
940 1625 1337 1691 consequenter
1364 1617 1432 1674 de
1462 1634 1519 1675 se
1547 1596 1868 1675 extendatur
1894 1614 1963 1672 ad
1994 1622 2172 1672 totum
2201 1631 2291 1672 or-

698 1709 821 1765 bem
848 1709 1185 1780 simpliciter,
1208 1708 1251 1764 si
1276 1714 1424 1765 totus
1442 1707 1622 1777 iidem,
1652 1714 1713 1763 ut
1733 1713 1973 1777 tenetur,
1998 1706 2286 1776 suscipiat.

698 1801 773 1855 De
800 1798 945 1855 facto
974 1814 1103 1855 vero
1131 1797 1313 1854 solum
1340 1798 1388 1853 in
1419 1797 1505 1853 bis
1535 1797 1777 1867 partibus
1806 1796 1979 1867 orbis,
2000 1797 2057 1851 in
2084 1793 2288 1868 quibus

650 1878 655 1883 ’
696 1895 784 1945 est
809 1888 1078 1958 Ecclesia,
1110 1888 1253 1943 illam
1280 1902 1537 1943 exercere
1568 1884 1761 1956 valeat,
1791 1887 1903 1943 sive
1934 1886 2081 1941 illam
2104 1900 2201 1957 per
2231 1902 2289 1941 se

695 1985 968 2049 exerceat,
1000 1980 1111 2034 sive
1141 1992 1234 2049 per
1263 1977 1669 2047 imperatorem,
1700 1976 1790 2033 cui
1823 1976 1970 2032 illam
1996 1974 2289 2033 demanda·

696 2068 790 2123 vit.
816 2069 887 2124 Et
912 2068 1017 2124 hoc
1049 2082 1213 2123 sensu
1244 2074 1537 2123 tenuerunt
1558 2065 1701 2123 illam
1727 2066 2033 2137 opinionem
2054 2064 2289 2121 Alvarus

699 2157 949 2231 Pelagius
979 2157 1067 2214 lib.
1089 2163 1138 2216 1.
1157 2154 1228 2213 de
1249 2155 1503 2229 planetu
1517 2154 1842 2221 &etesiae
1860 2171 1915 2210 c.
1938 2159 2029 2226 44,
2049 2154 2106 2211 (1.
2122 2157 2290 2211 Anto-

696 2249 855 2304 ninus
886 2252 937 2305 3.
957 2248 1111 2318 p.tit.
1144 2252 1241 2318 22,
1272 2264 1397 2320 cap.
1434 2252 1488 2317 5,
1516 2247 1542 2315 ἓ
1572 2252 1627 2317 8,
1658 2252 1714 2300 et
1749 2250 1834 2311 13,
1860 2245 2095 2320 sylvest.
2124 2244 2292 2300 verbo

695 2340 890 2410 Papa,
922 2352 977 2408 q.
1012 2342 1068 2404 2,
1105 2339 1157 2406 7,
1188 2343 1245 2393 et
1282 2342 1378 2408 10,
1420 2338 1557 2391 etin
1586 2334 1753 2391 verbo
1782 2331 2106 2407 leyitimus‚
2142 2349 2198 2405 q.
2233 2337 2288 2401 4,

692 2430 929 2500 August.
951 2426 1017 2484 de
1044 2424 1377 2497 Ancona,de
1398 2428 1695 2502 potestate
1722 2422 2017 2496 Eccle8.q.
2044 2428 2214 2494 l,art.
2235 2425 2288 2491 7,

695 2521 751 2572 et
778 2520 1013 2588 8,q.22,
1039 2520 1289 2585 art.2,et
1316 2520 1369 2573 3.
1406 2531 1462 2587 q.
1494 2519 1590 2585 23,
1615 2520 1725 2571 art.
1758 2519 1804 2571 1.
1830 2520 1887 2569 et
1908 2512 2288 2587 sequentibus,

694 2612 753 2661 et
778 2621 939 2676 saepe
967 2607 1021 2662 in
1050 2605 1139 2661 illo
1182 2620 1366 2676 opere,
1408 2612 1465 2661 et
1506 2604 1664 2660 multi
1704 2604 1813 2674 alii,
1858 2619 1999 2676 quos
2042 2603 2292 2659 referunt

700 2697 931 2752 Navarr.
950 2695 1001 2751 in
1032 2711 1156 2765 cap.
1175 2698 1369 2757 Novit,
1386 2694 1453 2751 de
1472 2693 1906 2765 iudiciis,notab.
1930 2699 1986 2764 3,
2013 2710 2165 2751 1111111.
2201 2698 2290 2764 19,

697 2791 757 2841 et
780 2787 1003 2842 Covarr.
1041 2787 1091 2840 in
1121 2785 1310 2857 regula
1327 2789 1664 2858 peecatum,
1695 2790 1751 2843 2.
1784 2801 1837 2856 p.
1870 2782 1971 2851 29,
1998 2801 2051 2840 n.
2072 2787 2123 2842 7.
2146 2786 2291 2840 Fun-

696 2875 1013 2932 damentum
1040 2881 1143 2943 est,
1167 2875 1299 2946 quia
1318 2874 1566 2931 Ecclesia
1588 2872 1809 2941 Christi,
1832 2888 1974 2944 quae
1994 2872 2063 2929 de
2092 2888 2151 2929 se
2175 2872 2293 2928 uni-

698 2965 924 3022 versalis
952 2972 1056 3037 est,
1078 2970 1133 3021 et
1160 2972 1333 3021 totum
1366 2965 1634 3022 mundum
1662 2964 2067 3035 complectitur,
2096 2971 2184 3019 est
2207 2970 2294 3020 et-

696 3059 803 3113 iam
834 3056 1073 3128 perfecte
1102 3067 1249 3127 una,
1280 3062 1337 3111 et
1370 3056 1569 3126 optime
1598 3054 1873 3125 instituta,
1918 3068 2047 3127 ergo
2090 3060 2199 3109 tam
2241 3055 2291 3109 in

704 3144 1118 3216 temporalibus,
1152 3160 1315 3217 quarn
1342 3145 1397 3199 in
1426 3142 1795 3215 spiritualibus
1816 3150 1901 3199 est
1924 3157 2050 3199 vera
2074 3158 2290 3199 monar-

703 3234 848 3302 cbia;
881 3251 1004 3291 nam
1033 3233 1137 3290 boc
1167 3240 1380 3306 spectat
1398 3232 1464 3289 ad
1489 3233 1877 3305 perfectionem
1899 3235 2041 3305 eius,
2060 3240 2123 3289 ut
2144 3240 2294 3289 utra-

582 3380 589 3387 ,
704 3340 812 3397 que
838 3326 907 3380 sit
934 3326 985 3381 in
1019 3340 1127 3381 uno
1154 3332 1209 3381 et
1236 3324 1429 3381 eodem
1457 3326 1655 3396 capite,
1686 3324 1813 3396 quia
1840 3323 1973 3380 alias
2017 3340 2123 3380 non
2169 3341 2294 3397 pos·

703 3422 826 3471 sent
844 3413 1141 3477 ,commode
1168 3413 1545 3481 subordinari,
1574 3420 1633 3468 et
1663 3412 1824 3468 uniri:
1856 3426 1992 3486 ergo
2020 3415 2111 3469 cui
2140 3413 2298 3469 Chri-

702 3512 824 3562 stus
851 3504 1000 3561 dedit
1026 3519 1339 3575 supremam
1380 3502 1716 3574 spiritualem
1758 3508 2103 3572 potestatem,
2147 3502 2295 3560 dedit

698 3595 862 3650 etiam
892 3592 1263 3664 temporalem.
1308 3590 1461 3649 Unde
1500 3592 1763 3648 Nicolaus
1806 3607 1944 3663 papa
1986 3592 2035 3647 in
2076 3606 2200 3663 cap.
2243 3597 2291 3657 1,

700 3683 756 3740 (1.
790 3688 885 3741 22.
910 3681 977 3738 de
1002 3682 1213 3739 Christo
1238 3682 1462 3738 Domino
1487 3681 1636 3738 dicit:
1660 3684 1779 3755 Qui
1800 3680 1967 3737 beato
1992 3683 2172 3738 Petro
2193 3696 2291 3739 ae-

705 3777 907 3829 ternae
934 3774 1086 3827 vitae
1114 3769 1411 3843 olavtyero
1450 3773 1666 3827 terreni
1708 3769 1891 3827 simul
1928 3776 1984 3827 et
2022 3769 2294 3828 caelestis

703 3862 1107 3936 impertitura
1134 3862 1449 3915 commisit.
1482 3860 1552 3915 Et
1579 3860 1888 3916 Bonifacius
1920 3860 2050 3916 VIII.
2094 3862 2149 3915 in
2189 3856 2295 3917 Ex'-

706 3960 846 4009 trav.
887 3954 1079 4011 Unam
1105 3954 1412 4014 sanctam,
1447 3947 1514 4005 de
1543 3950 1835 4007 maioritate
1871 3958 1927 4006 et
1964 3949 2292 4022 obedientia,

701 4041 868 4109 dicit,
908 4041 959 4095 in
998 4053 1213 4096 summo
1243 4037 1503 4095 Pontifice
1530 4054 1653 4094 esse
1692 4048 1989 4112 utrumque
2030 4039 2292 4113 gladium,

704 4130 1054 4203 temporalem
1076 4136 1131 4185 et
1152 4128 1510 4200 spiritualem.
1528 4129 1701 4184 Huius
1713 4131 1877 4185 etiam
1900 4136 2290 4200 argumentum

609 4211 629 4233 ⁸
702 4226 808 4292 est,
838 4220 967 4291 quia
993 4219 1239 4275 Pontifex
1271 4217 1463 4274 tribuit
1498 4216 1811 4288 imperatori
1847 4218 2166 4290 dignitatem
2195 4218 2294 4274 im-

705 4310 957 4381 perialem
986 4324 1108 4379 cap.
1144 4310 1217 4363 In
1242 4308 1475 4363 nomine
1504 4308 1763 4372 Domini,
1799 4306 1925 4363 dist.
1959 4294 2075 4377 235
2080 4314 2137 4363 et
2158 4324 2286 4379 cap.

709 4395 1134 4457 Venerabilem,
1152 4395 1219 4451 de
1245 4394 1533 4466 electione,
1565 4403 1622 4451 et
1646 4395 1765 4452 ideo
1792 4396 2084 4468 imperator
2112 4397 2292 4469 prius-

706 4504 870 4561 quam
892 4504 924 4544 a
945 4490 1089 4559 Papa
1116 4488 1491 4555 confirmetur,
1517 4485 1599 4542 vel
1624 4495 1940 4552 coronetur,
1970 4488 2114 4543 iurat
2134 4488 2206 4543 illi
2235 4488 2293 4542 fl-

704 4578 1000 4649 delitatem,
1024 4592 1089 4634 ex
1112 4576 1287 4647 capite
1316 4574 1441 4632 Tibi
1459 4574 1717 4636 domino.
1746 4580 1836 4633 63.
1862 4574 1986 4631 dist.
2013 4582 2069 4633 et
2089 4576 2293 4633 clarius

705 4669 761 4723 in
782 4667 1044 4723 Clement.
1072 4672 1125 4725 2.
1151 4664 1218 4722 de
1243 4665 1469 4721 iureiur.
1496 4666 1634 4721 Hinc
1655 4666 1813 4723 etiam
1836 4667 1980 4738 Papa
2000 4666 2293 4739 aliquando

704 4756 925 4827 deponit
951 4756 1328 4825 imperatorem
1356 4770 1422 4810 ex
1450 4755 1594 4811 iusta
1628 4769 1818 4827 causa,
1850 4770 1973 4827 cap.
2019 4753 2111 4811 Ad
2150 4773 2292 4830 apo·

709 4843 972 4909 stolieae,
1006 4845 1075 4900 de
1102 4850 1339 4900 sentent.
1370 4853 1426 4900 et
1453 4858 1513 4900 re
1554 4844 1722 4901 indic.
1758 4846 1809 4901 in
1840 4847 1891 4901 6.
1936 4844 2087 4901 Unde
2126 4846 2291 4902 etiam

708 4933 993 4991 transtulit
1019 4932 1303 5003 imperium
1334 4947 1363 4988 a
1390 4933 1608 4989 Graecis
1635 4932 1701 4988 ad
1731 4932 2050 5003 Germanos,
2079 4941 2139 4989 ut
2155 4933 2291 4990 dici·

709 5032 799 5079 tur
827 5024 878 5079 in
907 5022 1041 5079 dict.
1057 5036 1180 5093 cap.
1208 5020 1623 5089 Venerabilem,
1640 5030 1698 5077 et
1724 5022 1773 5077 in
1796 5020 1932 5081 dict.
1954 5022 2214 5079 Clement.
2231 5029 2286 5082 2.

706 5121 763 5169 et
780 5118 977 5170 tractat
998 5111 1106 5167 late
1126 5109 1483 5167 Bellarminus
1504 5110 1712 5183 integro
1735 5126 1899 5183 opere
1918 5110 1985 5167 de
2007 5111 2093 5169 illa
2116 5120 2292 5169 trans-

708 5202 922 5259 latione.
956 5202 1222 5273 Denique,
1254 5206 1481 5257 vacante
1522 5202 1779 5273 imperio,
1810 5202 2052 5260 Pontifex
2080 5203 2288 5262 iudicat

2159 326 2362 375 mmm
2391 327 2496 375 ut.

2365 449 2615 507 subditos
2645 450 2874 522 imperii,
2903 451 3224 509 Clementia.
3255 451 3610 525 pastoralis,
3633 452 3660 521 fl
3683 454 3780 511 ult.
3807 454 3876 513 de
3904 472 3964 512 re

2363 539 2602 597 iudic.et
2625 555 2747 613 cap.
2764 544 2924 598 Licet
2949 558 3025 597 ex
3045 546 3329 617 suscepto,
3353 542 3420 599 de
3449 543 3567 600 foro
3595 549 3954 621 competenti.

2440 634 2494 687 2.
2527 628 2886 687 Nihilominus
2916 646 3044 686 vera
3074 632 3340 688 sententia
3365 639 3472 699 est,
3515 649 3793 692 summum
3821 637 3960 692 Pon-

2365 720 2582 789 tificem,
2613 720 2776 776 etiam
2807 720 2857 776 in
2881 720 2986 776 hoc
3009 737 3198 793 sensu,
3225 738 3331 778 non
3357 722 3550 779 babere
3570 723 3836 781 directam
3861 742 3957 797 po-

2368 814 2621 865 testatem
2645 809 3000 881 temporalem
3021 810 3070 865 in
3097 812 3415 869 universum
3437 813 3756 883 orbem,sed
3778 814 3956 872 solum

2363 896 2412 951 111
2443 897 2532 953 illa
2565 914 2752 971 regna,
2801 900 2882 955 vel
2923 900 3258 973 provincias,
3301 918 3538 973 quarum
3578 910 3664 959 est
3700 903 3955 961 dominus

2363 987 2703 1065 temporalis.
2734 990 2808 1047 Ut
2835 996 3018 1045 autem
3051 988 3183 1045 baec
3215 992 3484 1047 sententia
3505 1008 3632 1056 vere
3653 1000 3707 1050 et
3726 994 3954 1050 catholi-

2361 1093 2426 1133 ce
2453 1078 2817 1151 intelligatur,
2849 1078 3243 1136 advertendum
3269 1088 3376 1152 est,
3407 1080 3552 1137 aliud
3577 1098 3698 1138 esse
3742 1100 3955 1141 omnem

2363 1175 2710 1240 potestatem,
2734 1169 2894 1225 etiam
2916 1184 3226 1242 supremam
3243 1212 3258 1239 ,
3281 1172 3332 1225 in
3356 1170 3448 1227 illo
3477 1171 3669 1228 ordine
3690 1188 3811 1227 esse
3833 1174 3960 1229 sub-

2359 1256 2555 1313 iectam
2585 1259 2838 1328 potestati
2867 1260 3068 1313 summi
3109 1260 3406 1331 Pontificis3
3449 1260 3594 1317 aliud
3625 1276 3778 1333 vero,
3811 1262 3958 1335 quod

2363 1364 2616 1404 summus
2645 1348 2890 1405 Pontifex
2920 1347 3114 1404 habeat
3153 1349 3416 1406 directam
3459 1356 3776 1420 potestatem
3821 1360 3956 1409 tem-

2359 1437 2602 1510 poralem
2630 1438 2940 1495 distinctam
2969 1440 3037 1494 ab
3061 1438 3352 1509 spirituali,
3373 1455 3467 1509 per
3489 1456 3656 1511 quam
3679 1456 3772 1513 per
3793 1456 3850 1497 se
3869 1440 3952 1498 di-

2358 1528 2508 1583 recte
2529 1527 2698 1597 possit
2717 1527 2946 1583 civiliter
2965 1526 3271 1597 gubernare
3293 1534 3461 1583 totam
3479 1529 3801 1586 Ecclesiam.
3819 1532 3952 1587 Nam

2360 1616 2493 1672 illud
2525 1617 2759 1687 primum
2788 1632 2980 1673 verum
3007 1624 3064 1673 et
3090 1624 3304 1674 certum
3330 1624 3437 1683 est,
3469 1627 3780 1679 nontamen
3821 1636 3948 1691 pro·

2361 1712 2478 1777 pter
2507 1706 2858 1777 temporalem
2889 1714 3210 1777 potestatem
3243 1707 3406 1773 Petri,
3445 1707 3539 1764 sed
3581 1717 3806 1780 propter
3845 1712 3952 1783 spi·

2364 1795 2642 1863 ritualem,
2673 1800 2729 1851 et
2755 1797 2849 1851 cui
2876 1794 3186 1867 temporalis
3213 1796 3263 1850 in
3295 1794 3480 1852 ordine
3507 1795 3573 1852 ad
3615 1798 3772 1852 finem
3813 1798 3957 1854 illius

2360 1884 2671 1948 subiicitur,
2707 1891 2768 1942 ut
2792 1886 2930 1942 infra
2969 1885 3338 1957 comparando
3382 1895 3676 1960 utramque
3715 1895 3954 1959 potesta-

2361 1980 2472 2029 tem
2492 1973 2653 2029 latius
2674 1973 2910 2031 dicetur.
2929 1974 3085 2042 Quod
3106 1977 3151 2030 si
3172 1978 3324 2047 prior
3345 1978 3608 2033 sententia
3627 1978 3683 2033 in
3705 1978 3812 2034 hoc
3835 1985 3954 2034 tan-

2362 2070 2479 2119 tum
2506 2078 2671 2119 sensu
2701 2063 2985 2136 loquatur,
3002 2071 3062 2120 ut
3083 2064 3352 2121 interdum
3374 2066 3678 2137 significant
3699 2076 3956 2125 auctores

2361 2168 2460 2224 pro
2487 2152 2579 2208 illa
2607 2154 2784 2217 citati,
2815 2168 3006 2209 verum
3035 2153 3271 2226 ducunt,
3303 2155 3428 2211 licet
3453 2157 3690 2212 obscure
3729 2158 3956 2230 loquan-

2359 2250 2473 2299 tur.
2507 2244 2650 2298 Haec
2681 2258 2810 2299 vero
2839 2245 3110 2315 posterior
3138 2246 3401 2301 sententia
3427 2246 3480 2301 in
3511 2246 3753 2304 seeundo
3782 2263 3948 2305 sensu

2361 2327 2625 2405 loquitur,
2666 2339 2860 2407 estque
2903 2336 3272 2389 communiter
3300 2343 3540 2406 recepta.
3585 2337 3752 2393 Tenet
3789 2338 3953 2393 Maior

2359 2416 2410 2476 in
2439 2425 2495 2491 4,
2527 2421 2656 2479 dist.
2685 2426 2779 2492 24,
2809 2439 2864 2495 q.
2885 2421 3230 2494 3,Waldens.
3267 2423 3432 2481 lib.2.
3462 2422 3648 2482 doctr.
3675 2424 3815 2495 fidei
3841 2442 3951 2483 an-

2360 2512 2576 2584 tiquae,
2619 2527 2744 2583 cap.
2780 2514 2869 2574 77,
2891 2518 2948 2569 et
2973 2514 3063 2583 78,
3083 2512 3318 2570 Caietan.
3347 2520 3386 2570 t.
3421 2514 3948 2585 l.0pusc.tract.2‚

2360 2615 2414 2656 c.
2451 2606 2507 2673 3,
2537 2610 2594 2658 et
2618 2607 2676 2660 2.
2709 2607 2766 2670 2,
2798 2617 2853 2674 q.
2889 2605 2981 2672 43,
3012 2610 3116 2658 art.
3153 2608 3208 2673 8,
3240 2604 3482 2659 Victoria
3511 2604 3564 2659 in
3597 2611 3826 2677 utraque
3865 2622 3952 2662 re-

2341 2690 2486 2747 lect.
2519 2688 2592 2747 de
2613 2695 2905 2765 potestate
2931 2692 3156 2765 Papae,
3177 2694 3292 2749 Sot.
3319 2691 3410 2749 lib.
3430 2698 3484 2751 4.
3510 2691 3582 2749 de
3600 2696 3790 2751 instit.
3807 2712 3861 2767 q.
3889 2700 3947 2766 4,

2360 2786 2466 2837 art.
2499 2784 2556 2853 2,
2589 2786 2643 2835 et
2669 2780 2718 2837 iu
2747 2784 2806 2848 4,
2832 2766 2960 2836 dist.
2991 2786 3088 2849 25,
3117 2797 3172 2853 q.
3206 2786 3236 2839 2
3257 2822 3272 2851 ,
3301 2788 3411 2839 art.
3453 2788 3500 2852 1,
3529 2784 3872 2840 Turrecrem.
3898 2785 3952 2841 in

2360 2874 2580 2927 summa*
2600 2867 2671 2926 de
2691 2868 2998 2936 Ecclesia,-
3025 2870 3116 2926 111).
3146 2874 3204 2943 2,
3236 2886 3361 2943 cap.
3397 2875 3522 2941 113,
3551 2879 3609 2928 et
3641 2873 3692 2928 in
3727 2888 3852 2945 cap.
3879 2876 3954 2930 In

2361 2956 2590 3033 apibus,
2617 2962 2745 3033 7,q.
2769 2965 2818 3031 1,
2837 2960 3192 3019 Bellarminus
3221 2960 3311 3016 lib.
3333 2968 3386 3019 5.
3413 2960 3484 3017 cle
3517 2978 3769 3019 romano
3799 2965 3952 3020 Pon-

2362 3048 2518 3121 ttfice
2559 3066 2586 3105 a
2629 3050 2896 3121 principio
2940 3065 3035 3121 per
3076 3049 3335 3107 nonnulla
3375 3053 3585 3123 capita,
3620 3054 3733 3110 Pet.
3765 3054 3942 3110 Bertr.

2361 3144 2523 3195 tract.
2557 3136 2630 3195 de
2649 3142 2877 3212 origine
2903 3137 3202 3198 iurisdiet.
3232 3156 3287 3213 q.
3322 3146 3377 3207 3,
3408 3143 3633 3199 Covarr.
3659 3150 3714 3201 et
3739 3145 3943 3201 Navar-

2363 3227 2625 3301 rusjocis
2653 3230 2858 3297 citatis,
2890 3230 2984 3301 qui
3012 3230 3198 3302 plures
3225 3231 3359 3288 alios
3388 3234 3651 3291 referunt.

2438 3318 2704 3375 Probatur
2725 3360 2740 3387 ,
2771 3320 2901 3391 quia
2928 3336 3028 3375 nec
3059 3335 3125 3376 ex
3153 3322 3438 3394 Scriptura
3465 3323 3730 3382 babemus
3749 3366 3764 3397 ,
3793 3325 3946 3383 Chri-

2365 3413 2512 3464 stum
2551 3406 2768 3465 dedisse
2797 3408 2937 3464 banc
2966 3416 3292 3482 potestatem
3321 3413 3478 3469 Petro
3501 3457 3514 3483 ,
3544 3428 3716 3487 neque
3744 3428 3810 3471 ex
3841 3423 3952 3470 tra-

2362 3496 2601 3570 ditione,
2631 3514 2764 3571 ergo
2786 3514 2918 3555 cum
2941 3501 3012 3555 sit
3039 3516 3125 3556 res
3154 3501 3604 3575 supernaturalis,
3633 3518 3741 3559 non
3771 3511 3953 3575 potest

2363 3603 2490 3643 cum
2533 3587 2886 3645 fundamento
2927 3588 3219 3660 affirmari,
3267 3592 3496 3647 maxime
3535 3607 3664 3649 cum
3690 3608 3758 3649 ex
3787 3592 3953 3649 tradi·

2368 3681 2510 3735 tione
2553 3681 2731 3751 potius
2773 3681 3083 3750 oppositum
3132 3680 3464 3747 babeamus,
3508 3682 3775 3754 fueritque
3817 3698 3952 3739 con-

2363 3770 2670 3841 gruentius.
2705 3768 2881 3825 Probo
2909 3768 3147 3841 singula,
3181 3784 3305 3827 nam
3337 3771 3386 3826 in
3415 3772 3602 3843 primis
3626 3771 3874 3829 Christus
3895 3774 3950 3829 in

2362 3860 2643 3933 evangelio
2686 3858 2866 3916 solum
2907 3860 3158 3932 promisit
3199 3863 3356 3917 Petro
3381 3860 3565 3917 claves
3591 3860 3741 3935 regni
3769 3860 3950 3918 caelo-

2364 3964 2488 4005 rum
2507 3992 2521 4018 ,
2546 3964 2641 4021 per
2669 3964 2806 4022 quas
2831 3956 3158 4021 potestatem
3181 3950 3512 4020 spiritualem
3543 3954 3856 4023 supremam
3877 3952 3950 4007 si-

2363 4039 2670 4112 gnificavit,
2715 4046 2776 4095 ut
2816 4044 3000 4109 patres
3039 4047 3349 4110 exponunt,
3391 4046 3449 4096 et
3487 4038 3786 4097 videbimus
3813 4039 3952 4095 libro

2365 4131 2637 4201 sequenti.
2669 4130 2862 4185 Postea
2902 4144 3032 4185 vero
3075 4128 3341 4202 implendo
3371 4130 3780 4202 promissionem
3809 4129 3952 4186 illam

2363 4218 2541 4275 solum
2579 4218 2743 4275 dixit:
2776 4222 2966 4276 Pasce
3002 4234 3132 4275 oves
3159 4234 3359 4285 meas,·
3401 4236 3541 4292 quae
3583 4220 3746 4277 verba
3785 4220 3949 4276 etiam
4039 4271 4046 4281 ,

2365 4306 2434 4365 de
2464 4305 2838 4364 iurisdictione
2876 4306 3140 4378 spirituali
3181 4310 3249 4364 ab
3276 4308 3524 4365 omnibus
3550 4308 3946 4381 intelliguntur.

2366 4395 2566 4454 Deinde
2607 4398 2828 4468 ipsimet
2865 4398 3148 4453 Pontifices
3187 4413 3468 4470 nunquam
3497 4399 3579 4454 usi
3609 4404 3738 4454 sunt
3765 4399 3816 4453 in
3843 4396 3952 4453 Ec-

2363 4486 2532 4543 clesia
2583 4484 2685 4542 hac
2738 4485 2949 4542 directa
2989 4492 3250 4559 potestate
3291 4488 3343 4543 in
3385 4487 3806 4558 temporalibus,
3849 4484 3945 4543 sed

2362 4577 2818 4649 quotiescumque
2843 4574 2996 4631 circa
3019 4576 3338 4648 temporalia
3359 4577 3443 4632 usi
3465 4584 3597 4634 sunt
3617 4577 3952 4633 iurisdictio-

2365 4682 2461 4738 ne,
2493 4665 2672 4723 solum
2707 4665 2759 4722 id
2796 4666 3046 4722 fecerunt
3080 4665 3340 4723 indirecte
3368 4673 3425 4722 et
3451 4666 3500 4722 in
3532 4666 3721 4723 ordine
3749 4665 3815 4723 ad
3845 4666 3957 4737 spi-

2364 4757 2600 4813 ritualia.
2631 4755 2864 4813 Aliunde
2890 4770 3018 4812 vero
3049 4763 3360 4829 agnoscunt
3379 4772 3502 4813 esse
3526 4757 3576 4812 in
3601 4757 3846 4814 Ecclesia
3867 4770 3958 4813 re-

2361 4861 2461 4919 ges
2504 4860 2792 4917 supremos
2834 4846 2888 4900 in
2931 4845 3350 4919 temporalibus3
3391 4861 3524 4919 ergo
3551 4846 3697 4903 illam
3726 4846 3776 4901 in
3805 4863 3863 4903 se
3889 4857 3950 4905 et

2364 4937 2568 4993 directe
2597 4951 2702 4991 nou
2733 4942 3110 5007 cognoscunt,
3134 4936 3260 5008 quia
3283 4938 3326 4992 si
3345 4936 3586 4993 Pontifex
3611 4937 3832 4997 baberet
3851 4956 3952 5011 po·

2345 5020 2614 5083 “testatem
2645 5023 2999 5096 temporalem
3026 5040 3363 5097 supremam,
3395 5024 3578 5082 nullus
3607 5027 3744 5083 infra
3767 5029 3952 5100 ipsum

2363 5116 2504 5173 illam
2537 5113 2794 5185 haberet,
2819 5115 2964 5172 sicut
2991 5117 3118 5187 quia
3141 5123 3467 5187 potestatem
3497 5118 3835 5188 spiritualem
3860 5136 3957 5175 su·

2361 5220 2604 5278 premam
2633 5204 2812 5276 habet,
2843 5204 3027 5262 nullus
3046 5205 3743 5280 ecclesiasticus·princeps
3775 5216 3958 5279 potest
