4325 6267
1797 235 2010 288 CAPUT
2036 235 2210 288 XXX·

379 365 484 426 sub
509 369 871 439 praeceptum
889 404 906 432 ,
943 369 1109 437 prout
1143 363 1300 436 plane
1326 361 1529 421 docent
1553 361 1812 422 doctores
1840 361 1968 418 alle-

374 456 511 532 gati.
541 457 704 514 Ratio
735 461 919 512 autem
949 459 1130 526 potest
1156 452 1355 526 duplex
1383 452 1536 510 reddi
1565 469 1630 511 ex
1652 452 1834 510 dictis.
1857 453 1970 510 Pri-

373 561 464 602 ma
487 551 594 617 est,
627 545 756 618 quia
784 550 918 601 tunc
947 544 1355 615 praeciperetur
1381 543 1590 599 directe
1619 548 1779 600 actus
1803 542 1968 598 inter-

377 650 504 691 nus.
537 636 712 704 Patet,
744 634 872 706 quia
899 632 984 689 vel
1012 647 1109 704 per
1137 631 1242 689 tale
1265 637 1620 704 praeceptum
1641 633 1792 704 prius
1813 645 1974 703 prae-

380 725 663 797 ciperetur
691 723 918 779 intentio
947 721 1065 778 talis
1085 722 1226 791 finis,
1257 726 1318 779 ut
1339 720 1552 778 tandem
1573 735 1641 778 ex
1667 719 1759 776 illa
1779 734 1973 792 seque-

374 820 536 872 retur
571 811 768 870 electio
789 853 805 884 ,
834 813 964 885 quia
989 811 1214 868 intentio
1241 810 1360 866 finis
1385 827 1453 867 ex
1481 826 1540 868 se
1567 809 1842 867 antecedit
1865 809 1976 866 ele-

377 903 619 962 ctionem
667 900 864 972 medii3
909 900 993 957 vel
1034 905 1186 956 certe
1227 899 1272 955 si
1312 905 1473 956 actus
1512 906 1771 956 externus
1798 899 1974 970 primo

379 991 743 1066 praecipitur,
767 997 826 1048 et
851 988 1169 1061 additur,ut
1187 988 1282 1046 fiat
1297 1003 1366 1046 ex
1389 988 1478 1045 tali
1496 987 1810 1059 intentione,
1832 1001 1974 1059 quae

376 1081 447 1140 ad
477 1081 944 1153 complementum
972 1079 1144 1151 ipsius
1170 1082 1330 1135 actus
1359 1077 1666 1138 necessaria
1691 1090 1802 1132 non
1830 1080 1970 1146 erat,

375 1171 539 1244 plane
577 1185 678 1242 per
720 1185 780 1226 se
815 1169 1149 1242 praecipitur
1176 1174 1334 1226 actus
1361 1167 1449 1225 ille
1475 1167 1722 1239 interior,
1752 1166 1848 1240 qui
1877 1164 1971 1223 ad-

379 1260 598 1319 dendus
623 1267 710 1317 est
733 1259 1010 1317 exteriori.
1042 1257 1298 1314 Secunda
1323 1257 1462 1314 ratio
1483 1262 1587 1328 est,
1613 1257 1744 1328 quia
1761 1255 1846 1312 lex
1871 1255 1976 1312 hu-

377 1365 572 1422 mana,
615 1355 681 1406 ut
715 1349 854 1419 dixi,
885 1363 995 1405 non
1022 1354 1207 1419 potest
1233 1347 1547 1418 praecipere
1575 1360 1791 1402 omnem
1818 1344 1975 1401 boni-

378 1446 572 1512 tatem,
603 1437 698 1496 sed
727 1437 894 1508 illam,
913 1451 1068 1510 ,quae
1096 1451 1200 1492 suo
1230 1435 1316 1491 tini
1341 1440 1399 1491 et
1421 1434 1675 1492 exteriori
1701 1434 1976 1508 guberna·

383 1529 518 1586 tioni
554 1525 971 1584 accommodata
1007 1530 1124 1582 est:
1165 1523 1312 1598 quod
1342 1531 1528 1581 autem
1555 1530 1716 1580 actus
1742 1524 1976 1580 exterior

381 1619 478 1675 fiat
513 1616 616 1674 hae
643 1616 728 1674 vel
767 1615 858 1672 illa
893 1615 1193 1672 intentione
1219 1612 1557 1684 extrinseca,
1603 1628 1712 1670 non
1741 1613 1976 1684 pertinet

385 1706 455 1764 ad
491 1705 792 1762 bonitatem
829 1700 1304 1760 accommodatam
1332 1701 1406 1758 illi
1432 1702 1552 1773 tini,
1583 1700 1677 1758 sed
1705 1700 1772 1758 ad
1800 1703 1974 1758 Deum

385 1797 639 1867 pertinet,
671 1795 767 1867 qui
794 1795 1079 1850 scrutatur
1105 1791 1309 1862 corda3
1341 1806 1450 1849 non
1476 1796 1563 1848 est
1587 1805 1720 1865 ergo
1746 1790 1834 1848 illa
1861 1806 1975 1848 ma-

383 1885 523 1942 teria
560 1885 696 1958 legis
734 1882 1019 1940 humanae.
1059 1881 1131 1938 Et
1164 1881 1241 1938 ita
1274 1895 1604 1953 responsum
1641 1885 1726 1936 est
1753 1879 1824 1938 ad
1849 1879 1973 1938 sun-

383 1971 708 2030 damentum
737 1973 1102 2042 contrarium,
1133 1969 1382 2043 negando
1411 1975 1781 2042 assumptum.

461 2060 544 2120 Ad
570 2061 880 2133 exemplum
908 2067 1097 2117 autem
1135 2060 1202 2117 de
1230 2066 1522 2132 praecepto
1552 2060 1832 2135 negativo,
1862 2061 1974 2133 pri·

383 2167 538 2210 mum
576 2166 716 2224 nego
751 2151 1042 2224 paritatem
1078 2149 1324 2206 rationis.
1363 2150 1500 2206 Nam
1529 2154 1710 2222 potest
1737 2149 1973 2208 multum

381 2240 654 2313 pertinere
676 2238 747 2297 ad
765 2253 1062 2296 commune
1082 2238 1312 2308 bonum,
1337 2253 1390 2294 v.
1409 2252 1464 2311 g.
1488 2237 1557 2295 ad
1576 2238 1838 2296 iustitiam
1860 2253 1976 2294 ser-

378 2329 616 2402 vandam
644 2329 699 2385 in
727 2327 951 2399 iudicio,
983 2333 1049 2385 ut
1073 2341 1232 2384 nemo
1253 2341 1319 2383 ex
1339 2326 1484 2392 odio,
1508 2327 1592 2384 vel
1614 2333 1835 2399 propter
1853 2342 1975 2383 sor-

377 2419 480 2477 des
508 2417 642 2476 illud
669 2433 874 2474 munus
900 2423 1169 2484 assumat3
1199 2422 1258 2473 et
1284 2409 1410 2472 ideo‘
1433 2416 1484 2472 in
1505 2414 1661 2473 malis
1683 2416 1972 2489 prohiben-

378 2510 460 2567 dis
487 2516 675 2582 potest
701 2508 788 2565 ille
817 2507 1016 2565 modus
1037 2506 1232 2563 habere
1256 2507 1517 2588 maiorem
1541 2506 1966 2578 proportionem.

378 2598 585 2659 Deinde
621 2613 790 2670 supra
825 2596 964 2668 dixi,
1001 2603 1136 2653 tunc
1161 2610 1219 2652 re
1247 2611 1378 2653 vera
1403 2611 1509 2652 non
1539 2596 1845 2670 prohiberi,
1875 2602 1974 2653 aut

377 2688 565 2762 puniri
604 2687 864 2744 malitiam
891 2685 1302 2758 provenientem
1331 2699 1362 2741 a
1389 2683 1483 2741 tali
1513 2685 1843 2756 intentione,
1875 2683 1972 2741 sed

377 2779 558 2850 ipsum
595 2783 784 2834 actum
812 2781 1102 2833 externum
1131 2773 1410 2848 absolute3
1443 2789 1674 2846 poenam
1701 2790 1834 2831 vero
1863 2788 1970 2830 non

375 2867 584 2940 imponi
611 2869 729 2938 ipso
757 2865 898 2936 iure,
930 2863 1032 2920 nisi
1060 2863 1429 2936 dependenter
1456 2879 1487 2919 a
1519 2863 1610 2920 tali
1639 2862 1966 2920 conditione.

375 2956 533 3016 Unde
571 2965 660 3013 est
697 2957 862 3012 etiam
900 2953 1197 3011 differentia
1237 2969 1404 3026 supra
1431 2955 1737 3023 insinuata,
1770 2953 1899 3024 quia
1925 2951 1970 3008 si

373 3061 476 3118 per
513 3044 903 3102 affirmativum
947 3051 1306 3115 praeceptum
1343 3042 1579 3100 addatur
1615 3041 1844 3098 in'tentio
1877 3056 1975 3097 ex-

373 3134 603 3192 trinseci
631 3131 1116 3201 tinis„extenditur
1141 3131 1472 3204 iurisdictio,
1495 3137 1553 3188 et
1578 3137 1813 3204 augetur
1837 3130 1970 3187 obli·

373 3225 523 3298 gatio
552 3221 622 3279 ad
649 3237 856 3279 novum
886 3227 1076 3278 actum
1101 3223 1444 3291 interiorem3
1474 3218 1694 3294 quando
1715 3235 1846 3277 vero
1867 3235 1970 3292 pu-

375 3314 531 3371 nitur
556 3319 717 3370 actus
745 3312 1004 3383 exterior,
1035 3313 1082 3367 si
1111 3326 1142 3367 a
1171 3310 1268 3368 tali
1293 3311 1537 3368 interiori
1565 3309 1852 3381 procedat,
1873 3325 1971 3382 po-

375 3404 486 3460 tius
530 3401 883 3474 restringitur
930 3399 1220 3471 prohibitio
1265 3405 1324 3456 et
1368 3397 1755 3456 iurisdictionis
1795 3414 1930 3456 usus
1947 3439 1962 3466 ,

373 3491 506 3564 quia
543 3504 652 3546 non
692 3489 918 3561 punitur
956 3488 1132 3546 omnis
1172 3495 1333 3546 actus
1369 3486 1632 3559 exterior,
1665 3489 1758 3560 qui
1787 3488 1968 3559 puniri

385 3585 591 3652 posset.
627 3577 710 3635 Ad
750 3576 900 3635 aliud
923 3592 1055 3635 vero
1084 3577 1394 3649 exemplum
1420 3576 1485 3634 de
1514 3578 1810 3636 intentione
1838 3577 1968 3634 offe-

372 3669 533 3726 rendi
562 3667 891 3724 sacrificium
919 3681 1022 3738 pro
1048 3665 1150 3724 hac
1183 3666 1265 3723 vel
1295 3666 1385 3724 illa
1405 3681 1574 3724 causa
1593 3672 1690 3723 aut
1707 3681 1962 3740 persona,

371 3759 580 3817 dicitur
605 3759 660 3814 in
699 3756 922 3829 primis,
953 3755 1335 3830 obligationem
1362 3755 1510 3813 illam
1538 3755 1859 3828 regulariter
1886 3756 1967 3814 lo-

319 3837 330 3848 '
373 3847 598 3922 quendo
637 3862 746 3903 non
776 3843 1035 3902 fundari
1021 3861 1072 3901 ιιι
1105 3844 1221 3901 sola
1247 3844 1644 3915 iurisdictione,
1675 3845 1770 3902 sed
1798 3845 1926 3902 vel
1912 3863 1966 3904 ιιι

371 3943 504 3994 voto
538 3935 901 4007 obedientiae,
933 3935 1018 3992 vel
1055 3934 1108 3990 in
1135 3935 1316 4008 aliqua
1346 3933 1680 4008 obligatione
1703 3923 1974 4008 iustitiae,

369 4041 470 4101 per
509 4039 677 4098 quam
716 4029 898 4097 potest
937 4022 1133 4096 aliquis
1173 4039 1232 4079 se
1270 4021 1511 4096 obligare
1551 4022 1620 4080 ad
1649 4024 1965 4083 faciendum

370 4114 574 4190 aliquid
601 4114 706 4171 sub
734 4113 836 4170 hac
863 4111 950 4170 vel
976 4112 1066 4169 illa
1091 4114 1422 4185 intentione,
1453 4115 1686 4170 maxime
1713 4113 1756 4169 si
1791 4113 1861 4171 ad
1886 4115 1965 4172 et-

371 4206 578 4263 l'ectum
607 4205 836 4261 actionis
857 4204 1165 4260 necessaria
1185 4203 1275 4259 sit.
1303 4201 1454 4260 Unde
1475 4201 1678 4259 dicitur
1698 4204 1962 4278 secundo,

369 4297 521 4353 illam
549 4295 902 4352 intentionem
929 4308 1037 4349 non
1065 4307 1187 4350 esse
1228 4293 1446 4350 omnino
1484 4295 1848 4351 extrinsecam
1888 4293 1964 4352 illi

371 4385 599 4457 actioni,
628 4384 778 4440 sicut
803 4397 972 4454 supra
999 4380 1315 4438 dicebamus
1355 4379 1423 4438 de
1460 4382 1760 4440 intentione
1801 4385 1966 4440 conii-

372 4471 552 4530 ciendi
587 4477 1025 4544 sacramentum3
1056 4487 1181 4528 nam
1217 4471 1347 4528 licet
1371 4473 1428 4528 iu
1464 4466 1736 4550 praesenti
1769 4472 1857 4530 illa
1882 4475 1965 4530 in-

371 4563 545 4618 tentio
571 4576 682 4617 nou
710 4560 780 4616 sit
804 4559 874 4616 de
901 4561 1224 4617 necessitate
1253 4558 1522 4627 sacrificii,
1555 4567 1620 4617 ut
1645 4562 1747 4633 sic,
1772 4571 1858 4618 est
1883 4568 1965 4619 ta-

370 4665 497 4706 men
538 4648 849 4705 necessaria
886 4646 954 4704 ad
993 4648 1324 4720 completam
1349 4647 1676 4705 oblationem
1717 4651 1966 4707 sacrificii

369 4747 429 4796 et
454 4737 523 4795 ad
550 4739 800 4795 fructum
837 4735 986 4808 eius3
1030 4741 1085 4793 et
1121 4735 1276 4811 ideo,
1319 4737 1412 4810 qui
1441 4742 1765 4814 potestatem
1802 4737 1965 4796 hahet

367 4826 734 4902 praecipiendi
762 4825 1114 4897 sacrificium,
1143 4831 1321 4884 totum
1346 4826 1402 4884 id
1423 4828 1738 4900 praecipere
1759 4834 1957 4900 potest.

445 4918 528 4976 Ad
553 4920 790 4976 rationes
813 4914 1036 4974 alterius
1055 4917 1352 4976 sententiae
1375 4916 1761 4989 respondetur,
1775 4918 1827 4975 in
1848 4919 1962 4992 pri-

366 5011 472 5070 mis
499 5011 554 5067 in
580 5009 670 5068 illa
695 5006 884 5083 regula
909 5004 1044 5064 iuris
1071 5021 1373 5063 sermonem
1394 5021 1516 5064 esse
1536 5007 1604 5064 de
1626 5007 1823 5065 timore
1845 5024 1960 5067 ser-

367 5100 460 5159 vili
485 5098 891 5174 peccaminoso,
921 5093 1143 5173 quando
1169 5096 1294 5171 quis
1318 5095 1396 5154 ita
1422 5095 1726 5156 voluntarie
1746 5097 1878 5158 tacit
1899 5113 1960 5158 o·

3396 209 3410 226 ·
3433 221 3565 294 267·

2039 377 2146 434 pus
2173 370 2552 438 praeceptum,
2579 371 2642 422 ut
2670 366 2912 424 animum
2940 366 3139 425 habeat
3162 381 3269 428 non
3294 365 3557 442 faciendi,
3586 368 3633 426 si

2037 458 2227 523 posset
2254 469 2485 526 poenam
2512 453 2772 528 effugere3
2806 472 2928 514 nam
2957 458 3008 514 in
3048 457 3141 514 illo
3182 457 3345 514 modo
3373 458 3639 530 operandi

2037 539 2193 599 deest
2216 542 2471 599 voluntas
2498 545 2803 602 necessaria
2830 544 2899 602 ad
2921 545 3255 618 implendum
3274 554 3637 618 praeceptum

2039 629 2188 703 apud
2212 633 2405 704 Deum,
2430 633 2635 690 etiamsi
2654 634 2899 691 exterius
2922 635 3133 707 impleri
3165 634 3429 692 videatur.
3464 635 3536 693 Et
3564 638 3641 695 ita

2037 727 2275 794 negatur
2300 720 2620 795 similitudo3
2650 738 2777 780 nam
2798 726 2893 797 qui
2916 724 3048 781 t'acit
3076 731 3255 782 totum
3278 723 3349 794 id,
3375 725 3525 799 quod
3546 727 3638 785 lex

2039 809 2280 868 humana
2307 811 2589 883 praecipit,
2619 819 2674 869 et
2700 828 2829 870 cum
2857 813 3112 871 omnibus
3134 815 3368 871 externis
3391 817 3639 874 circum-

2040 901 2274 971 stantiis,
2303 916 2441 973 quas
2470 900 2756 974 praecipit,
2786 902 2914 959 licet
2942 918 3111 974 prava
3146 904 3445 961 intentione
3472 904 3531 961 id
3558 905 3639 963 l'a-

2040 989 2170 1055 ciat,
2200 1003 2309 1046 nan
2335 988 2468 1046 facit
2494 988 2673 1062 aliter,
2702 1006 2869 1062 quam
2897 990 3092 1050 debeat
3122 993 3301 1051 facere
3328 1009 3396 1050 ex
3418 995 3468 1050 vi
3490 993 3637 1052 illius

2040 1076 2175 1150 legis
2202 1077 2492 1150 humanae,
2523 1078 2652 1136 licet
2678 1080 2843 1138 saciat
2871 1080 3048 1153 aliter,
3079 1097 3243 1155 quam
3270 1082 3375 1140 alia
3394 1083 3483 1140 lex
3503 1082 3639 1140 divi-

2040 1181 2111 1224 na
2139 1167 2466 1240 praecipiat,
2501 1174 2558 1224 et
2581 1167 2703 1225 ideo
2731 1185 2838 1226 non
2870 1176 3066 1241 peccat
3102 1177 3299 1228 contra
3336 1171 3510 1245 legem
3538 1172 3645 1230 hu·
3761 1154 3772 1162 ’

2039 1270 2279 1328 manem,
2313 1256 2441 1314 licet
2466 1255 2598 1314 alias
2620 1265 2837 1330 peccet.
2868 1259 3025 1317 Unde
3064 1259 3134 1317 ad
3172 1261 3401 1333 primam
3428 1263 3640 1320 contir-

2041 1345 2336 1402 mationem
2373 1345 2767 1421 respondetur,
2800 1348 2973 1422 legem
3000 1349 3295 1406 humanam
3324 1351 3643 1424 praecipere

2041 1440 2232 1492 actum
2258 1434 2326 1492 de
2354 1451 2413 1494 se
2438 1437 2666 1510 bonum,
2696 1452 2795 1494 seu
2823 1440 2919 1511 qui
2944 1439 3012 1496 de
3040 1454 3098 1496 se
3126 1445 3305 1512 potest
3334 1439 3471 1497 bene
3498 1441 3635 1514 fieri,

2040 1538 2150 1579 non
2180 1530 2360 1580 tamen
2388 1525 2703 1598 praecipere
2731 1541 2919 1583 omnes
2944 1527 3137 1589 modos
3164 1528 3532 1600 necessarios,
3578 1535 3645 1588 ut

2039 1611 2175 1668 bene
2203 1612 2315 1670 fiat.
2346 1615 2417 1671 Et
2444 1614 2519 1671 ita
2544 1614 2655 1672 sere
2684 1615 2983 1688 respondet
3010 1617 3067 1674 d.
3090 1617 3283 1675 Thom.
3316 1622 3366 1676 1.
3392 1622 3634 1693 2,q.96‚

2041 1707 2148 1758 art.
2184 1707 2239 1760 3.
2270 1701 2338 1759 ad
2365 1707 2421 1761 2.
2452 1704 2522 1760 Ει
2546 1704 2735 1761 eadem
2775 1711 2862 1762 est
2900 1706 3185 1779 responsio
3225 1706 3294 1765 ad
3336 1707 3649 1767 secundam-

2042 1791 2527 1848 confirmationem.
2560 1793 2699 1851 Nam
2726 1793 2810 1851 lex
2834 1793 3074 1853 humana
3092 1797 3357 1868 praecipit
3377 1803 3564 1855 actum
3585 1799 3642 1856 in

2043 1895 2101 1936 se
2129 1882 2499 1938 continentem
2526 1880 2741 1939 cultum
2770 1883 2892 1955 Dei,
2933 1883 3019 1940 vel
3061 1883 3498 1944 mediocritatem
3540 1887 3638 1945 ali·

2050 1984 2219 2043 quam
2247 1973 2663 2045 temperantiae,
2694 1978 2793 2029 aut
2818 1971 3045 2030 alterius
3072 1975 3323 2046 virtutis3
3365 1974 3513 2035 illam
3542 1993 3641 2034 au-

2041 2065 2151 2117 tem
2166 2065 2361 2131 potest
2390 2059 2591 2118 habere
2630 2067 2821 2131 actus,
2864 2062 3029 2120 etiam
3065 2079 3133 2121 ex
3166 2071 3321 2136 parte
3357 2066 3635 2138 operantis

2040 2147 2183 2205 male
2210 2149 2303 2206 fiat
2329 2163 2397 2206 ex
2426 2148 2529 2206 alio
2554 2149 2767 2222 capite,
2797 2150 2948 2224 quod
2975 2167 3073 2225 per
3112 2168 3176 2210 se
3212 2167 3324 2211 non
3363 2154 3639 2228 prohibet,

2041 2253 2143 2295 nec
2172 2240 2439 2310 praecipit
2464 2237 2550 2296 lex
2578 2237 2837 2296 humana.

2117 2325 2199 2384 Ad
2228 2325 2475 2384 ultimam
2501 2327 2968 2386 confirmationem
3008 2327 3347 2388 admittimus
3382 2345 3637 2389 commu-

2039 2433 2166 2475 nem
2193 2422 2249 2474 et
2275 2431 2460 2474 veram
2487 2416 2809 2488 doctrinam,
2840 2416 2987 2491 quod
3016 2433 3114 2491 per
3135 2417 3313 2492 legem
3336 2417 3637 2478 humanam

2040 2513 2200 2564 actus
2238 2507 2516 2579 praecepti
2553 2503 2982 2563 determinantur
3022 2506 3093 2564 ad
3140 2513 3351 2564 certam
3399 2509 3639 2580 speciem

2038 2595 2275 2653 virtutis.
2317 2596 2437 2652 Non
2474 2599 2561 2651 est
2598 2601 2784 2652 autem
2824 2609 3042 2668 sensus,
3086 2595 3236 2669 quod
3275 2595 3363 2653 lex
3402 2595 3642 2657 humana

2039 2684 2364 2757 praecipiat,
2396 2683 2543 2741 illam
2572 2685 2791 2742 virtutis
2820 2685 3059 2756 speciem
3096 2699 3217 2742 esse
3251 2701 3349 2758 per
3378 2701 3437 2743 se
3464 2687 3641 2744 inten-

2039 2781 2151 2830 tam
2180 2774 2247 2830 ab
2275 2779 2557 2844 operante,
2589 2778 2689 2830 aut
2714 2773 2863 2845 quod
2890 2789 3027 2845 pure
3056 2775 3146 2832 liat
3173 2776 3288 2832 siue
3308 2774 3641 2834 admixtione

2038 2861 2269 2919 alicuius
2298 2860 2557 2931 malitiae3
2590 2861 2687 2917 sed
2726 2876 2922 2918 sensus
2957 2869 3073 2934 est,
3118 2862 3295 2936 legem
3338 2863 3641 2923 humanam

2039 2949 2415 3023 praecipiendo
2444 2951 2721 3022 imponere
2748 2951 2929 3008 solum
2958 2951 3347 3026 obligationem
3378 2952 3645 3012 obedien-·

2040 3041 2161 3111 tiae,
2195 3054 2337 3112 quae
2363 3040 2633 3112 generalis
2660 3045 2767 3112 est,
2798 3047 2854 3097 et
2882 3042 2933 3097 in
2959 3042 3104 3099 omni
3132 3050 3429 3115 praecepto
3458 3044 3635 3101 inclu-

2037 3128 2207 3200 ditur,
2237 3126 2335 3184 sed
2360 3128 2521 3185 etiam
2549 3130 2867 3201 praecipere
2894 3130 2961 3187 de
3001 3145 3061 3186 se
3100 3137 3261 3188 actus
3297 3131 3641 3204 singularum

2033 3219 2323 3286 virtutum,
2353 3218 2503 3292 quia,
2532 3223 2597 3274 ut
2622 3233 2789 3290 supra
2814 3219 2943 3291 dixi,
2972 3219 3118 3292 leges
3146 3220 3419 3278 humanae
3448 3224 3629 3280 inten-

2034 3307 2177 3365 dunt
2203 3307 2383 3363 facere
2412 3306 2655 3365 homines
2685 3307 2941 3365 honestos
2968 3307 3023 3364 in
3052 3309 3199 3365 omni
3226 3324 3427 3384 genere
3454 3309 3631 3369 virtu-

2035 3399 2128 3470 tis,
2157 3402 2217 3455 et
2238 3395 2358 3455 ideo
2380 3396 2725 3468 praecipiunt
2744 3395 3051 3454 secundum
3075 3413 3265 3455 omnes
3288 3400 3497 3472 species
3517 3402 3637 3459 vir-

2032 3494 2239 3545 tutum.
2270 3487 2389 3543 Non
2414 3493 2592 3543 tamen
2614 3486 2739 3544 inde
2758 3487 2838 3564 tit,
2863 3486 2947 3543 vel
2971 3485 3055 3544 lex
3076 3486 3313 3545 humana
3334 3489 3635 3563 praecipiat

2034 3582 2221 3633 actum
2249 3573 2559 3631 studiosum
2589 3575 2923 3647 simpliciter,
2954 3581 3011 3632 et
3038 3577 3100 3632 ut
3124 3575 3367 3636 studiose
3396 3579 3506 3652 fiat,
3533 3577 3635 3636 sed

2033 3666 2165 3721 satis
2193 3669 2296 3734 est,
2328 3663 2479 3738 quod
2508 3664 2803 3734 praecipiat
2840 3664 3151 3723 studiosum
3188 3681 3257 3724 ex
3292 3681 3526 3741 genere,
3569 3675 3629 3726 et

2032 3751 2419 3813 constituendo
2446 3750 2553 3810 tale
2580 3753 2821 3810 medium
2848 3755 2902 3810 in
2930 3754 3026 3811 tali
3054 3757 3235 3826 specie
3262 3755 3519 3830 virtutis,
3565 3764 3630 3815 ut

2031 3849 2181 3918 patet
2206 3842 2438 3900 clareia
2465 3844 2687 3899 materia
2707 3843 2965 3916 iustitiae3
2988 3846 3252 3917 praecipit
3269 3847 3413 3904 enim
3436 3852 3628 3905 actum

2007 3935 2171 4004 eius,
2202 3931 2588 3989 constituendo
2616 3930 2890 3988 medium
2876 3949 2929 3988 ιιι
2952 3935 3175 3991 materia
3196 3934 3359 4008 illius,
3376 3951 3491 4010 quo
3512 3952 3633 3994 ser-

2035 4028 2199 4094 vato,
2227 4037 2335 4078 non
2373 4028 2641 4094 peccatur
2681 4026 2874 4079 contra
2916 4021 3059 4079 illam
3086 4022 3293 4098 legem,
3320 4026 3537 4084 etiamsi
3563 4041 3632 4084 ex

2033 4067 2260 4170 avaritia
2283 4111 2369 4168 vel
2397 4110 2501 4168 alio
2530 4110 2659 4168 vitio
2688 4110 2809 4183 quis
2837 4117 3117 4182 operetur.

2560 4270 2841 4341 CAPUT
2886 4269 3104 4340 XXX.

2043 4457 2259 4518 Utrum
2296 4450 2396 4510 lex
2422 4452 2699 4510 humana
2734 4456 2789 4508 et
2815 4449 3007 4509 civilis
3026 4454 3217 4528 possit
3254 4451 3521 4528 obliquae
3548 4453 3634 4513 ad

2107 4547 2205 4602 sut
2230 4542 2694 4600 observationem
2721 4556 2857 4598 cum
2887 4541 3159 4615 periculo
3200 4545 3630 4618 cuiuscumque

2106 4635 2443 4692 nocumenti
2470 4627 2839 4707 temporalis,
2872 4632 3061 4688 etiam
3088 4635 3315 4691 nwrtis.

2588 4793 3076 4859 summarium

2031 4969 2082 5020 1.
2110 4968 2396 5031 Sententia,
2424 4979 2555 5032 quae
2580 4967 2815 5018 absolute
2839 4973 3014 5032 negat,
3041 4967 3207 5034 legem
3226 4967 3497 5022 humanam
3514 4983 3629 5035 pos-

2099 5051 2157 5092 se
2190 5039 2422 5101 obligare
2463 5051 2582 5088 cum
2614 5037 2821 5089 mortali
2844 5035 3089 5102 'periculo
3122 5037 3424 5090 vitae—2.
3452 5039 3630 5093 Altera

2097 5109 2375 5173 sententia,
2401 5119 2533 5174 quae
2556 5107 2741 5160 asserit
2756 5143 2773 5173 ,
2811 5108 3041 5172 obligare
3074 5109 3129 5160 in
3162 5109 3460 5162 universum
3473 5145 3491 5174 ,
3528 5123 3633 5166 non
