4325 6267
743 292 830 354 20

675 431 780 504 legi
810 431 1104 505 tribuitur,
1146 433 1293 506 quod
1335 435 1405 490 sit
1441 436 1629 510 regula
1657 443 1713 492 et
1739 451 2030 509 mensura,
2063 443 2121 493 at
2146 436 2254 493 hoc

675 522 902 578 maxime
929 523 1184 579 convenit
1209 521 1415 580 divinae
1435 525 1720 596 voluntati,
1745 531 1811 583 ut
1829 525 1970 583 sumi
1991 529 2172 598 potest
2188 540 2253 581 ex

671 610 728 667 d.
760 609 965 668 Thema
999 616 1047 670 l.
1079 617 1136 682 2,
1168 628 1224 686 q.
1259 617 1316 682 4,
1346 619 1452 670 art.
1483 618 1540 686 4,
1571 630 1629 688 q.
1668 614 1930 685 19,artic.
1956 618 2167 686 9‚et2.
2194 618 2250 683 2,

674 715 731 772 q.
756 703 853 772 26,
876 701 1033 756 artic.
1061 699 1235 756 ultim.
1259 702 1582 773 Expressius
1605 719 1661 776 q.
1698 707 1820 776 105,
1844 710 1953 760 art.
1987 707 2035 762 1.
2061 703 2156 770 ait,
2179 701 2257 759 di·

671 788 850 846 vinam
880 789 1214 846 voluntatem
1243 806 1365 848 esse
1400 793 1630 864 primam
1659 792 1902 864 regulam
1921 834 1936 863 ,
1967 808 2078 866 qua
2106 807 2255 848 men-

674 878 851 935 surari
887 878 1087 936 debent
1123 880 1388 938 humanae
1417 883 1692 954 actiones;
1725 883 2040 940 voluntates
2069 890 2258 939 autem

672 970 1018 1040 superiorum
1056 969 1338 1028 hominum
1377 988 1500 1028 esse
1530 972 1828 1030 secundam
1857 972 2106 1046 regulam
2132 987 2257 1043 par-

673 1059 951 1130 ticipatam
994 1073 1027 1116 a
1065 1060 1262 1133 prima.
1304 1061 1374 1118 Et
1413 1063 1553 1118 ratio
1593 1068 1710 1134 est,
1741 1062 1866 1136 quia
1893 1061 1946 1120 id
1975 1077 2133 1134 agere
2160 1067 2261 1118 aut

675 1148 812 1206 velle
839 1148 1124 1218 debemus,
1155 1149 1304 1220 quod
1331 1152 1474 1207 Deus
1505 1151 1624 1208 vult
1647 1169 1745 1208 nos
1772 1151 1930 1223 velle,
1953 1158 2052 1208 aut
2069 1165 2253 1224 agere,

673 1243 737 1294 ut
761 1239 833 1294 ait
859 1237 1098 1295 Anselm.
1131 1236 1222 1294 lib.
1255 1237 1328 1295 de
1351 1237 1651 1297 voluntate
1679 1243 1812 1298 Dei.

748 1328 930 1384 Altera
969 1327 1268 1400 proprietas
1305 1328 1433 1400 legis
1461 1336 1566 1400 est,
1595 1330 1742 1404 quod
1769 1330 2062 1400 illuminat,
2091 1335 2149 1386 et
2177 1328 2256 1387 di-

677 1417 804 1490 rigit
844 1414 1150 1473 subditum:
1197 1417 1252 1473 in
1288 1415 1391 1472 hac
1434 1425 1616 1475 autem
1654 1417 2106 1475 considerandum
2135 1424 2255 1488 est,

675 1521 838 1577 posse
861 1503 1080 1562 attribui
1104 1505 1228 1578 legi,
1253 1513 1523 1579 quatenus
1543 1509 1700 1564 estin
1726 1508 1840 1580 ipso
1863 1507 2105 1579 subdito,
2121 1523 2258 1581 quo-

677 1592 840 1651 modo
871 1610 975 1672 non
1003 1603 1088 1652 est
1111 1593 1360 1662 dubium,
1383 1597 1515 1669 quin
1537 1597 1608 1653 sit
1627 1602 1786 1654 actus
1807 1599 2052 1668 rationis,
2075 1604 2134 1652 et
2151 1596 2261 1652 sor-

677 1683 890 1740 maliter
929 1681 1269 1754 illuminans,
1312 1690 1377 1740 ut
1412 1683 1462 1739 in
1501 1685 1768 1756 superiori
1803 1674 1978 1757 capite
2020 1684 2148 1743 dixi.
2194 1685 2263 1742 Et

619 1834 630 1856 x
662 1771 796 1830 ’ideo
833 1771 885 1827 in
923 1771 1166 1846 legendis
1201 1771 1518 1830 auctoribus
1555 1772 1794 1830 cavenda
1823 1779 1907 1830 est
1935 1775 2261 1845 aequivoca·

676 1861 783 1932 tio,
825 1877 956 1918 cum
996 1860 1140 1918 enim
1179 1861 1352 1935 legem
1381 1878 1476 1934 per
1503 1863 1766 1918 rationem
1793 1862 2072 1933 deliniunt,
2103 1877 2263 1932 saepe

679 1952 978 2025 loquuntur
1007 1950 1073 2007 de
1110 1951 1259 2024 lege,
1290 1958 1455 2024 prout
1489 1958 1575 2009 est
1614 1952 1664 2008 in
1703 1951 1946 2023 subdito,
1987 1950 2264 2025 quomodo

677 2042 936 2100 naturalis
977 2042 1064 2100 lex
1103 2041 1302 2099 dicitur
1341 2058 1462 2100 esse
1501 2049 1687 2115 recta,
1715 2050 1772 2099 et
1809 2057 1840 2098 a
1869 2049 2070 2098 natura
2097 2042 2266 2098 indita

677 2133 848 2190 ratio:
893 2132 974 2188 sic
1004 2139 1186 2189 autem
1220 2133 1302 2188 lex
1330 2121 1620 2202 illuminat,
1651 2133 1780 2206 quia
1809 2131 2046 2189 ostendit
2073 2130 2267 2188 volun-

680 2227 844 2280 tatem
889 2221 1236 2294 legislatoris.
1268 2221 1420 2279 Unde
1446 2223 1502 2278 in
1529 2221 1648 2294 ipso
1677 2221 1983 2295 legislatore
2012 2221 2267 2279 voluntas

679 2327 799 2370 esse
830 2309 1063 2381 videtur,
1087 2327 1226 2384 quae
1251 2311 1508 2367 obieetive
1534 2312 1624 2386 (ut
1641 2311 1718 2367 sie
1740 2310 1975 2382 dicam),
1999 2310 2081 2367 vel
2102 2312 2267 2368 etiarn

679 2401 924 2482 effective
973 2399 1242 2456 illuminat
1287 2398 1565 2457 subditum
1583 2442 1598 2470 ,
1649 2382 1927 2474 quomodo
1977 2398 2269 2456 Anselmus

680 2489 831 2547 dicto
873 2489 1006 2545 libro
1046 2487 1118 2546 de
1155 2487 1455 2547 voluntate
1490 2492 1602 2546 Dei
1639 2488 1806 2546 dixit:
1845 2487 2128 2547 Voluntas
2163 2492 2271 2547 Dei

680 2585 770 2639 est
791 2583 1089 2654 niwistra
1110 2579 1412 2637 humanae
1437 2577 1777 2636 voluntatis.

691 2709 694 2714 -
757 2671 894 2727 Erat
929 2671 1090 2727 tertia
1127 2671 1462 2742 proprietas,
1505 2667 1651 2742 quod
1693 2668 1775 2726 lex
1817 2669 2050 2742 ordinat,
2080 2677 2136 2726 at
2161 2668 2266 2724 hoc

681 2759 1052 2848 propriissime
1081 2759 1335 2830 convenit
1360 2759 1646 2830 voluntati,
1672 2769 1734 2816 ut
1755 2767 1902 2817 recte
1922 2762 2075 2816 Scot.
2101 2775 2271 2831 supra

681 2848 878 2921 docet,
909 2858 962 2906 et
1003 2849 1056 2906 in
1089 2855 1252 2906 tract.
1283 2849 1356 2906 de
1383 2847 1760 2907 Praedesttn.
1791 2848 2000 2920 ostendi
2029 2848 2150 2904 loco
2178 2865 2271 2904 su-

685 2954 785 3010 pra
812 2940 1001 2996 citato.
1030 2939 1100 2996 Et
1125 2937 1324 3011 optime
1352 2939 1664 2994 confirmari
1693 2944 1874 3011 potest
1897 2954 1964 2994 ex
1986 2937 2042 2994 d.
2067 2937 2273 2993 Thema

693 3031 740 3085 l.
776 3043 831 3099 p.
863 3043 918 3100 q.
957 3029 1085 3099 107,
1108 3033 1216 3084 art.
1249 3029 1298 3098 1,
1322 3025 1562 3098 dicente,
1584 3043 1756 3083 unum
1785 3026 2036 3100 angelum
2059 3041 2155 3098 per
2176 3042 2272 3083 vo-

685 3115 950 3172 luntatem
979 3132 1132 3173 suam
1161 3113 1413 3172 ordinare
1441 3131 1604 3172 suum
1631 3122 1967 3188 conceptum
1989 3116 2056 3174 ad
2081 3117 2267 3188 alium,

682 3211 740 3260 et
776 3207 854 3260 ita
895 3203 1042 3278 loqui
1070 3206 1151 3276 ei,
1185 3203 1419 3276 pertinet
1443 3219 1574 3278 ergo
1603 3204 1667 3261 ad
1697 3205 2030 3282 voluntatem
2057 3206 2272 3267 ordina·

677 3310 762 3352 re.
797 3293 1028 3368 Undein
1067 3293 1336 3366 praesenti
1362 3293 1708 3367 declaratur3
1738 3311 1862 3352 nam
1896 3294 2027 3352 baec
2058 3296 2272 3354 ordina-

685 3386 761 3441 tio
790 3382 922 3458 legis
953 3383 1034 3440 vel
1061 3389 1147 3440 est
1173 3399 1270 3455 per
1290 3382 1514 3440 modum
1535 3385 1808 3441 relationis
1830 3385 1988 3442 medii
2009 3388 2064 3442 in
2089 3388 2267 3458 linem,

682 3473 765 3531 vel
788 3490 886 3547 per
913 3473 1136 3531 modum
1159 3473 1453 3530 locutionis
1470 3472 1758 3530 indicantis
1774 3473 2110 3533 voluntatem
2129 3477 2271 3549 prin-

682 3565 848 3636 cipis=
893 3573 1130 3637 utroque
1173 3569 1360 3618 autem
1401 3560 1560 3620 modo
1599 3563 1801 3633 optime
1839 3564 2153 3623 attribuitur
2182 3581 2274 3622 vo-

683 3653 908 3726 luntati3
942 3669 1067 3709 nam
1096 3653 1346 3708 voluntas
1371 3657 1485 3725 est,
1516 3667 1655 3724 quae
1680 3650 1892 3709 ordinat
1917 3654 2092 3711 media
2117 3653 2185 3710 ad
2214 3657 2272 3710 li·

683 3760 826 3816 nem,
857 3743 982 3816 quia
1007 3743 1124 3814 ipsa
1149 3749 1264 3816 est,
1289 3756 1429 3815 quae
1451 3740 1680 3809 intendit
1705 3742 1860 3798 linem
1877 3783 1892 3812 ,
1917 3749 1972 3799 et
1989 3743 2137 3818 eligit
2163 3761 2275 3801 me-

679 3832 769 3890 dia
794 3839 1015 3904 propter
1040 3832 1240 3920 ipsum,
1270 3837 1328 3887 et
1372 3830 1443 3887 ita
1485 3833 1696 3896 statuit,
1743 3837 1805 3888 ut
1829 3832 1983 3890 liant:
2017 3832 2267 3892 voluntas

680 3923 844 3980 etiam
875 3929 990 3994 est,
1022 3937 1161 3996 quae
1195 3923 1429 3994 imperat
1464 3919 1826 3994 locutionem,
1854 3928 1910 3978 et
1936 3923 1986 3978 in
2017 3925 2155 3995 Deo,
2190 3924 2272 3980 vel

679 4011 1014 4071 immateriali
1057 4012 1338 4090 supppsito
1381 4009 1645 4068 ordinatio
1685 4011 1974 4069 locutionis
2015 4015 2175 4071 etiam
2216 4015 2277 4070 lit

681 4119 779 4175 per
817 4103 1182 4170 voluntatem3
1217 4117 1348 4174 ergo
1389 4098 1653 4158 ordinatio
1685 4101 1848 4174 legis,
1891 4109 2057 4173 prout
2093 4110 2180 4158 est
2217 4105 2271 4159 in

628 4204 634 4224 ·
683 4195 966 4264 superiore
996 4190 1279 4248 ordinante
1305 4189 1390 4246 vel
1417 4191 1690 4263 loquente,
1719 4206 1933 4263 semper
1960 4198 2042 4249 est
2071 4190 2269 4266 aliquid

682 4289 937 4353 spectans
956 4282 1034 4339 ad
1061 4280 1421 4338 voluntatem.

756 4369 908 4428 Unde
946 4368 1101 4426 aliter
1128 4369 1286 4426 etiam
1319 4369 1552 4425 solvitur
1580 4368 1816 4426 obiectio
1834 4410 1850 4442 ,
1879 4385 2020 4442 quae
2047 4371 2158 4427 fleri
2187 4387 2273 4430 so·

684 4459 789 4532 let,
819 4461 945 4532 quia
989 4457 1115 4515 lieet
1154 4459 1404 4529 superior
1442 4457 1571 4515 velit
1595 4456 1792 4531 aliquid
1821 4458 1934 4514 lieri
1969 4474 2002 4514 a
2027 4458 2265 4526 subdito,

678 4550 728 4615 ‚si
761 4565 867 4604 non
898 4549 1109 4605 intimet
1129 4537 1490 4618 'voluntatem,
1521 4563 1630 4604 non
1653 4547 1936 4620 praecipit.
1961 4547 2269 4620 Responde-

687 4645 782 4695 tur
807 4640 972 4710 enim,
1005 4636 1144 4694 hanc
1173 4636 1560 4692 intimationem
1587 4651 1744 4708 posse
1771 4651 1890 4692 esse
1916 4639 2267 4710 exteriorem,

681 4734 738 4784 et
777 4727 842 4784 de
883 4727 985 4783 hac
1028 4743 1135 4782 non
1176 4742 1296 4782 esse
1325 4741 1663 4799 sermonem,
1694 4728 1823 4801 quia
1849 4727 1938 4784 illa
1964 4743 2074 4784 non
2100 4735 2189 4784 est
2210 4731 2265 4784 in

681 4817 1022 4890 legislatore,
1065 4814 1160 4873 sed
1203 4816 1344 4874 actio
1372 4819 1659 4888 transiens,
1689 4834 1829 4890 quae
1857 4818 1940 4874 vel
1969 4819 2022 4875 in
2049 4819 2264 4876 subdito

681 4908 764 4964 vel
805 4907 856 4963 in
885 4907 987 4964 alia
1013 4915 1232 4964 externa
1260 4907 1484 4973 materia
1512 4907 1793 4982 recipitur,
1823 4909 1972 4966 iuxta
1997 4906 2142 4965 dieta
2172 4925 2263 4964 su-

677 4997 880 5071 periori
909 4998 1086 5070 capite
1102 5007 1128 5049 ε’
1145 4997 1407 5053 intimatio
1435 5004 1640 5070 autem,
1671 5006 1836 5070 prout
1861 5005 1948 5054 est
1974 5000 2025 5055 in
2050 4997 2263 5072 legisla-

679 5097 824 5160 tore,
855 5086 1081 5143 maxime
1101 5101 1222 5142 esse
1244 5084 1457 5142 videtur
1481 5087 1729 5144 voluntas
1749 5089 1992 5144 exterius
2013 5087 2261 5144 intiman-

2159 311 2359 362 unm
2386 314 2437 362 1.

2328 445 2451 509 tur,
2494 437 2577 493 vel
2616 451 2683 494 ex
2721 435 2811 493 illa
2837 435 3121 509 sequitur,
3152 447 3283 507 ergo
3310 419 3375 489 ea
3400 431 3561 488 etiam
3590 434 3793 489 ratione
3822 432 3907 489 lex

2325 526 2557 582 maxime
2585 527 2819 596 pertinet
2845 523 2912 581 ad
2942 523 3302 580 voluntatem.

2402 618 2455 674 7.
2488 617 2752 686 Superest
2773 612 3054 686 probanda
3076 612 3242 669 altera
3264 628 3391 684 pars
3414 612 3568 684 primi
3589 609 3910 668 anteceden-

2325 705 2425 778 tis,
2466 705 2721 761 nimirum
2761 704 2969 777 aliquas
2998 701 3335 760 conditiones
3362 702 3428 760 ad
3460 703 3631 775 legem
3660 717 3907 758 necessa·

2322 797 2431 850 rias
2470 795 2695 851 inveniri
2733 795 2785 850 in
2826 800 2957 850 actu
2994 793 3317 864 voluntatis,
3358 799 3415 850 et
3454 809 3559 849 non
3600 793 3817 864 proprie
3858 791 3910 846 in

2324 897 2451 944 actu
2479 886 2817 944 intellectus.
2850 885 3027 942 Prima
3046 890 3131 940 est
3150 898 3389 952 movere,
3412 887 3471 938 et
3492 881 3761 954 applicare
3784 880 3912 936 sub-

2325 977 2504 1035 ditum
2546 975 2612 1034 ad
2652 972 3015 1033 exercendam
3057 974 3359 1042 actionem,
3390 971 3494 1028 sub
3522 971 3735 1027 actione
3774 984 3913 1026 sem-

2327 1083 2423 1139 per
2464 1065 2812 1122 omissionem
2854 1060 3215 1134 intelligendo.
3258 1061 3584 1131 Principium
3626 1058 3767 1114 enim
3799 1073 3915 1114 mo-

2325 1171 2490 1228 vens,
2521 1162 2579 1212 et
2605 1154 2885 1226 applicans
2913 1150 2977 1207 ad
3006 1149 3328 1208 exercitium
3358 1150 3589 1205 actionis
3616 1154 3701 1203 est
3726 1146 3914 1204 volun·

2326 1250 2439 1318 tas3
2482 1261 2607 1301 nam
2646 1242 2953 1301 intellectus
2996 1242 3181 1313 potius
3206 1245 3389 1296 movet
3416 1236 3596 1312 quoad
3638 1236 3919 1308 specifica-

2330 1337 2559 1404 tionem,
2588 1341 2646 1389 et
2668 1332 2791 1391 ideo
2818 1331 3001 1404 potius
3029 1331 3231 1388 dieitur
3259 1329 3512 1400 dirigere,
3540 1343 3703 1400 quam
3734 1341 3914 1382 move-

2330 1439 2408 1480 re.
2438 1420 2689 1482 Secunda
2714 1427 2827 1493 est,
2862 1420 3059 1478 habere
3089 1421 3197 1475 vim
3220 1417 3511 1492 obligandi,
3536 1431 3677 1491 quae
3698 1417 3917 1489 proprie

2328 1512 2487 1569 estin
2514 1511 2813 1582 voluntate,
2837 1517 2895 1567 et
2920 1517 3028 1567 non
3052 1509 3103 1564 in
3124 1507 3427 1576 intellectu,
3460 1523 3580 1564 nam
3609 1503 3919 1562 intellectus

2330 1600 2510 1657 solum
2559 1606 2739 1672 potest
2776 1599 3062 1657 ostendere
3105 1597 3513 1668 necessitatem,
3556 1610 3697 1668 quae
3738 1601 3824 1652 est
3866 1593 3917 1649 in

2331 1691 2449 1762 ipso
2478 1690 2718 1760 obiecto,
2750 1688 2897 1762 quod
2928 1690 2972 1743 si
3000 1689 3055 1742 in
3083 1686 3173 1744 illo
3201 1700 3308 1742 non
3338 1688 3427 1755 sit,
3458 1701 3565 1740 non
3594 1691 3773 1756 potest
3808 1685 3919 1752 ipse

2280 1839 2286 1846 ,
2330 1795 2449 1836 eam
2478 1780 2746 1836 tribuere:
2782 1777 3034 1834 voluntas
3057 1783 3243 1833 autem
3271 1775 3484 1832 confert
3508 1775 3913 1840 necessitatem,

2332 1883 2474 1942 quae
2510 1868 2560 1924 in
2600 1869 2809 1924 obiecto
2838 1884 2942 1924 non
2971 1873 3122 1938 erat,
3152 1873 3209 1922 et
3235 1865 3391 1937 lacit,
3432 1881 3485 1922 v.
3516 1865 3575 1938 g'.
3616 1865 3667 1920 in
3696 1864 3919 1928 materia

2332 1954 2601 2028 iustitiae,
2646 1964 2711 2014 ut
2746 1973 2836 2014 res
2866 1955 2995 2012 tanti
3022 1954 3106 2011 vel
3136 1955 3267 2011 tanti
3298 1953 3497 2025 valeat,
3527 1959 3584 2009 et
3610 1954 3663 2009 in
3692 1954 3918 2009 materia

2336 2045 2561 2103 aliarum
2605 2047 2902 2111 virtutum,
2944 2051 3008 2102 ut
3040 2043 3129 2101 hie
3164 2047 3221 2100 et
3254 2058 3402 2101 nunc
3442 2042 3515 2099 sit
3548 2043 3919 2099 necessarium

2334 2137 2571 2209 operari,
2598 2134 2747 2209 quod
2776 2136 2907 2192 alias
2936 2150 3031 2208 per
3056 2149 3115 2190 se
3142 2149 3250 2190 non
3273 2139 3440 2188 esset.
3463 2133 3661 2204 Tertia,
3686 2131 3826 2188 serre
3847 2130 3922 2186 le-

2336 2241 2461 2300 gem
2488 2232 2575 2282 est
2601 2231 2759 2281 actus
2789 2223 3179 2281 iurisdictionis
3206 2230 3263 2279 et
3286 2221 3569 2294 potestatis
3598 2220 3918 2293 superioris,

2336 2320 2401 2372 ut
2437 2315 2575 2372 inl'ra
2610 2315 2816 2387 dicam,
2861 2313 3006 2371 unde
3030 2320 3119 2372 est
3146 2313 3312 2369 veluti
3344 2327 3479 2368 usus
3506 2307 3793 2368 cuiusdam
3823 2308 3919 2366 do-

2336 2404 2513 2476 minii;
2546 2421 2683 2462 usus
2723 2409 2908 2462 autem
2948 2411 3035 2462 est
3062 2411 3218 2461 aetus
3246 2401 3562 2476 voluntatis,
3592 2407 3650 2458 et
3676 2415 3921 2472 praeser-

2336 2495 2431 2551 tim
2458 2511 2597 2551 usus
2624 2494 2865 2564 dominii,
2890 2494 2987 2566 qui
3014 2492 3151 2550 liber
3170 2499 3273 2548 est.
3298 2492 3520 2560 Quarta,
3546 2488 3628 2546 let
3652 2497 3738 2547 est
3757 2496 3921 2545 aetus

2337 2582 2572 2641 iustitiae
2600 2582 2816 2656 legalis,
2850 2598 2971 2639 nam
2999 2583 3255 2654 princeps
3281 2580 3415 2637 dum
3444 2581 3545 2636 sert
3571 2579 3776 2652 legem,
3810 2594 3924 2634 ma-

2338 2675 2477 2730 xime
2505 2673 2669 2731 debet
2686 2672 2753 2729 ad
2775 2687 3067 2729 commune
3090 2672 3291 2728 bonum
3313 2671 3609 2742 respicere,
3632 2666 3783 2742 quod
3804 2684 3923 2738 spe-

2338 2768 2458 2820 ctat
2482 2761 2549 2818 ad
2576 2763 2837 2819 iustitiam
2868 2761 3128 2836 legalem,
3167 2761 3367 2818 iustitia
3402 2766 3583 2816 autem
3622 2758 3804 2830 legalis
3837 2767 3925 2814 est

2336 2853 2512 2908 virtus
2548 2851 2879 2920 voluntatis,
2910 2851 3161 2924 quamvis
3195 2850 3435 2922 indigeat
3461 2847 3759 2906 directione
3794 2865 3923 2920 pru-

2337 2940 2581 3013 dentiae,
2612 2941 2759 3014 quod
2791 2957 3085 2998 commune
3112 2946 3200 2996 est
3226 2939 3477 2996 omnibus
3508 2937 3795 2994 virtutibus
3825 2949 3919 2992 vo-

2338 3030 2580 3088 luntatis.
2605 3031 2759 3090 Unde
2780 3030 2959 3088 solum
2986 3032 3063 3102 fit,
3088 3029 3155 3086 ad
3186 3030 3357 3102 legem
3386 3027 3662 3085 serendam
3688 3028 3921 3084 maxime

2338 3122 2702 3178 necessariam
2742 3137 2863 3177 esse
2904 3119 3250 3192 prudentiam
3273 3161 3289 3186 ,
3332 3116 3477 3192 quod
3514 3121 3661 3174 recte
3692 3116 3925 3188 probant

2340 3209 2687 3268 fundamenta
2730 3210 2921 3282 prioris
2960 3210 3291 3277 sententiae,
3336 3214 3461 3264 non'
3486 3213 3661 3263 tamen
3692 3205 3779 3278 lit,
3806 3220 3925 3262 esse

2340 3299 2622 3357 formalem
2660 3308 2843 3357 actum
2883 3297 3225 3371 prudentiae.
3258 3298 3414 3354 Sicut
3440 3297 3581 3354 iusta
3622 3294 3925 3354 distributio

2340 3397 2397 3447 et
2421 3399 2575 3448 recta
2600 3391 2799 3447 electio
2827 3405 2856 3446 a
2884 3390 3171 3461 prudentia
3200 3385 3416 3458 pendet,
3444 3392 3501 3442 et
3522 3393 3701 3442 tamen
3728 3385 3925 3442 forma-

2341 3478 2463 3535 liter
2490 3487 2576 3536 est
2601 3485 2763 3536 actus
2791 3477 3083 3534 voluntatis
3110 3492 3207 3549 per
3234 3475 3491 3531 iustitiam
3519 3473 3922 3530 distributivam

2342 3568 2425 3624 vel
2456 3583 2553 3639 per
2582 3568 2738 3624 aliam
2768 3569 3031 3624 virtutem
3061 3564 3323 3622 moralem
3352 3565 3647 3636 operantis.

2416 3656 2615 3714 Ultima
2655 3658 2796 3713 ratio
2834 3671 2960 3713 esse
3000 3661 3213 3727 potest,
3242 3656 3371 3727 quia
3407 3669 3474 3710 ex
3500 3653 3613 3725 his,
3646 3669 3786 3728 quae
3812 3653 3923 3710 dixi

2344 3743 2695 3818 proponendo
2743 3746 2983 3816 priorem
3040 3744 3391 3808 sententiam,
3444 3742 3665 3814 intelligi
3724 3751 3923 3815 potest,

2342 3834 2619 3908 quamsit
2656 3832 2875 3890 difficile
2916 3832 3197 3904 designare
3236 3839 3421 3888 actum
3450 3830 3795 3904 intellectus,
3827 3833 3920 3905 qui

2341 3926 2415 3980 sit
2450 3923 2568 3995 lex,
2612 3925 2667 3979 in
2710 3923 2987 3980 voluntate
3026 3929 3212 3979 autem
3238 3919 3401 3978 facile
3430 3922 3761 3992 assignatur.
3792 3923 3925 3976 Nam

2341 4012 2429 4070 illa
2458 4012 2728 4084 voluntas,
2772 4028 2938 4086 quam
2976 4013 3228 4083 superior
3256 4010 3419 4066 habet
3444 4008 3715 4083 obligandi
3744 4010 3927 4066 subdi-

2341 4108 2459 4159 tum
2489 4102 2556 4159 ad
2586 4093 2757 4159 talem'
2778 4109 2987 4172 actum,
3020 4101 3105 4158 vel·
3134 4098 3306 4174 (quod
3336 4098 3558 4171 perinde
3586 4097 3696 4170 est)
3728 4101 3930 4156 consti·

2342 4189 2530 4248 tuendi
2570 4191 2734 4248 talem
2774 4189 3051 4248 materiam
3092 4191 3231 4246 intra
3276 4189 3615 4246 necessarios
3657 4190 3927 4244 terminos

2341 4279 2592 4351 virtutis,
2634 4280 2831 4352 optime
2872 4279 3064 4350 recipit
3089 4277 3579 4338 denom'uationem
3621 4275 3785 4350 legis,
3818 4285 3927 4333 tam

2341 4376 2564 4442 propter
2606 4369 2788 4426 omnia
2809 4410 2825 4442 ,
2867 4383 3012 4442 quae
3051 4366 3381 4424 adduximus
3409 4366 3477 4423 de
3504 4367 3929 4438 proprietatibus

2338 4457 2493 4532 legis,
2524 4474 2691 4532 quam
2716 4475 2781 4515 ex
2812 4475 2901 4529 eo,
2934 4456 3086 4530 quod
3112 4457 3273 4514 etiam
3302 4456 3614 4529 tetigimus,
3642 4458 3769 4529 quia
3796 4455 3925 4512 nihil

2336 4547 2661 4605 antecedens
2690 4549 2828 4604 hanc
2854 4547 3188 4606 voluntatem
3212 4546 3407 4603 habere
3438 4552 3621 4618 potest
3640 4546 3743 4602 vim
3768 4546 3925 4618 legis,

2334 4655 2463 4696 cum
2492 4654 2601 4694 non
2626 4637 2800 4710 possit
2823 4639 3207 4694 necessitatem
3230 4633 3517 4692 inducere:
3544 4634 3806 4708 quidquid
3832 4651 3928 4692 au-

2334 4736 2443 4786 tem
2472 4727 2851 4802 subsequitur,
2880 4727 3061 4798 potius
3080 4731 3166 4782 est
3192 4727 3407 4797 signum
3438 4724 3568 4797 legis
3596 4724 3699 4780 iam
3730 4740 3932 4781 eonce-

2332 4824 2457 4890 ptae
2496 4825 2551 4873 et
2581 4815 2845 4872 stabilitae
2874 4817 2929 4872 in
2957 4821 3133 4872 mente
3162 4815 3443 4886 principis3
3475 4829 3598 4868 nam
3626 4813 3739 4884 ipsa
3768 4817 3927 4869 etiam

2334 4907 2537 4964 locutio
2559 4904 2807 4962 mentalis
2830 4905 3048 4978 signum
3070 4910 3280 4960 tantum
3304 4901 3532 4958 mentale
3552 4908 3658 4966 est.
3678 4903 3777 4959 Cui
3808 4902 3931 4958 sun-

2331 4997 2581 5056 damento
2621 5011 2726 5051 non
2769 4994 2921 5052 aliter
2959 4994 3139 5066 potuit
3174 4991 3505 5063 respondere
3540 4990 3787 5063 Medina,
3826 4985 3928 5046 nisi

2330 5085 2604 5160 negando,
2641 5085 2970 5141 voluntatem
3015 5080 3285 5153 obligandi
3326 5097 3447 5137 esse
3486 5079 3847 5138 necessariam
3874 5080 3926 5136 in

677 5177 763 5250 di,
804 5192 944 5250 quae
984 5177 1034 5234 in
1065 5176 1181 5248 ipsa
1210 5174 1488 5234 voluntate
1517 5175 1786 5250 obligandi
1813 5177 2000 5236 intime
2027 5176 2259 5234 includi·
2326 5175 2564 5250 principe
2590 5173 2659 5231 ad
2684 5171 2955 5232 serendam
2977 5171 3246 5250 legem,et
3262 5169 3609 5244 obligandum
3634 5185 3731 5242 per
3759 5168 3923 5230 illam.
