4325 6267
1836 370 2049 422 CAPUT
2074 374 2181 423 111.
3469 356 3550 420 87

371 492 684 561 creaturas3
709 505 841 563 ergo
863 488 998 548 dicit
1015 498 1339 564 respectum
1360 492 1589 553 liberum
1613 494 1681 552 ad
1704 495 1841 554 illas.
1858 498 1967 554 Un-

370 578 439 634 de
466 577 522 635 d.
553 579 787 637 Thomas
814 596 873 653 q.
907 584 1000 653 91,
1031 588 1137 637 art.
1177 585 1226 639 1.
1252 582 1318 639 ad
1356 586 1406 641 12
1438 588 1734 655 AEternus,
1772 586 1963 659 inquit,

369 666 607 727 divinae
643 674 863 727 mentis
900 676 1214 745 conceptus
1254 672 1430 730 habet
1481 679 1781 733 rationem
1826 677 1968 751 lepis

370 762 669 829 aeternae,
691 758 1018 818 secundum
1045 761 1199 833 quod
1228 762 1544 839 ordinatur
1570 765 1653 823 ad
1677 765 1971 840 quberna-

372 849 597 905 tionem
608 858 831 907 ‘rerum
864 850 939 907 ab
967 853 1097 925 ipso
1116 858 1667 927 praecoquitarum.
1700 858 1973 925 Quocirca

371 934 441 993 ad
458 937 596 994 illud
615 938 683 995 de
706 939 825 996 idea
846 942 1021 1012 primo
1045 942 1233 1013 negari
1253 949 1453 1015 potest,
1476 945 1648 1017 legem
1671 952 1970 1019 aeternam,

371 1031 439 1082 ut
474 1025 563 1085 lex
603 1034 717 1098 est,
762 1029 945 1087 dicere
985 1032 1251 1087 rationem
1287 1032 1467 1106 ideae,
1499 1036 1628 1108 quia
1656 1038 1775 1095 idea
1802 1039 1974 1113 magis

370 1116 735 1175 constituitur
770 1125 837 1175 ut
873 1118 1204 1191 principium
1240 1123 1502 1192 operandi
1528 1140 1594 1184 ex
1622 1134 1777 1198 parte
1802 1129 1972 1199 ipsius

370 1205 630 1280 artificis,
673 1223 841 1281 quam
881 1224 981 1281 per
1019 1210 1243 1268 modum
1281 1218 1558 1287 praecepti
1587 1217 1674 1274 vel
1702 1218 1973 1290 impulsus

368 1301 634 1366 respectu
663 1298 739 1353 rei
768 1314 867 1370 per
890 1299 1069 1356 ideam
1094 1302 1513 1378 producendae,
1538 1314 1595 1363 et
1617 1307 1689 1363 ita
1710 1307 1974 1364 verisimi-

371 1382 479 1440 lius
504 1392 621 1459 est,
646 1386 821 1461 legem
842 1395 897 1445 et
916 1390 1093 1447 ideam
1118 1394 1327 1449 ratione
1351 1395 1591 1471 differre,
1615 1404 1679 1453 ut
1702 1413 1767 1453 ex
1790 1397 1975 1453 dicen-

370 1469 457 1527 dis
485 1474 719 1545 amplius
746 1478 1041 1536 constabit.
1066 1480 1264 1538 Deinde
1286 1498 1416 1539 vero
1440 1484 1581 1542 addo
1598 1527 1614 1558 ,
1638 1488 1795 1543 etiam
1825 1488 1975 1544 iuxta

370 1561 519 1619 illam
560 1566 881 1624 sententiam
919 1574 1335 1629 convenientius
1372 1574 1513 1647 dici,
1546 1591 1653 1633 non
1683 1577 1862 1635 ideam
1892 1596 1977 1635 se-

372 1651 623 1709 cundum
649 1670 730 1725 se,
763 1656 859 1713 sed
890 1663 950 1713 ut
978 1659 1253 1732 exemplar
1274 1703 1288 1732 ‚
1320 1661 1519 1720 habere
1549 1667 1814 1724 rationem
1841 1667 1974 1740 legis

376 1747 651 1801 aeternae.
684 1744 871 1802 Differt
907 1749 1051 1803 enim
1079 1748 1196 1806 idea
1225 1750 1293 1807 ab
1319 1753 1643 1825 exemplari,
1676 1756 1827 1829 quod
1856 1757 1976 1814 idea

376 1836 467 1887 est
500 1846 647 1889 mere
686 1836 951 1893 naturalis
978 1836 1031 1892 in
1058 1840 1199 1911 Deo,
1232 1841 1374 1898 unde
1404 1848 1489 1898 est
1516 1843 1677 1899 etiam
1706 1844 1772 1901 de
1809 1848 1975 1903 rebus

374 1921 755 1994 possibilibus3
800 1928 1078 1999 exemplar
1105 1936 1289 1987 autem
1316 1932 1543 1989 involvit
1572 1941 1885 2005 respectum
1916 1937 1977 1993 li·

282 2004 289 2009 '
376 2011 605 2084 berum,
643 2016 771 2087 quia
810 2017 1087 2089 exemplar
1126 2020 1351 2077 involvit
1386 2024 1766 2082 causalitatem
1795 2026 1977 2100 aliquo

378 2101 546 2159 modo
583 2104 891 2176 actualem3
924 2108 995 2163 ita
1022 2115 1084 2164 ut
1127 2110 1330 2183 aliquid
1360 2110 1427 2168 ad
1458 2112 1597 2170 illius
1626 2114 1976 2173 imitationem

378 2191 493 2263 liat,
518 2192 603 2249 vel
626 2193 877 2251 futurum
900 2198 987 2253 sit.
1004 2197 1083 2253 Ita
1102 2212 1232 2271 ergo
1257 2198 1343 2256 lex
1364 2200 1549 2259 dicere
1574 2211 1757 2275 posset
1778 2204 1947 2262 ideam
1962 2249 1976 2275 ,

380 2288 445 2339 ut
470 2289 556 2340 est
582 2284 685 2341 sub
715 2284 805 2342 illo
831 2293 1085 2359 respectu
1103 2328 1119 2359 ,
1149 2296 1205 2345 et
1231 2306 1339 2347 non
1362 2297 1425 2348 ut
1446 2292 1764 2366 simpliciter
1789 2310 1978 2353 neces-

382 2373 526 2431 saria
554 2380 656 2431 est.

464 2468 520 2521 3.
550 2465 731 2538 Atque
772 2466 898 2524 hinc
939 2469 1120 2540 quoad
1160 2470 1313 2541 prius
1342 2470 1569 2529 dubium
1604 2472 1977 2551 concluditur,

380 2551 556 2625 legem
586 2562 863 2613 aeternam
890 2560 1201 2616 necessario
1230 2560 1536 2636 includere,
1569 2578 1667 2621 seu
1702 2567 1981 2636 postulare

380 2650 569 2700 actum
595 2642 805 2702 divinae
833 2645 1162 2716 voluntatis,
1187 2650 1316 2721 quia
1344 2650 1565 2708 libertas
1593 2654 1755 2709 etiam
1784 2657 1877 2711 Dei
1897 2663 1984 2713 est

383 2733 685 2791 formaliter
726 2736 777 2793 in
818 2735 1096 2817 vpluntate
1132 2738 1343 2811 divina3
1388 2740 1482 2799 sed
1525 2742 1609 2800 lex
1638 2755 1857 2801 aeterna
1896 2753 1985 2802 est

384 2823 582 2896 aliquid
606 2824 832 2882 liberum
856 2826 906 2881 in
928 2830 1071 2899 De03
1104 2843 1234 2901 ergo
1263 2829 1498 2888 includit
1523 2832 1880 2890 voluntatem.
1912 2836 1983 2893 Et

384 2911 488 2969 hac
528 2915 734 2971 ratione
775 2916 938 2973 etiam
979 2916 1027 2972 in
1070 2916 1187 2990 lege
1215 2924 1439 2977 aeterna
1465 2936 1661 2979 verum
1689 2928 1803 2994 est,
1834 2924 1979 2995 quod

384 3018 556 3075 supra
575 3002 835 3075 diximus,
860 3004 1064 3062 nullam
1089 3006 1286 3079 legem,
1311 3015 1376 3065 ut
1398 3010 1502 3079 sic,
1526 3025 1646 3066 esse
1670 3012 1985 3083 simpliciter

354 3100 359 3103 “
384 3096 777 3167 necessariam,
803 3096 932 3169 quia
952 3099 1113 3151 etiam
1135 3103 1355 3154 aeterna
1381 3097 1489 3169 lex,
1516 3106 1790 3173 quatenus
1812 3100 1983 3159 libera

384 3189 501 3255 est,
546 3199 655 3240 non
695 3189 782 3241 est
818 3186 1137 3257 simpliciter
1179 3189 1511 3243 necessaria.
1544 3189 1732 3261 Neque
1760 3189 1865 3247 hoc
1898 3207 1983 3248 re-

386 3278 598 3344 pugnat
624 3273 741 3330 eius
779 3275 1113 3346 aeternitati,
1144 3277 1271 3347 quia
1310 3277 1475 3333 etiam
1517 3275 1719 3350 aliquid
1749 3278 1982 3336 liberum

359 3362 527 3418 ‘intra
566 3364 741 3419 Deum
781 3369 963 3435 potest
997 3378 1117 3419 esse
1154 3372 1461 3421 aeternum.
1492 3366 1681 3439 Neque
1707 3366 1869 3424 etiam
1898 3384 1984 3425 re-

386 3459 601 3525 pugnat
626 3453 744 3509 eius
770 3451 1213 3525 immutabilitati,
1243 3454 1373 3527 quia
1394 3454 1616 3512 decreta
1639 3455 1806 3513 libera
1824 3457 1983 3515 etiam

387 3548 520 3599 sunt
542 3542 918 3599 immutabilia.

463 3634 521 3689 4.
552 3630 709 3689 Unde
746 3630 979 3688 insertur
1019 3630 1285 3703 ulterius,
1331 3632 1507 3706 legem
1550 3641 1833 3692 aeternam
1874 3651 1983 3693 non

386 3736 509 3778 esse
551 3722 605 3777 in
634 3721 851 3778 actibus
879 3719 1040 3777 divini
1069 3720 1382 3780 intellectus
1403 3762 1419 3793 ,
1450 3730 1613 3794 prout
1652 3725 1987 3783 antecedunt

386 3812 598 3868 ratione
624 3810 848 3867 decreta
875 3810 1043 3867 libera
1070 3812 1185 3867 Dei.
1221 3810 1511 3885 Probatur,
1536 3813 1664 3886 quia
1685 3814 1737 3869 in
1765 3814 1893 3886 illis,
1923 3822 1985 3871 ut

390 3902 495 3973 sic,
524 3917 631 3957 non
660 3908 747 3957 est
774 3901 1012 3972 libertas,
1044 3916 1177 3974 ergo
1204 3916 1307 3957 nec
1334 3900 1440 3957 lex.
1473 3903 1605 3958 item
1634 3904 1703 3959 ob
1734 3903 1873 3961 hanc
1900 3920 1986 3961 ra·

389 3991 589 4047 tionem
628 4006 731 4047 nec
772 3989 1145 4061 providentia,
1188 4006 1289 4047 nec
1334 3990 1755 4061 praedestinatio
1793 3992 1986 4051 intelli-

387 4087 600 4153 guntur
638 4082 692 4136 in
734 4080 1011 4136 intellectu
1052 4077 1234 4135 divino
1261 4087 1387 4136 ante
1417 4096 1578 4137 omne
1606 4080 1891 4139 decretum
1922 4081 1986 4139 li·

388 4169 583 4226 berum
615 4167 937 4239 voluntatis,
963 4170 1094 4241 quia
1113 4175 1222 4224 tam
1252 4169 1617 4240 providentia,
1643 4162 1986 4243 quam'prae·

390 4257 674 4316 destinatio
702 4258 897 4315 dicunt
919 4267 1107 4315 actum
1129 4258 1391 4331 liberum3
1418 4274 1551 4331 ergo
1574 4274 1675 4316 nec
1700 4260 1786 4316 lex
1809 4268 1987 4317 aeter·

388 4364 461 4405 na
495 4356 680 4422 potest
709 4347 929 4421 intelligi
958 4348 1009 4403 in
1038 4346 1216 4404 divino
1254 4346 1537 4404 intellectu
1568 4356 1633 4405 ut
1660 4348 1738 4405 sic
1768 4356 1983 4421 specta-

391 4447 471 4497 to.
504 4442 661 4497 Dices
678 4440 777 4517 :jn
804 4438 1082 4495 intellectu
1104 4438 1313 4507 divino,
1342 4444 1408 4494 ut
1434 4437 1510 4494 sic
1536 4446 1827 4511 concepto,
1854 4446 1986 4498 sunt

390 4530 689 4589 dictamina
708 4530 841 4602 legis
864 4528 1151 4597 naturalis,
1174 4534 1257 4599 ut,
1281 4532 1417 4585 Non
1437 4534 1523 4585 est
1544 4527 1977 4598 mentiendum,

392 4617 757 4677 servandum
779 4622 865 4675 est
876 4619 1263 4692 promissum,
1292 4613 1612 4673 Punienda
1631 4622 1771 4673 sunt
1790 4616 1978 4685 mala,

392 4715 449 4766 et
468 4708 682 4781 similia,
697 4724 828 4780 ergo
851 4706 1041 4763 saltem
1062 4705 1243 4779 quoad
1265 4705 1401 4761 haec
1419 4705 1689 4761 invenitur
1708 4696 1988 4762 lex'aeter·

395 4815 468 4855 na
492 4801 546 4856 in
574 4798 757 4855 divino
785 4796 1063 4854 intellectu
1084 4801 1209 4852 ante
1239 4808 1455 4851 omnem
1481 4792 1715 4850 liberum
1736 4794 1985 4851 volunta-

394 4891 467 4947 tis
495 4895 704 4946 actum.
732 4886 885 4945 Unde
908 4888 984 4943 ita
1005 4885 1259 4942 videntur
1281 4882 1349 4941 de
1372 4883 1488 4955 lege
1512 4890 1727 4939 aeterna
1751 4884 1986 4939 sensisse

394 4982 584 5038 Cicero
619 4979 743 5035 libr.
775 4982 832 5035 2.
857 4974 929 5033 de
953 4973 1233 5046 Leytbus,
1264 4979 1318 5029 et
1348 4972 1432 5029 alii
1462 4971 1771 5044 philosophi
1804 4972 1871 5029 de
1901 4972 1987 5029 illa

397 5064 719 5130 tractantes.
751 5066 1110 5126 Nihilominus
1137 5062 1475 5137 respondeo,
1499 5063 1545 5118 si
1574 5062 1665 5119 illa
1696 5060 1990 5119 dictamina

396 5160 815 5219 considerentur
854 5158 905 5213 in
946 5154 1135 5212 ordine
1179 5153 1246 5211 ad
1287 5152 1457 5225 ipsam
1486 5152 1827 5209 voluntatem
1852 5150 1988 5207 divi-

395 5250 554 5324 nam,
586 5250 635 5307 id
661 5254 751 5307 est
794 5251 1067 5321 quatenus
1106 5243 1315 5302 dictant
1353 5242 1421 5301 de
1466 5240 1713 5300 volendis
1752 5242 1820 5299 ab
1860 5244 1980 5317 ipso

2035 499 2147 554 Deo
2168 540 2182 568 ,
2217 503 2276 554 ut
2304 497 2421 569 sic,
2451 512 2562 553 non
2587 494 2791 555 habere
2820 496 3085 565 rationem
3116 495 3279 569 legis,
3313 502 3376 554 ut
3407 497 3510 554 iam
3540 495 3635 556 de·

2040 585 2321 644 claratum-
2342 594 2446 644 est:
2483 587 2526 643 si
2553 602 2684 644 vero
2713 585 3129 644 considerentur
3164 587 3214 642 in
3239 586 3426 643 ordine
3450 588 3515 644 ad
3539 605 3639 646 vo·

2040 674 2309 733 luntatem
2334 684 2598 747 creatam,
2621 682 2891 749 quatenus
2919 676 3156 747 dictant,
3179 678 3312 749 quid
3343 678 3409 733 ab
3437 678 3532 735 illa
3560 680 3637 736 l'a-

2040 764 2296 823 ciendum
2329 767 2428 838 sit,
2456 771 2552 822 aut
2579 765 2858 822 vitandum
2879 808 2893 835 ,
2917 766 3080 823 etiam
3112 782 3218 821 non
3247 766 3447 824 habent
3473 768 3639 825 ratio·

2045 871 2173 912 nem
2190 856 2348 928 legis,
2374 856 2548 913 donec
2571 854 2640 911 ad
2661 854 2746 912 illa
2769 855 3000 913 accedat
3019 855 3271 913 voluntas
3291 855 3490 931 divina,
3514 858 3643 930 quia

2042 961 2151 1001 non
2197 950 2327 1001 sunt
2375 946 2634 1016 imperia,
2678 959 2778 1016 nep
2810 945 3050 1017 practice
3079 952 3334 1015 movent,
3367 945 3462 1003 sed
3513 953 3646 1005 sunt

2042 1036 2200 1108 quasi
2248 1034 2590 1108 speculativa
2640 1035 2881 1107 cognitio
2921 1035 3112 1092 talium
3161 1036 3532 1110 obiectorum,
3579 1044 3648 1096 ut

2040 1126 2094 1181 in
2135 1126 2494 1199 sequentibus
2549 1123 2838 1182 tractando
2867 1123 2934 1182 de
2973 1124 3092 1198 lege
3133 1125 3366 1183 naturali
3410 1126 3648 1199 explica-

2040 1214 2249 1271 bimus.

2123 1310 2176 1362 5.
2211 1302 2468 1361 Secundo
2507 1319 2573 1360 ex
2605 1302 2775 1360 dictis
2804 1303 3069 1375 insertur,
3101 1306 3231 1361 satis
3261 1307 3650 1365 convenienter

2044 1390 2149 1449 dici
2180 1408 2370 1463 posse,
2402 1392 2575 1465 legem
2620 1398 2894 1449 aeternam
2935 1408 3059 1450 esse
3087 1394 3378 1454 decretum
3407 1394 3638 1453 liberum

2042 1482 2339 1539 voluntatis
2384 1484 2477 1540 Dei
2528 1483 2817 1541 statuentis
2867 1483 3108 1541 ordinem
3153 1483 3516 1556 servandum,
3549 1492 3646 1543 aut

2043 1572 2370 1644 generaliter
2412 1572 2478 1629 ab
2519 1572 2773 1630 omnibus
2814 1573 3060 1645 partibus
3104 1573 3344 1630 universi
3375 1575 3426 1631 in
3460 1575 3643 1632 ordine

2046 1661 2112 1717 ad
2142 1676 2434 1717 commune
2467 1661 2668 1717 bonum
2688 1704 2702 1732 ,
2735 1662 2816 1719 vel
2866 1662 3171 1718 immediate
3213 1663 3282 1718 illi
3310 1666 3639 1721 conveniens

2044 1752 2258 1808 ratione
2299 1751 2462 1807 totius
2505 1752 2781 1822 universi,
2826 1751 2910 1807 vel
2949 1752 3138 1808 saltem
3170 1753 3378 1809 ratione
3407 1755 3648 1825 singula-

2042 1858 2171 1898 rum
2213 1843 2526 1915 specierum
2565 1840 2712 1908 eius,
2766 1847 2864 1898 aut
2909 1842 3219 1913 specialiter
3260 1844 3586 1900 servandum
3617 1860 3650 1901 a

2044 1932 2316 1988 creaturis
2356 1930 2810 1987 intellectualibus
2853 1930 3034 2003 quoad
3074 1931 3268 1988 liberas
3297 1934 3644 2003 operationes

2045 2038 2255 2079 earum.
2283 2022 2556 2079 Probatur
2580 2022 2754 2092 primo
2773 2036 2840 2077 ex
2862 2020 3022 2077 dictis
3054 2022 3103 2076 in
3128 2022 3266 2078 libro
3296 2021 3646 2093 praecedenti

2047 2125 2172 2183 cap.
2209 2117 2276 2182 53
2310 2110 2500 2168 deinde
2531 2110 2653 2167 addi
2679 2117 2860 2180 potest
2881 2110 3147 2166 sententia
3177 2114 3429 2168 Damaso.
3461 2111 3553 2168 lib.
3587 2118 3644 2170 2.

2048 2202 2121 2255 de
2144 2198 2308 2259 Fide,
2336 2214 2461 2271 cap.
2494 2203 2583 2270 12,
2617 2200 2710 2255 ubi
2732 2214 2863 2255 cum
2887 2198 3164 2256 retulisset
3185 2200 3504 2271 sententiam
3520 2203 3650 2257 Gre-

2048 2290 2193 2365 gorii
2231 2290 2544 2346 Nazianzeni
2582 2290 2827 2345 oratione
2853 2293 2908 2345 2.
2935 2287 3006 2345 de
3025 2290 3352 2359 Paschate,
3389 2289 3642 2363 dicentis,

2050 2381 2366 2451 oportuisse
2395 2384 2519 2449 post
2544 2384 2860 2434 creaturam
2883 2378 3222 2450 spiritualem
3243 2386 3298 2435 et
3319 2394 3648 2451 corpoream

2053 2468 2294 2525 condere
2317 2473 2631 2523 creaturam
2659 2482 2724 2522 ex
2755 2475 2994 2539 utraque
3021 2469 3418 2539 compositam,
3463 2467 3654 2525 subdit

2051 2560 2188 2630 ipse:
2226 2562 2350 2615 Hoc
2402 2561 2604 2613 autem
2631 2555 2917 2613 vocabulo
2957 2558 3257 2629 Oportebat
3285 2557 3438 2615 nihil
3474 2557 3652 2615 aliud

2052 2662 2095 2705 a
2142 2663 2238 2703 me
2283 2644 2624 2713 indicatur,
2677 2660 2857 2718 quam
2906 2646 3134 2719 opificis
3177 2645 3474 2704 voluntas.
3522 2654 3656 2705 Hac

2051 2741 2213 2795 enim
2239 2751 2348 2793 nec
2377 2734 2494 2797 lex.
2527 2751 2634 2791 nec
2660 2738 2893 2793 sanctio
2918 2734 3050 2792 ulla
3072 2736 3645 2809 conpr-uenterfinqi,

2050 2829 2452 2900 excoqitarive
2470 2830 2679 2901 potest,
2698 2831 2809 2882 etc.
2844 2827 2996 2882 Facit
3021 2826 3183 2882 etiam
3212 2826 3362 2899 quod
3387 2829 3649 2900 Augusti·

2053 2934 2157 2974 nus
2181 2916 2271 2972 lib.
2303 2922 2361 2975 2.
2391 2914 2463 2972 de
2495 2918 2672 2973 Civit.
2705 2930 2759 2971 c.
2796 2916 2882 2972 19.
2915 2914 3069 2972 dicit:
3099 2917 3171 2971 In
3198 2914 3437 2973 caelesti
3460 2921 3516 2973 et
3543 2933 3655 2975 an-

2050 3005 2246 3080 qelica
2265 3008 2440 3062 curia
2463 3002 2738 3061 voluntas
2764 3006 2877 3059 Dei
2907 3001 3006 3059 lex
3032 3008 3138 3061 est.
3170 3005 3372 3062 Eadem
3400 3022 3532 3079 ergo
3564 3013 3651 3063 est

2053 3095 2137 3153 lex
2167 3102 2387 3151 aeterna
2415 3094 2586 3150 totius
2609 3094 2880 3164 universi,
2905 3092 3035 3149 licet
3057 3094 3362 3165 specialiter
3383 3095 3647 3153 attribua-

2050 3191 2146 3242 tur
2175 3182 2394 3240 caelesti
2437 3183 2653 3252 curiae,
2685 3183 2816 3255 quia
2852 3181 2921 3237 ibi
2951 3182 3042 3238 Dei
3069 3182 3324 3240 voluntas
3353 3185 3404 3240 in
3432 3200 3490 3241 se
3533 3187 3649 3257 ipsa

2054 3274 2441 3346 cognoscitur,
2471 3279 2529 3328 et
2565 3273 2696 3344 quia
2735 3270 2826 3327 illa
2859 3275 2946 3327 est
2970 3268 3220 3344 proxima
3249 3280 3305 3331 et
3331 3274 3644 3348 principalis

2053 3362 2248 3434 regula
2275 3360 2535 3433 operandi
2564 3360 2816 3418 omnibus
2845 3360 3038 3417 beatis.

2127 3454 2419 3510 Praeterea
2457 3466 2520 3507 ea
2559 3450 2753 3519 modo,
2792 3465 2903 3523 quo
2933 3453 3078 3508 Deus
3107 3451 3310 3509 dicitur
3336 3453 3655 3527 praecipere

2055 3542 2222 3599 rebus
2245 3540 2526 3598 intellectu
2547 3540 2888 3612 carentibus,
2914 3556 3021 3597 non
3046 3556 3143 3613 per
3165 3540 3532 3617 intellectum,
3557 3543 3655 3602 sed

2053 3648 2151 3704 per
2179 3630 2512 3687 voluntatem
2540 3629 2784 3700 proxime
2805 3636 2863 3685 et
2883 3629 3193 3687 immediate
3215 3632 3500 3706 praecipit,
3525 3633 3654 3707 quia

2054 3736 2163 3777 non
2201 3720 2468 3793 praecipit
2506 3721 2582 3775 eis
2623 3717 2929 3791 loquendo,
2962 3719 3055 3776 sed
3084 3718 3349 3792 faciendo,
3382 3728 3437 3778 at
3467 3722 3656 3780 imme-

2055 3812 2252 3870 diatius
2273 3826 2368 3883 per
2390 3809 2751 3877 voluntatem,
2783 3824 2949 3882 quam
2977 3810 3440 3899 perintellectum
3464 3810 3657 3886 opera'·

2053 3909 2170 3973 tur,
2199 3906 2264 3957 ut
2289 3914 2356 3956 ex
2390 3901 2440 3958 1.
2472 3904 2625 3971 parte
2654 3914 2942 3970 suppono3
2972 3915 3106 3973 ergo
3133 3900 3217 3957 lex
3241 3909 3655 3975 aeterna,qua·

2056 3998 2219 4049 tenus
2251 3991 2406 4047 circa
2433 3988 2568 4045 haec
2591 3987 2846 4046 inferiora
2867 3997 3143 4062 versatur,
3167 3997 3319 4048 recte
3339 3991 3656 4065 intelligitur

2054 4094 2176 4137 esse
2213 4081 2266 4135 in
2297 4077 2582 4135 voluntate
2623 4078 2713 4133 Dei
2752 4076 3050 4135 ordinantis
3092 4079 3390 4153 unicuique
3417 4080 3548 4137 dare
3578 4089 3658 4138 ta-

2054 4170 2159 4227 lem
2197 4175 2487 4238 naturam,
2531 4166 2969 4237 inclinationem,
3014 4168 3212 4239 situm,
3244 4176 3356 4226 etc.
3400 4171 3469 4227 Ut
3507 4170 3655 4228 verbi

2054 4262 2253 4334 gratia,
2285 4258 2370 4317 lex
2400 4256 2513 4327 illa,
2537 4254 2605 4313 de
2634 4272 2742 4328 qua
2765 4254 2968 4313 dicitur
2990 4257 3249 4315 Proverb.
3283 4264 3344 4316 8:
3368 4263 3446 4315 Et
3466 4257 3654 4333 leqem

2048 4348 2304 4423 ponebat
2331 4348 2534 4418 aquis,
2567 4359 2640 4400 ne
2668 4347 2998 4401 transirent
3017 4344 3176 4416 fines
3205 4362 3362 4413 suos,
3401 4348 3649 4405 conside·

2054 4444 2177 4494 rata
2220 4440 2281 4493 ut
2317 4432 2636 4506 temporalis
2672 4439 2728 4490 et
2764 4440 2919 4489 extra
2959 4435 3128 4490 Deum
3156 4436 3454 4493 constituta
3477 4480 3492 4509 ,
3522 4437 3653 4496 nihil

2055 4525 2205 4584 aliud
2231 4529 2343 4596 est,
2386 4538 2552 4596 quam
2581 4521 2846 4578 naturalis
2874 4521 3158 4599 inclinatio
3187 4521 3348 4580 indita
3380 4540 3554 4599 aquae
3586 4526 3656 4584 ad

2054 4618 2133 4674 ita
2160 4610 2556 4689 quiescendum
2585 4612 2641 4667 in
2671 4627 2774 4668 suo
2806 4609 2954 4681 loco,
2985 4618 3050 4669 ut
3079 4626 3182 4668 non
3213 4628 3436 4671 sursum
3464 4631 3658 4673 ascen-

2055 4706 2182 4778 dat,
2213 4702 2308 4760 sed
2342 4700 2592 4759 terminis
2622 4707 2852 4757 naturae
2881 4716 3014 4757 suae
3042 4702 3413 4775 contineatur,
3445 4711 3508 4761 ut
3533 4706 3650 4763 lob.

2058 4800 2151 4864 38,
2193 4799 2250 4849 et
2282 4789 2478 4848 Psalm.
2531 4793 2654 4847 103.
2699 4788 3062 4861 significatur3
3094 4806 3227 4863 ergo
3258 4790 3338 4847 lex
3371 4792 3480 4867 illa,
3514 4800 3576 4851 ut
3603 4795 3656 4851 in

2055 4884 2374 4940 aeternitate
2401 4879 2585 4936 existit
2609 4878 2663 4933 in
2692 4885 2871 4935 mente
2893 4879 3007 4951 Dei,
3036 4878 3169 4936 nihil
3192 4880 3339 4937 aliud
3361 4889 3468 4953 est,
3489 4898 3656 4956 quam

2054 4974 2313 5029 voluntas
2340 4971 2458 5038 Dei,
2492 4984 2603 5042 qua
2631 4967 2898 5037 decrevit,
2930 4972 3461 5043 aquas-constituere
3483 4974 3534 5029 in
3565 4974 3657 5031 tali

2054 5063 2204 5136 loco,
2227 5070 2284 5119 et
2302 5060 2464 5118 talem
2485 5058 2889 5115 inclinationem
2905 5057 2983 5114 eis
3003 5058 3242 5131 tradere,
3261 5067 3452 5118 utnon
3477 5068 3658 5120 trans-

2057 5152 2196 5209 irent
2222 5151 2354 5207 tines
2385 5150 2484 5205 sibi
2514 5150 2889 5221 praescriptos
2908 5189 2923 5220 ,
2947 5152 3004 5204 et
3030 5150 3109 5205 sic
3138 5150 3203 5206 de
3231 5150 3368 5207 aliis.
3402 5152 3490 5208 Sic
3521 5168 3654 5227 ergo

2056 5242 2145 5301 lex
2171 5246 2412 5313 aeterna,
2441 5236 2844 5312 metaphorice,
2880 5240 2942 5295 ut
2968 5238 3050 5295 sie
3080 5235 3295 5327 dicam,
3315 5247 3586 5316 concepta
3607 5244 3660 5305 in
