4325 6267
870 294 995 369 364

795 456 929 519 ceps
952 445 1185 519 ignorat,
1216 448 1449 519 oportet,
1478 448 1543 505 ut
1568 442 1783 521 longior
1811 442 1884 504 sit
1908 440 2278 520 consuetudo,
2300 446 2380 505 ita

792 543 858 594 ut
886 538 991 595 iam
1018 537 1312 611 prudenter
1339 536 1636 608 iudicetur,
1659 551 1771 595 non
1795 551 1915 594 esse
1944 536 2133 597 utilem
2162 536 2256 595 tali
2284 553 2382 610 po·

789 627 947 699 pulo,
969 632 1027 685 et
1050 625 1171 685 ideo
1202 629 1345 687 iuste
1366 632 1752 701 praesumatur
1781 642 1815 685 a
1836 626 2093 686 Pontifice
2124 627 2209 686 vel
2229 629 2380 702 prin-

724 735 731 743 ·
789 718 911 791 cipe
941 724 1221 777 revocata.

867 810 1105 870 Ulterius
1132 827 1263 869 vero
1290 812 1480 887 quaeri
1508 815 1691 883 potest
1716 824 1848 867 cum
1874 804 2119 867 Nararro
2146 810 2200 867 in
2226 808 2376 868 dicto

787 917 945 959 cons.
974 904 1026 975 1,
1057 918 1115 976 q.
1144 904 1197 973 7,
1228 917 1295 960 an
1338 900 1421 961 lex
1452 902 1531 958 sic
1558 917 1669 959 non
1695 900 1986 959 observata
2016 914 2112 972 per
2152 898 2374 973 aliquod

790 999 1007 1065 tempus
1044 991 1355 1062 sufficiens,
1383 989 1683 1065 {censeatur
1718 991 1791 1048 ita
1827 997 2083 1048 revocata
2121 998 2180 1049 et
2203 990 2374 1063 nulla,

789 1098 855 1139 ac
886 1083 929 1139 si
958 1099 1063 1141 non
1092 1082 1284 1140 suisset
1309 1082 1445 1153 lata,
1476 1080 1559 1138 vel
1588 1097 1653 1138 ac
1682 1082 1727 1137 si
1754 1080 1949 1137 suisset
1974 1079 2183 1139 directe
2219 1097 2378 1138 reno-

791 1182 919 1231 vata
946 1189 977 1230 a
1006 1172 1349 1247 legislatore3
1380 1186 1506 1229 nam
1531 1186 1596 1229 ex
1623 1169 1784 1228 dictis
1812 1169 2031 1227 videtur
2058 1170 2214 1243 sequi
2247 1187 2376 1244 pars

787 1264 1099 1341 affirmans,
1128 1264 1255 1337 quia
1292 1260 1527 1321 dicimus
1552 1262 1660 1319 iam
1700 1277 1806 1319 non
1835 1262 2056 1333 peccari
2094 1265 2290 1318 contra
2315 1261 2378 1317 il-

787 1354 896 1413 lam
938 1354 1145 1427 legem,
1188 1352 1316 1426 quia
1355 1356 1610 1410 revocata
1647 1358 1752 1408 est.
1792 1349 2156 1408 Nihilominus
2199 1352 2377 1422 placet

788 1444 919 1505 mihi
947 1443 1213 1503 resolutio
1240 1443 1489 1513 Navarri,
1516 1458 1621 1500 non
1642 1457 1765 1499 esse
1786 1440 2111 1499 censendam
2134 1441 2278 1500 illam
2298 1440 2374 1497 le·

786 1550 913 1609 gem
943 1534 1160 1592 omnino
1188 1532 1519 1591 annullatam
1548 1540 1605 1589 et
1628 1531 1964 1605 derogatam,
1992 1534 2121 1605 quia
2152 1532 2195 1587 si
2223 1548 2374 1589 com·

785 1625 1023 1684 munitas
1048 1622 1139 1681 illa
1178 1629 1371 1697 postea
1396 1628 1633 1681 mutaret
1670 1621 1988 1695 consilium,
2016 1628 2075 1679 et
2110 1622 2377 1696 inciperet

787 1717 934 1775 illam
959 1716 1135 1791 legem
1164 1715 1439 1789 recipere,
1467 1721 1526 1773 et
1550 1729 1649 1786 pro
1679 1713 1871 1772 maiori
1900 1717 2053 1785 parte
2080 1711 2230 1771 illam
2257 1730 2376 1771 ser·

786 1824 917 1865 vare
934 1850 949 1878 ,
980 1822 1040 1865 re
1081 1822 1209 1863 vera
1246 1806 1512 1878 inciperet
1550 1803 1775 1877 obligari
1804 1801 1896 1859 tali
1937 1802 2055 1876 lege
2080 1804 2197 1860 sine
2233 1819 2376 1862 nova

787 1897 1067 1956 voluntate
1095 1896 1435 1971 legislatoris.
1464 1893 1618 1954 Unde
1648 1892 1941 1952 dicendum
1966 1898 2082 1965 est,
2110 1891 2255 1950 illam
2285 1910 2372 1951 so-

787 1988 903 2055 lum
928 1987 1095 2045 ruisse
1114 1988 1272 2062 quasi
1292 1999 1635 2059 suspensam,
1658 1984 1742 2041 vel
1772 1988 2085 2041 revocatam
2108 1999 2216 2040 non
2243 1984 2371 2042 sim-

786 2079 1016 2153 pliciter,
1046 2077 1143 2135 sed
1183 2076 1446 2152 quamdiu
1484 2074 1719 2149 populus
1746 2074 1833 2133 ille
1863 2075 1917 2131 in
1944 2074 2031 2132 illa
2069 2082 2370 2133 consuetu-

784 2170 907 2229 dine
945 2175 1005 2227 et
1037 2169 1285 2227 moribus
1312 2167 1647 2241 persisteret.

862 2263 919 2319 9.
948 2256 1149 2317 Ultimo
1176 2258 1377 2333 inquiri
1404 2262 1615 2331 potest,
1646 2256 1694 2313 si
1720 2256 2023 2329 contingat,
2055 2255 2232 2330 legem
2259 2273 2368 2314 non

782 2352 990 2413 servari
1017 2366 1087 2409 ex
1121 2348 1423 2424 ignorantia
1451 2347 1638 2421 populi
1664 2346 1955 2404 nescientis
1981 2346 2372 2421 promulgatio·

782 2458 909 2501 nem
933 2444 1085 2514 eius,
1118 2457 1185 2499 an
1214 2439 1319 2499 hoc
1348 2437 1614 2512 sufficiat,
1646 2443 1709 2495 ut
1734 2436 1943 2495 desinat
1968 2435 2226 2511 obligare.
2260 2438 2371 2495 Ali-

783 2532 879 2607 qui
908 2530 1259 2605 reapondent,
1276 2530 1330 2587 in
1355 2545 1423 2587 eo
1444 2544 1581 2586 casu
1609 2526 1963 2585 iudicandum
1982 2542 2101 2585 esse
2121 2525 2189 2584 de
2217 2528 2370 2602 igno-

780 2623 1033 2685 rantibus
1070 2624 1224 2680 iuxta
1264 2628 1469 2679 statum
1490 2660 1505 2691 ,
1547 2635 1712 2693 quem
1751 2618 1839 2677 lex
1877 2616 2041 2675 habet
2077 2616 2224 2691 apud
2262 2635 2369 2676 non

786 2716 1117 2789 ignorantes.
1141 2714 1277 2771 Nam
1306 2713 1354 2769 si
1376 2727 1407 2768 a
1434 2709 1731 2769 scientibus
1753 2724 1853 2782 pro
1880 2708 2071 2766 maiori
2100 2717 2252 2782 parte
2274 2709 2372 2767 ob-

786 2809 1071 2875 servatur,
1114 2802 1221 2861 hoc
1276 2800 1515 2872 sufficit,
1559 2807 1622 2858 ut
1659 2816 1760 2874 pro
1788 2800 2167 2873 ignorantibus
2213 2816 2371 2859 suam

783 2896 947 2957 etiam
967 2894 1347 2969 obligationem
1367 2891 1620 2963 retineat,
1641 2897 1745 2947 ete
1766 2904 2034 2947 converso
2062 2889 2110 2945 si
2131 2904 2163 2945 a
2191 2890 2370 2947 scien-

784 2988 933 3045 tibus
956 3001 1061 3043 non
1090 2991 1341 3041 servatur
1362 2996 1461 3055 pro
1490 2980 1677 3037 maiori
1706 2987 1882 3052 parte,
1904 2978 2063 3037 etiam
2090 2993 2192 3051 pro
2219 2979 2372 3052 igno·

780 3076 1031 3135 rantibus
1047 3074 1305 3148 derogata
1326 3080 1427 3130 est.
1442 3072 1584 3140 Quae
1605 3070 1870 3128 sententia
1885 3084 2017 3126 vera
2034 3073 2137 3139 est,
2152 3069 2370 3143 quando

784 3172 1093 3245 ignorantes
1130 3172 1190 3223 et
1226 3163 1461 3221 scientes
1498 3166 1628 3218 sunt
1662 3164 1845 3234 partes
1899 3158 2060 3215 unius
2099 3160 2366 3231 corporis.

782 3259 1084 3319 Difficultas
1123 3271 1255 3314 vero
1296 3260 1416 3327 est,
1447 3251 1667 3328 quando
1694 3256 1871 3310 totum
1899 3248 2117 3325 aliquod
2157 3266 2364 3324 corpus

781 3352 1066 3426 politicum
1090 3346 1364 3406 moraliter
1384 3344 1701 3403 distinctum
1724 3342 1791 3399 ab
1812 3341 1928 3399 aliis
1949 3341 2221 3415 ignoravit
2241 3359 2372 3416 pro·

781 3440 1169 3516 mulgationem
1210 3437 1367 3512 legis,
1408 3442 1466 3493 et
1504 3433 1621 3493 ideo
1661 3432 1804 3491 illam
1846 3448 1954 3490 non
1996 3433 2235 3490 servavit
2273 3449 2370 3506 per

784 3532 1067 3591 sufficiens
1094 3534 1447 3603 tempus,seu
1468 3540 1567 3597 per
1592 3522 1925 3581 sufficientes
1953 3528 2108 3580 actus
2147 3532 2371 3581 contra·

781 3624 913 3682 rios.
944 3624 1003 3679 ln
1042 3636 1153 3695 quo
1180 3634 1318 3676 casu
1355 3613 1650 3688 respondet
1674 3616 1903 3673 Navarr.
1934 3613 2079 3671 dicto
2116 3629 2271 3671 cons.
2311 3618 2370 3687 1,

783 3732 840 3789 q.
871 3717 929 3785 6,
958 3711 1133 3785 legem
1164 3706 1307 3767 illam
1333 3707 1577 3765 amittere
1606 3720 1763 3762 suam
1802 3702 1944 3775 vim,
1978 3718 2085 3759 non
2114 3703 2364 3763 obstante

784 3800 1242 3878 ignorantia,quia
1268 3797 1427 3865 ratio,
1458 3796 1529 3853 ob
1556 3810 1723 3869 quam
1750 3793 1946 3851 desinit
1970 3792 2232 3866 obligare,
2261 3811 2368 3851 non

783 3899 871 3952 est
898 3890 1243 3954 scientia,‚et
1280 3885 1533 3946 voluntas
1560 3885 1717 3960 quasi
1758 3883 2002 3942 formalis
2030 3899 2139 3940 non
2181 3884 2366 3942 ohser-

782 3982 945 4042 vandi
972 3982 1166 4055 legem3
1196 3994 1321 4036 nam
1350 3978 1484 4035 haec
1515 3975 1695 4049 potius
1723 3980 1907 4047 posset
1929 3973 2216 4046 impedire,
2243 3976 2370 4049 quia

783 4091 892 4134 non
932 4079 1021 4129 est
1058 4070 1217 4144 digna
1255 4066 1350 4126 tali
1396 4064 1749 4140 indulgentia,
1782 4063 1878 4123 sed
1926 4066 2068 4121 ratio
2112 4071 2200 4123 est
2245 4080 2369 4123 mos

782 4168 935 4238 ipse,
976 4166 1033 4219 et
1070 4160 1228 4235 quasi
1266 4156 1615 4230 praescriptio
1656 4153 1945 4230 quaedam.
1978 4156 2111 4213 Dico
2152 4161 2366 4229 tamen,

784 4255 957 4329 legem
994 4250 1071 4307 sic
1109 4264 1219 4306 non
1258 4248 1597 4305 observatam
1638 4252 1865 4318 propter
1902 4243 2077 4302 solam
2116 4246 2370 4317 ignoran-

782 4347 912 4406 tiam
938 4344 989 4400 in
1018 4356 1077 4399 se
1104 4356 1210 4397 non
1238 4337 1462 4406 auferri,
1493 4352 1592 4393 seu
1619 4335 1896 4409 revocari,
1930 4334 2025 4392 sed
2052 4334 2234 4392 solum
2269 4352 2368 4407 pro

786 4444 921 4495 tunc
948 4448 1056 4490 non
1084 4428 1321 4502 obligare
1350 4432 1576 4500 propter
1602 4426 1980 4501 ignorantiam,
2003 4431 2060 4484 et
2086 4424 2157 4483 ita
2185 4425 2367 4484 solum

782 4527 946 4584 etiam
988 4518 1226 4595 negative
1267 4533 1375 4575 non
1413 4532 1533 4575 esse
1574 4522 1947 4589 acceptatam,
1986 4530 2166 4589 neque
2201 4517 2369 4574 ctiam

786 4616 1041 4675 ablatam.
1070 4610 1409 4681 Quapropter
1448 4606 1493 4663 si
1533 4612 1729 4678 postea
1766 4605 1989 4665 tollatur
2029 4607 2362 4681 ignorantia,

784 4702 1021 4765 manebit
1038 4700 1125 4758 lex
1151 4704 1411 4770 respectu
1440 4694 1565 4755 talis
1591 4694 1774 4768 populi
1794 4696 1851 4752 in
1878 4712 1943 4754 eo
1974 4702 2143 4765 statu,
2171 4696 2226 4753 in
2252 4713 2366 4770 quo

783 4802 949 4867 esset,
980 4792 1023 4850 si
1062 4798 1193 4848 tunc
1229 4788 1425 4845 suisset
1451 4786 1625 4860 primo
1651 4785 1795 4843 edita
1818 4794 1876 4845 et
1913 4788 2283 4863 promulgata3
2314 4794 2372 4845 et

783 4888 903 4947 ideo
934 4892 1065 4943 tunc
1092 4878 1315 4953 incipiet
1340 4876 1579 4951 obligare
1596 4920 1611 4951 ‚
1640 4876 1686 4932 si
1723 4876 1775 4934 in
1799 4892 1868 4935 eo
1896 4894 2064 4936 sensu
2090 4878 2196 4937 fuit
2236 4878 2365 4951 lata,

783 4979 933 5037 iuxta
957 4971 1261 5034 doctrinam
1290 4982 1459 5043 supra
1486 4972 1715 5026 tactam.

2248 317 2452 373 mnu
2477 319 2576 373 lv.

2971 448 3249 523 CAPUT
3290 450 3492 523 XVII.

2729 648 2946 707 Utrum
2971 644 3126 721 loyes
3154 652 3478 709 canonicae
3501 650 3750 727 obligent
3934 640 3962 673 ⁹

2999 740 3066 795 in
3089 744 3469 800 conscientia.

3011 934 3490 1003 summarium

2447 1120 2496 1170 1.
2525 1119 2788 1175 Sententia
2812 1126 3050 1178 Gersonis
3074 1128 3327 1189 negativa.
3355 1156 3424 1165 —-
3449 1126 3500 1179 2.
3527 1128 3791 1181 Conclusio
3813 1129 4032 1179 affirma-

2512 1192 2716 1245 tiva.—
2739 1197 2792 1247 3.
2821 1198 3043 1249 praelati
3067 1198 3370 1263 religionum
3394 1205 3602 1263 possunt
3625 1201 3760 1250 sicut
3781 1199 4036 1251 ccclesia-

2511 1263 2630 1315 stici
2655 1266 2874 1318 condere
2899 1268 3040 1331 leges
3063 1268 3348 1333 obligantes
3371 1270 3424 1319 in
3447 1270 3910 1321 conscientia—4.
3925 1269 4035 1318 Lex

2507 1333 2852 1388 ecclesiastica
2876 1350 2939 1388 ex
2962 1350 3018 1388 se
3042 1338 3235 1402 obligat
3258 1340 3354 1389 sub
3379 1346 3583 1403 peccato
3606 1340 3837 1401 mortali,
3869 1340 3916 1389 si
3937 1340 4030 1387 ab·

2511 1404 2678 1456 solute
2715 1406 2930 1457 seratur.
2957 1435 3027 1443 —
3050 1408 3101 1458 5.
3129 1407 3400 1472 Opinautes
3431 1409 3764 1460 offensionem·
3790 1410 3918 1473 legis
3946 1422 4036 1459 ec·

2511 1474 2829 1527 clesiasticae
2855 1491 2955 1528 non
2979 1490 3091 1529 esse
3115 1490 3206 1541 per
3230 1492 3285 1528 se
3309 1486 3568 1543 peccmum
3586 1478 3918 1541 mortale,sed
3947 1492 4032 1529 so-

2513 1544 2619 1595 lum
2653 1547 2856 1610 quando
2890 1547 2948 1598 tlt
2979 1560 3042 1599 ex
3065 1554 3360 1615 contemptu
3381 1550 3538 1615 legis:
3575 1550 3662 1601 alii
3687 1562 3808 1602 vero
3830 1548 4029 1602 addunt

2509 1626 2572 1665 ex
2595 1618 2986 1669 consuetudine.

2525 1804 2572 1861 ί.
2603 1803 2830 1877 Gerson,
2860 1805 3023 1865 cuius
3051 1806 3356 1879 opinionem
3382 1806 3730 1867 tractavimus
3758 1806 3893 1865 libro
3927 1824 4026 1864 su-

2439 1893 2659 1966 periori,
2690 1911 2814 1969 cap.
2839 1898 2997 1969 xvii,
3025 1904 3082 1955 et
3106 1898 3293 1967 xvm,
3323 1900 3378 1956 in
3403 1904 3568 1957 tract.
3592 1897 3664 1956 de
3688 1900 3790 1955 vit.
3813 1900 4018 1973 spirit.

2439 1982 2568 2041 lect.
2593 1988 2649 2057 4,
2681 1984 2911 2058 Alphab.
2939 1990 3034 2057 62,
3065 1988 3142 2045 lit.
3167 1990 3232 2061 G,
3260 1986 3392 2046 dum
3419 1992 3600 2063 negat,
3626 1988 3796 2062 legem
3825 1986 4026 2047 huma-

2441 2090 2590 2145 nam,
2623 2092 2763 2150 quae
2791 2076 2910 2135 talis
2935 2085 3039 2151 est,
3069 2077 3306 2152 obligare
3333 2080 3388 2136 in
3415 2078 3763 2151 conscientia,
3785 2094 3894 2134 non
3921 2094 4020 2135 so-

2438 2163 2553 2221 lum
2586 2165 2654 2224 de
2695 2166 2869 2239 civili,
2901 2168 2996 2225 sed
3029 2169 3190 2227 etiam
3215 2169 3282 2227 de
3318 2168 3683 2227 ecclesiastica
3711 2177 3896 2241 aperte
3937 2168 4026 2225 lo·

2437 2258 2658 2331 quitur,
2689 2273 2815 2316 nam
2841 2258 2894 2314 in
2923 2259 3134 2332 legibus
3158 2259 3550 2319 ecclesiasticis
3579 2260 3728 2332 ponit
3751 2259 4024 2332 exempla,

2437 2354 2494 2405 et
2534 2362 2725 2406 earum
2764 2348 3168 2409 multitudinem
3223 2359 3280 2409 et
3317 2352 3612 2425 rigorosam
3641 2350 4026 2425 obligationem

2435 2445 2697 2512 tanquam
2731 2440 3098 2499 necessariam
3125 2440 3196 2499 ad
3235 2441 3466 2499 salutem
3493 2448 3768 2499 aeternam
3805 2442 4026 2514 praeci·

2436 2544 2544 2601 pue
2569 2528 2938 2603 reprehendit,
2953 2536 3017 2589 ut
3035 2546 3102 2589 ex
3122 2530 3298 2590 corol.
3319 2536 3370 2592 7.
3383 2538 3614 2590 constat.
3630 2534 3813 2590 Potest
3833 2539 4020 2590 tamen

2437 2616 2637 2677 hahere
2674 2620 2828 2679 illum
2853 2620 3131 2694 duplicem
3163 2638 3384 2681 sensum
3411 2639 3578 2697 supra
3603 2621 3942 2683 declaratum
3965 2624 4024 2679 in

2437 2707 2554 2781 lege
2601 2710 2776 2783 civili,
2817 2711 3059 2783 scilicet,
3099 2711 3187 2771 vel
3224 2713 3373 2786 quod
3409 2712 3494 2770 lex
3519 2712 3890 2771 ecclesiastica
3913 2728 4030 2769 non

2436 2800 2610 2871 possit
2636 2800 3015 2875 obligationem
3047 2800 3327 2875 inducere,
3356 2804 3454 2861 sed
3480 2809 3690 2862 tantum
3716 2802 4016 2876 explicare,

2436 2888 2522 2946 vel
2550 2905 2856 2963 proponere
2882 2892 3052 2965 illam,
3074 2908 3214 2966 quae
3239 2909 3305 2952 ex
3333 2893 3607 2967 principiis
3633 2893 3882 2951 revelatis
3909 2894 4032 2951 col-

2437 2978 2625 3054 ligitur
2647 2988 2798 3039 certo
2818 2982 2902 3039 vel
2924 2982 3368 3055 probabiliter.Et
3381 2984 3468 3042 hic
3483 3000 3676 3041 sensus
3697 2990 3782 3041 est
3805 2984 4030 3041 omnino

2437 3068 2608 3127 salsus
2647 3071 2822 3129 multo
2863 3074 3034 3146 magis
3074 3075 3128 3130 in
3170 3073 3378 3148 legibus
3413 3076 3828 3147 ecclesiasticis,
3858 3090 4030 3148 quam

2439 3162 2493 3218 in
2523 3160 2798 3235 civilibus,
2833 3169 2894 3221 ut
2915 3161 3146 3221 Almain.
3179 3164 3388 3222 notavit
3413 3167 3469 3222 in
3494 3165 3680 3223 Moral.
3703 3153 3950 3238 cap.'12,
3969 3169 4036 3221 ct

2439 3266 2504 3307 ex
2532 3249 2692 3309 dictis
2720 3252 2771 3309 in
2799 3251 2937 3311 libro
2969 3254 3232 3326 superiori
3260 3256 3392 3312 satis
3420 3250 3796 3328 convincitur,
3829 3261 3888 3313 et
3914 3261 4036 3311 sta-

2438 3342 2535 3399 tim
2561 3342 2901 3400 ostendetur.
2931 3344 3081 3401 Alter
3111 3360 3306 3403 sensus
3331 3360 3452 3403 esse
3477 3352 3685 3419 potest,
3720 3344 3872 3420 quod
3897 3342 4034 3403 licet

2438 3431 2588 3507 leges
2622 3432 3026 3521 ecclesiasticae
3060 3450 3119 3493 re
3161 3450 3291 3492 vera
3319 3436 3557 3510 obligent
3591 3438 3648 3494 in
3673 3437 4052 3521 conscientia„

2437 3539 2548 3581 non
2589 3521 2846 3582 dicantur
2875 3524 3132 3598 obligare,
3163 3533 3432 3600 quatenus
3458 3526 3860 3585 ecclesiasticae
3887 3534 4022 3585 sunt

2437 3611 2522 3671 vel
2551 3612 2839 3685 humanae,
2861 3613 2956 3671 sed
2977 3620 3249 3689 quatenus
3273 3623 3400 3673 sunt
3418 3617 3604 3691 aliquo
3625 3617 3788 3675 modo
3809 3616 4026 3674 divinae

2439 3720 2540 3777 per
2565 3703 2953 3762 deductionem
2981 3721 3049 3762 ex
3075 3704 3346 3779 aliquibus
3373 3707 3648 3779 principiis
3667 3707 3946 3777 revelatiS,
3967 3719 4030 3765 et

2437 3794 2518 3851 sic
2556 3796 2662 3851 erit
2697 3795 2945 3868 quaestio
2984 3793 3052 3852 de
3092 3796 3374 3854 vocabulo.
3409 3798 3468 3854 ln
3507 3813 3618 3870 qua
3641 3798 3804 3855 etiam
3827 3798 4028 3855 modus

2435 3882 2692 3960 loquendi
2717 3886 2971 3942 Gersonis
2998 3884 3312 3958 probandus
3339 3903 3444 3944 non
3473 3893 3579 3955 est,
3601 3894 3666 3947 ut
3689 3903 3760 3944 ex
3784 3887 3948 3945 dictis
3967 3889 4026 3945 in

2439 3973 2532 4031 lib.
2565 3975 2653 4031 ΙΙΙ.
2684 3990 2717 4032 a
2744 3974 2952 4032 fortiori
2982 3976 3347 4033 convincitur.

2515 4070 2572 4123 2.
2589 4064 2719 4121 Dico
2738 4080 2870 4137 ergo
2891 4065 3085 4138 primo:
3113 4068 3220 4124 Lex
3245 4066 3509 4125 canonica
3530 4082 3628 4125 seu
3655 4064 4028 4127 ecclesiastica

2439 4153 2676 4229 obligare
2704 4159 2918 4227 potest,
2945 4159 3002 4211 et
3027 4170 3094 4213 ex
3118 4170 3180 4211 se
3208 4155 3416 4229 obligat
3439 4156 3492 4213 in
3519 4157 4029 4216 conscientia.Con·

2435 4244 2614 4302 clusio
2663 4251 2753 4301 est
2789 4250 2974 4315 certa,
3018 4260 3186 4317 quam
3233 4262 3422 4303 omnes
3468 4245 3724 4305 doctores
3767 4247 4022 4305 catholici

2437 4332 2660 4405 docent,
2692 4341 2749 4390 et
2775 4333 3064 4391 sufficiunt
3089 4350 3258 4407 supra
3286 4335 3441 4393 relati
3467 4334 3560 4393 lib.
3592 4336 3680 4408 ΙΙΙ,
3711 4352 3834 4409 cap.
3859 4338 4022 4405 xvii,

2436 4436 2494 4483 et
2529 4426 2584 4481 in
2627 4423 3076 4496 praecedentibus
3101 4424 3393 4497 capitibus·
3414 4427 3548 4485 Nam
3574 4442 3642 4483 ex
3670 4426 3738 4484 ibi
3763 4426 3922 4485 dictis
3947 4428 4018 4485 de

2437 4508 2704 4587 potestate
2731 4512 3113 4571 ecclesiastica
3139 4514 3210 4573 ad
3239 4514 3489 4573 ferendas
3516 4514 3858 4590 leges,plane
3885 4534 4023 4575 con·

2435 4608 2676 4664 vincitur
2717 4605 2852 4662 baec
2881 4607 3102 4663 veritas.
3133 4606 3270 4675 Quia
3301 4605 3346 4662 si
3373 4612 3614 4678 potestas
3643 4606 4018 4666 ecclesiastica

2437 4712 2544 4755 non
2585 4700 2776 4769 posset
2817 4693 3196 4770 obligationem
3224 4712 3420 4755 novam
3445 4699 3743 4771 imponere,
3775 4698 3870 4755 sed
3900 4707 4048 4761 ων,

2436 4793 2555 4845 tum
2581 4785 2815 4843 divinam
2843 4800 3169 4861 proponere,
3195 4786 3277 4845 vel
3305 4786 3754 4861 exponere,esset
3771 4796 4016 4862 potestas

2436 4876 2764 4935 declarativa
2789 4880 3000 4933 tantum
3027 4877 3322 4948 superioris
3349 4877 3504 4948 iuris,
3520 4894 3626 4935 nou
3653 4886 3830 4935 tamen
3853 4880 4017 4953 legis-

2435 4966 2613 5025 lativa.
2639 4968 2754 5041 Hoc
2780 4966 2945 5024 etiam
2974 4981 3008 5024 a
3034 4965 3247 5025 fortiori
3274 4968 3606 5027 convincunt
3631 4970 3838 5043 omnia,
3867 4987 4008 5045 quae

2439 5058 2507 5115 de
2549 5055 2879 5131 obligatione
2918 5054 3050 5130 legis
3091 5056 3264 5115 civilis
3303 5056 3551 5117 diximus.
3583 5060 3816 5135 Denique
3843 5076 3910 5119 ex
3935 5061 4016 5119 di-

2439 5148 2630 5207 cendis
2677 5149 2859 5205 statim
2907 5146 3014 5206 hoc
3059 5147 3364 5207 evidentius
3409 5151 3831 5209 confirmabitur.
3859 5152 4017 5210 Circa

2439 5242 2585 5305 hanc
2616 5254 2742 5297 vero
2772 5240 3134 5301 assertionem
3161 5241 3383 5301 tractari
3407 5248 3614 5317 posset,
3627 5258 3692 5299 an
3721 5241 3851 5303 haec
3881 5240 4018 5303 obli-
