4325 6267
806 357 929 419 306

726 505 914 568 n.5,et
935 500 1098 555 sentit
1116 500 1494 556 Caietan.tom.
1514 505 1529 559 1
1548 501 1983 573 ,Opusc.Anton.
1998 505 2205 574 3.p.tit.
2223 508 2318 572 22,

728 604 852 660 cap.
884 592 939 645 4.
972 591 1025 644 in
1057 589 1231 661 princ.
1266 586 1369 655 et}
1406 596 1455 662 1,
1484 605 1629 647 vers.
1667 594 1723 661 7,
1754 590 1878 648 licet
1906 592 2073 649 soleat
2104 594 2153 649 in
2191 609 2321 650 con-

730 679 958 735 trarium
999 678 1215 749 referri,
1256 679 1383 751 quia
1422 680 1648 737 inferius
1688 681 1854 752 dicit,
1896 682 2174 752 apostolos
2213 699 2320 739 non

728 768 895 823 fuisse
934 766 1190 841 aequales
1228 768 1279 824 in
1317 768 1725 826 iurisdictione:
1767 769 1863 826 sed
1902 771 2007 828 hoc
2044 771 2320 828 diversum

620 862 635 877 ‘
727 865 841 927 est,
866 858 1046 929 potuit
1066 859 1209 914 enim
1232 858 1533 915 iurisdictio
1558 876 1667 916 non
1689 876 1810 917 esse
1836 861 2099 933 aequalis,
2126 867 2182 917 et
2200 876 2320 917 esse

728 947 1035 1005 immediate
1059 964 1090 1004 a
1115 947 1364 1005 Christo:
1392 950 1745 1021 inaequalitas
1773 953 1917 1007 enim
1948 958 2163 1008 tantum
2193 951 2319 1019 fuit,

726 1040 854 1109 quia
874 1039 926 1093 in
951 1040 1109 1095 Petro
1132 1038 1239 1094 fuit
1268 1045 1528 1112 tauquam
1555 1039 1605 1093 in
1634 1042 1834 1111 capite,
1860 1047 1915 1097 et
1942 1048 2005 1097 ut
2026 1040 2318 1109 ordinaria,

726 1142 791 1183 ac
814 1135 1077 1200 perpetuo
1105 1127 1402 1184 duratura:
1430 1128 1498 1185 de
1520 1144 1631 1202 quo
1656 1129 1808 1185 alias.
1833 1131 1937 1186 Pro
1956 1130 2146 1186 eadem
2169 1138 2323 1201 parte

728 1218 964 1275 refertur
992 1218 1133 1275 idem
1163 1220 1465 1274 Antoninus
1504 1224 1667 1275 tract.
1702 1217 1773 1275 de
1800 1218 2105 1276 schismat.
2136 1236 2193 1292 q.
2226 1224 2319 1278 45.

726 1310 892 1366 Tenet
917 1308 1077 1365 etiam
1098 1310 1378 1365 Francisc.
1397 1309 1560 1381 Varg.
1589 1316 1753 1366 tract.
1780 1306 1851 1365 de
1883 1311 2323 1375 auetorit.Pon-

726 1398 818 1470 tis.
844 1401 1043 1455 axiom.
1072 1403 1129 1471 4,
1160 1399 1369 1455 Victor.
1394 1400 1451 1454 in
1482 1399 1675 1455 relect.
1701 1396 1775 1455 de
1801 1402 2094 1474 potestate
2124 1396 2325 1456 Eccle-

726 1492 869 1555 siae,
900 1505 957 1563 q.
982 1492 1041 1558 2,
1066 1489 1261 1546 Castro
1285 1487 1380 1544 lib.
1404 1492 1459 1546 2.
1487 1486 1559 1544 de
1580 1490 1726 1544 inst.
1750 1488 1975 1545 haeret.
1990 1504 2140 1563 pun.
2163 1492 2319 1551 ο.24,

728 1578 1033 1635 Bellarmin.
1075 1578 1167 1634 lib.
1202 1582 1257 1636 4.
1296 1576 1370 1635 de
1413 1593 1667 1635 romano
1700 1575 2012 1649 Pontifice‚
2058 1593 2182 1649 cap.
2225 1582 2320 1647 23,

728 1678 786 1726 et
814 1670 979 1725 Sotus
1009 1668 1061 1725 in
1090 1672 1146 1739 4,
1172 1668 1228 1724 d.
1254 1673 1349 1739 20,
1374 1684 1428 1741 q.
1466 1674 1515 1739 1,
1545 1674 1649 1723 art.
1678 1672 1738 1737 2,
1760 1672 1817 1723 et
1844 1666 1937 1722 lib.
1964 1665 2101 1724 1.de
2125 1670 2316 1723 instit.

730 1776 784 1831 q.
828 1763 875 1827 1,
906 1766 1010 1814 art.
1045 1762 1097 1815 3.

805 1848 872 1903 Et
900 1846 1185 1919 probatur,
1206 1848 1335 1920 quia
1357 1847 1547 1904 Matth.
1563 1853 1649 1905 18.
1671 1847 1803 1905 dixit
1821 1849 2075 1905 Christus
2102 1853 2323 1919 aposto-

727 1939 824 1993 lis:
867 1940 1283 2013 Quaecumque
1322 1936 1712 2011 alliyaveritis
1760 1954 1936 2013 super
1985 1942 2244 1998 terram:
2269 1941 2327 1992 et

730 2036 911 2085 tamen
944 2044 1089 2084 unus
1129 2027 1325 2084 modus
1356 2028 1557 2101 ligandi
1585 2034 1671 2085 est
1711 2044 1807 2099 per
1835 2028 2043 2101 legem,
2073 2033 2128 2083 et
2171 2042 2326 2099 prae·

729 2126 919 2190 cepta,
951 2119 1102 2175 iuxta
1137 2118 1273 2175 illud
1307 2118 1491 2177 Matth.
1543 2124 1626 2177 13:
1660 2116 1923 2192 Alliqaut
1961 2132 2145 2173 onera
2184 2132 2325 2189 qra-

727 2212 855 2272 υἰα,
889 2216 997 2265 etc.
1040 2208 1293 2266 Christus
1341 2216 1527 2265 autem
1570 2224 1699 2265 cum
1747 2207 2124 2265 distributione
2167 2206 2320 2263 dixit:

738 2303 1157 2375 Quaecumque
1185 2298 1599 2373 alliqaveritis.
1631 2300 1702 2356 Et
1743 2297 1873 2354 licet
1910 2297 2190 2369 probabile
2230 2298 2321 2379 sit,

734 2397 867 2445 tunc
891 2404 998 2444 non
1026 2388 1269 2461 dedisse,
1295 2390 1388 2445 sed
1422 2389 1737 2460 promisisse
1764 2394 2120 2459 potestatem,
2146 2394 2328 2443 tamen

730 2485 919 2550 postea
947 2481 1093 2535 loan.
1127 2484 1223 2537 20.
1256 2478 1392 2535 dixit
1419 2477 1672 2534 omnibus
1704 2476 1996 2549 apostolis:
2030 2479 2196 2533 Sicut
2217 2478 2326 2532 mi-

734 2574 811 2627 sit
836 2586 928 2627 me
954 2572 1149 2625 civem
1176 2571 1391 2635 Pater,
1440 2572 1495 2623 et
1531 2583 1633 2640 eqo
1660 2570 1830 2624 mitto
1859 2584 1978 2625 vos.
2010 2569 2089 2623 Ex
2124 2567 2325 2642 quibus

730 2658 909 2716 verbis
936 2666 1119 2731 patres
1148 2658 1443 2732 colligunt,
1473 2675 1569 2715 eos
1600 2658 1789 2715 fecisse
1819 2675 1951 2715 suos
1987 2657 2195 2730 legatos
2224 2674 2318 2732 ge-

728 2748 941 2805 nerales
970 2765 1069 2821 pro
1102 2750 1356 2806 universo
1388 2748 1614 2819 mundo,
1646 2749 1795 2805 iuxta
1824 2748 1955 2805 illud
1984 2748 2165 2805 Pauli:
2203 2750 2322 2805 Pro

733 2840 971 2896 Christo
991 2836 1631 2912 leqationesunqimur,
1650 2844 1705 2894 et
1724 2838 1843 2895 ideo
1862 2837 1926 2893 ad
1949 2854 2139 2895 omnes
2162 2838 2322 2895 etiam

727 2928 864 2985 dixit
879 2928 1067 2985 matth.
1088 2929 1185 2986 ult.
1202 2933 1429 2986 Euntes
1440 2932 1500 2984 in
1520 2926 1810 2984 viandum
1824 2930 2188 2993 universum,
2207 2935 2318 2983 etc.

728 3019 875 3075 ldem
905 3015 1178 3091 colligitur
1208 3034 1273 3074 ex
1304 3018 1421 3073 aliis
1450 3017 1587 3073 locis
1616 3018 1791 3085 Pauli,
1815 3034 1957 3090 quae
1988 3032 2159 3089 supra
2186 3018 2322 3073 cita-

730 3112 815 3177 vi,
847 3108 1201 3181 profitebatur
1226 3110 1465 3179 enim,se
1494 3106 1692 3164 habere
1722 3108 1861 3163 hanc
1894 3113 2244 3179 potestatem,
2271 3112 2326 3163 et

724 3198 867 3255 illam
907 3214 937 3253 a
975 3200 1201 3255 Domino
1238 3199 1544 3268 accepisse,
1586 3204 1631 3255 1.
1662 3197 1901 3254 Corinth.
1940 3202 1995 3269 4,
2026 3202 2083 3254 2.
2114 3195 2182 3252 ad
2221 3198 2328 3251 Co-

682 3329 691 3339 ,
728 3287 896 3345 rinth.
936 3292 1031 3358 10,
1061 3295 1117 3345 et
1162 3291 1259 3360 13,
1290 3294 1346 3343 et
1391 3292 1441 3344 1.
1472 3285 1540 3342 ad
1576 3286 1819 3343 Thessal.
1854 3291 1917 3345 ⁴:
1951 3288 2133 3343 Scitis
2169 3301 2324 3358 quae

723 3383 1041 3453 praecepta
1076 3375 1342 3435 dederim
1380 3376 1569 3446 vobis,
1608 3386 1719 3434 etc.
1753 3378 2000 3435 sumitur
2035 3378 2197 3433 etiam
2236 3374 2326 3433 illa

729 3484 855 3539 pars
883 3485 946 3525 ex
978 3469 1123 3525 dicto
1152 3483 1275 3539 cap.
1302 3470 1375 3523 In
1402 3482 1567 3533 novo,
1597 3467 1723 3522 dist.
1752 3471 1848 3535 21,
1872 3475 1929 3523 et
1956 3482 2080 3539 cap.
2114 3470 2326 3539 Loqui-

730 3562 828 3614 tur
856 3561 1164 3624 Dominus,
1194 3574 1323 3614 cum
1350 3556 1489 3625 aliis,
1514 3561 1607 3627 24,
1633 3572 1690 3628 q.
1723 3558 1771 3623 1,
1794 3564 1851 3613 et
1878 3572 1943 3614 ex
1977 3572 2102 3629 cap.
2129 3562 2317 3623 Nova,

732 3648 799 3704 de
830 3649 1032 3720 poenit.
1062 3654 1119 3702 et
1152 3646 1365 3701 remiss.
1400 3645 1488 3702 ubi
1518 3647 1705 3702 innoc.
1739 3649 1843 3717 ait,
1875 3647 2151 3704 Christum
2191 3662 2319 3718 apo·

731 3738 883 3794 stolis
911 3736 1095 3793 claves
1123 3739 1275 3809 regni
1304 3737 1585 3793 caelorum
1615 3737 1951 3793 commisisse
1970 3778 1985 3801 ,
2013 3744 2067 3793 et
2099 3753 2168 3793 ex
2198 3752 2322 3807 cap.

730 3830 847 3883 Per
884 3825 1304 3894 venerabilem,
1339 3829 1436 3899 qui
1474 3826 1564 3883 filii
1602 3828 1711 3882 sint
1749 3826 1897 3899 legit.
1934 3825 2022 3882 ubi
2058 3828 2326 3882 Innocen-

732 3918 841 3975 tius
869 3918 960 3977 111.
992 3917 1092 3985 ait,
1123 3916 1356 3974 Paulum
1383 3916 1639 3973 habuisse
1670 3915 2056 3987 plenitudinem
2086 3922 2327 3987 potesta-

732 4010 832 4073 tis,
863 4023 1094 4079 eamque
1136 4006 1401 4063 indicasse
1431 4022 1559 4063 cum
1598 4006 1764 4063 dixit:
1796 4009 2063 4072 Nescitis,
2096 4010 2246 4078 quia
2273 4013 2328 4063 et

732 4097 973 4171 anyelos
994 4094 1413 4156 iudicabimus,
1434 4102 1654 4168 quanto
1674 4100 1870 4168 mayis
1887 4095 2248 4163 saecularia,
2279 4100 2323 4153 1.

733 4188 975 4245 Corinth.
1012 4191 1066 4246 6.

815 4286 864 4336 5.
899 4278 1055 4336 Ratio
1094 4293 1222 4333 vero
1244 4318 1257 4335 .
1290 4291 1389 4333 seu
1429 4280 1735 4333 necessitas
1757 4288 1873 4349 est,
1903 4278 2035 4350 quia
2062 4278 2128 4334 ad
2175 4294 2330 4335 exer·

735 4370 972 4427 cendum
1004 4383 1205 4423 munus
1242 4366 1639 4436 apostolicum,
1670 4375 1727 4423 et
1752 4365 1820 4423 ad
1860 4366 2193 4424 fundandam
2223 4368 2326 4424 Ec-

735 4459 959 4515 clesiam
987 4458 1299 4514 necessaria
1325 4463 1447 4513 erat
1473 4456 1608 4512 haec
1648 4464 1916 4529 potestas3
1947 4457 2198 4516 Christus
2231 4474 2330 4515 au·

738 4555 845 4605 tem
889 4547 1195 4605 immediate
1234 4546 1470 4603 contulit
1505 4548 1759 4604 omnibus
1801 4548 2059 4619 apostolis
2096 4546 2331 4621 dignita-

738 4646 846 4693 tem
874 4647 929 4694 et
957 4654 1156 4693 munus
1184 4636 1568 4709 apostolicum,
1595 4643 1658 4693 ut
1684 4652 1750 4693 ex
1776 4637 2053 4709 evangelio
2083 4645 2325 4710 constat,

735 4744 869 4800 ergo
910 4728 1068 4783 etiam
1107 4727 1339 4784 contulit
1373 4724 1575 4783 dictam
1614 4732 1958 4799 potestatem.
1990 4728 2107 4783 Hoc
2146 4736 2329 4784 autem

736 4820 872 4875 adeo
895 4820 1265 4875 necessarium
1284 4818 1665 4875 existimarunt
1680 4817 1935 4888 apostoli,
1965 4824 2025 4873 ut
2045 4819 2330 4875 deficiente

739 4910 902 4977 luda,
935 4915 989 4964 et
1018 4910 1457 4980 praevaricante,
1489 4922 1597 4962 non
1626 4906 1827 4964 fuerint
1856 4908 1975 4963 ausi
2003 4906 2170 4962 alium
2203 4908 2332 4963 sub·

740 5000 966 5055 stituere
1011 4997 1131 5052 loco
1170 4996 1309 5053 illius
1346 5013 1447 5054 sua
1484 4998 1817 5054 auctoritate
1840 5036 1855 5065 ,
1888 4996 1983 5052 sed
2022 4996 2236 5065 divina,
2271 5005 2333 5052 ut

736 5094 950 5144 constat
978 5084 1045 5141 de
1077 5085 1267 5145 Mathia
1297 5090 1488 5143 Actor.
1530 5092 1584 5157 ¹3
1616 5094 1675 5143 et
1704 5084 1943 5142 similiter
1987 5084 2191 5140 Paulus
2219 5101 2327 5142 non

736 5180 802 5233 ab
826 5177 1153 5248 hominibus,
1178 5191 1352 5247 neque
1376 5193 1473 5246 per
1498 5177 1792 5247 hominem,
1818 5174 1914 5232 sed
1938 5175 2008 5232 ab
2028 5176 2149 5247 ipso
2177 5176 2331 5234 Chri·

735 5277 819 5325 sto
848 5268 1209 5339 apostolatum
1246 5267 1489 5339 accepit,
1526 5275 1585 5323 ut
1624 5269 1736 5339 ipse
1764 5267 1923 5323 docet
1953 5266 2019 5321 ad
2058 5267 2231 5324 Galat.
2274 5274 2329 5339 1,

2177 378 2378 425 Lim-:tt
2409 379 2502 426 tv.

2391 510 2448 559 et
2473 504 2637 560 sentit
2661 504 2908 561 Celusius
2936 521 3073 577 papa
3107 506 3155 560 in
3195 522 3317 577 cap.
3359 510 3682 581 Quamvis,
3724 506 3854 564 dist.
3889 516 3990 578 21,

2389 598 2446 648 et
2473 592 2705 649 habetur
2733 595 2895 650 etiam
2927 596 2976 651 in
3007 612 3128 667 cap.
3165 595 3604 661 Fundamenta,
3639 597 3708 653 de
3735 598 3903 654 elect.
3939 601 3998 654 iu

2395 687 2449 755 ὃς
2478 699 2610 755 ergo
2651 683 2845 758 reliqui
2871 685 3034 741 etiam
3064 686 3295 757 apostoli
3327 686 3394 743 ab
3429 686 3621 743 eodem
3651 687 3874 745 Christo
3901 704 4000 745 ac-

2391 779 2661 844 ceperunt
2687 774 2993 832 immediate
3021 776 3450 833 iurisdictionem
3481 776 3547 832 ad
3585 793 3752 834 suum
3783 793 3996 833 munus

2392 864 2778 920 necessariam.
2808 864 2962 921 Unde
2980 867 3145 923 etiam
3169 873 3410 936 constat,
3435 866 3717 939 apostolos
3741 884 3850 922 non
3879 872 4004 923 tan-

2392 957 2508 1006 tum
2537 952 2846 1021 collective,
2873 970 2972 1010 seu
3001 969 3099 1025 per
3127 954 3348 1011 modum
3377 958 3537 1011 unius
3567 954 3808 1028 collegii,
3834 972 4004 1013 acce-

2390 1041 2535 1112 pisse
2565 1041 2710 1098 illam
2749 1049 3071 1114 potestatem
3091 1085 3107 1115 ,
3139 1042 3232 1100 sed
3261 1043 3472 1101 divisim
3500 1060 3566 1101 ac
3611 1045 4000 1117 personaliter,

2391 1130 2518 1201 quia
2551 1146 2614 1186 ex
2645 1130 2697 1187 vi
2725 1134 2810 1187 sui
2849 1135 3091 1189 muneris
3118 1138 3173 1189 et
3203 1134 3508 1190 vocationis
3531 1134 3821 1205 separandi
3841 1142 4004 1189 erant

2391 1227 2447 1276 et
2466 1218 2813 1294 dispergendi
2834 1236 2932 1293 per
2956 1224 3276 1279 universum
3301 1224 3592 1297 mundum3
3611 1240 3746 1298 ergo
3769 1240 4004 1280 necesse

2391 1318 2533 1383 erat,
2557 1317 2620 1366 ut
2647 1310 2848 1383 singuli
2879 1313 3017 1368 irent
3045 1329 3176 1369 cum
3205 1319 3476 1385 potestate
3507 1313 3786 1385 plantandi
3817 1314 4002 1369 eccle-

2393 1400 2521 1470 sias,
2547 1400 2768 1457 creandi
2789 1402 3102 1474 episcopos,
3126 1409 3182 1458 et
3201 1401 3510 1472 ordinandi,
3533 1419 3600 1459 ae
3626 1402 4002 1475 praecipiendi

2393 1491 2596 1561 omnia,
2628 1506 2769 1564 quae
2795 1499 2983 1548 essent
3011 1494 3353 1565 necessaria3
3386 1508 3517 1565 ergo
3545 1496 3706 1550 etiam
3737 1510 3870 1549 cum
3899 1510 4004 1565 po-

2395 1585 2586 1636 testate
2615 1580 2916 1654 legislativa
2949 1582 3000 1637 in
3050 1581 3281 1639 solidum
3311 1589 3559 1655 accepta,
3593 1590 3655 1639 ut
3682 1584 3760 1639 sic
3786 1582 3994 1639 dicam.

2391 1670 2460 1726 Et
2488 1669 2591 1727 hoc
2625 1670 2928 1743 significant
2955 1668 3119 1727 verba
3147 1672 3368 1743 Christi,
3393 1676 3635 1737 Euntes,
3663 1680 3774 1728 etc.
3811 1675 4002 1731 Mitto

2389 1776 2519 1822 vos,
2553 1768 2662 1818 etc.
2693 1760 2962 1828 Quocirca
2991 1762 3117 1820 licet
3145 1766 3335 1819 Actor.
3381 1767 3464 1819 15.
3499 1762 3732 1833 apostoli
3760 1778 4004 1834 congre·

2391 1853 2502 1924 gati
2551 1851 2754 1909 fuerint
2792 1852 2845 1907 iu
2891 1868 3062 1907 unum
3092 1851 3158 1907 ad
3201 1851 3557 1909 statuendum
3597 1853 3664 1908 de
3703 1852 3998 1924 legalibus,

2394 1956 2502 1997 non
2537 1942 2592 1997 id
2635 1941 2915 2011 fecerunt,
2944 1942 3076 2013 quia
3113 1940 3178 1996 ad
3220 1957 3382 1998 usum
3419 1940 3816 1997 iurisdictionis
3861 1955 4002 1994 suae

2391 2037 2542 2086 esset
2577 2030 2950 2087 necessarium
2972 2072 2986 2097 ,
3029 2029 3123 2086 sed
3163 2029 3232 2086 ad
3269 2030 3526 2086 maiorem
3567 2029 4002 2086 satisfactionem

2394 2119 2650 2193 fidelium,
2667 2120 2989 2192 praesertim
3012 2136 3228 2192 eorum,
3243 2120 3337 2193 qui
3359 2135 3425 2176 ex
3447 2118 3708 2176 Hebraeis
3739 2120 4004 2175 conversi

2392 2209 2608 2266 fuerant
2627 2252 2642 2279 ,
2673 2211 2798 2265 item
2826 2209 2895 2266 ad
2927 2210 3188 2266 maiorem
3218 2212 3472 2266 unionem
3499 2216 3556 2265 et
3585 2224 3800 2280 pacem,
3831 2217 3891 2265 et
3923 2208 4002 2265 ad

2393 2316 2664 2356 summam
2701 2298 3029 2373 diligentiam
3068 2306 3122 2356 et
3163 2300 3567 2372 inquisitionem
3593 2316 3659 2355 ex
3699 2306 3853 2370 parte
3891 2316 4002 2355 sua

2393 2390 2800 2462 praestandam.
2835 2390 2992 2447 Sicut
3033 2390 3238 2447 Paulus
3274 2390 3520 2447 ascendit
3559 2390 4002 2465 Hierosolymam

2394 2480 2459 2537 ad
2504 2480 2902 2537 conferendum
2945 2495 3109 2537 suum
3151 2478 3493 2552 evangelium
3529 2496 3660 2537 cum
3697 2482 3890 2550 Petro,
3937 2488 4002 2536 et

2393 2569 2532 2642 aliis,
2561 2588 2670 2627 non
2713 2572 2844 2643 quia
2887 2556 2960 2626 illi
3004 2569 3374 2625 necessarium
3414 2575 3564 2625 esset
3597 2570 3663 2625 ad
3705 2584 4003 2640 pererran-

2389 2660 2551 2735 dum3
2584 2661 2816 2718 habebat
2840 2661 2980 2717 enim
3008 2659 3332 2717 infallibilem
3364 2658 3723 2715 assistentiam
3753 2660 4000 2731 Spiritus

2392 2754 2592 2820 sancti,
2625 2751 2720 2808 sed
2752 2757 2973 2824 propter
3002 2749 3337 2822 exemplum,
3367 2757 3422 2806 et
3449 2748 3515 2805 ad
3545 2749 3804 2805 maiorem
3835 2752 4002 2806 unio-

2392 2857 2552 2910 nem,
2583 2850 2640 2898 et
2681 2840 2976 2914 praecipue
3018 2845 3078 2896 ut
3119 2838 3619 2895 subordinationem
3657 2838 3724 2894 ad
3759 2840 4002 2895 Petrum

2391 2931 2719 2989 ostenderet.

2475 3026 2529 3081 6.
2561 3022 2838 3079 Posterior
2867 3037 2999 3094 ergo
3031 3037 3157 3093 pars
3188 3020 3508 3078 assertionis
3535 3020 3769 3076 sumitur
3793 3034 3868 3075 ex
3895 3036 4002 3077 ea·-

2393 3112 2593 3186 pitibus
2624 3128 2794 3184 supra
2822 3113 3006 3168 citatis
3051 3110 3454 3180 asserentibus,
3484 3110 3624 3165 hanc
3664 3116 4004 3180 potestatem

2391 3202 2574 3260 datam
2613 3218 2736 3259 esse
2774 3204 2935 3258 Petro
2966 3208 3028 3256 ut
3065 3200 3261 3271 capiti,
3289 3198 3409 3255 aliis
3440 3206 3503 3254 ut
3539 3198 3832 3269 membris3
3865 3214 4006 3255 nam

2391 3295 2496 3350 sub
2527 3294 2607 3350 his
2646 3291 2904 3348 membris
2932 3293 3098 3345 etiam
3126 3289 3215 3345 alii
3255 3289 3488 3360 apostoli
3515 3286 4011 3359 comprehendun-

2395 3392 2508 3453 tur,
2532 3384 2686 3456 quia,
2712 3388 2771 3439 ut
2798 3380 3010 3447 notavi,
3039 3380 3292 3437 Christus
3321 3378 3639 3450 simpliciter
3675 3376 3844 3435 dixitz
3875 3380 4012 3434 Pa-

2393 3489 2486 3529 sce
2515 3488 2646 3529 oves
2676 3486 2872 3531 meas:
2903 3470 2994 3525 ubi
3023 3470 3160 3525 inter
3187 3484 3319 3524 oves
3349 3466 3577 3538 apostoli
3604 3468 3768 3523 etiam
3797 3482 4012 3523 nume-

2395 3566 2604 3618 rantur.
2639 3562 2875 3631 Fuitque
2915 3558 3020 3615 boc
3063 3557 3437 3614 necessarium
3474 3556 3540 3613 ad
3582 3558 3842 3613 unitatem
3885 3559 4012 3614 Ec-

2393 3651 2595 3708 clesiae
2621 3649 3093 3719 constituendam,
3124 3649 3254 3721 quia
3283 3662 3385 3704 nec
3417 3655 3631 3718 poterat
3659 3662 3776 3703 esse
3819 3664 4009 3703 unum

2394 3757 2598 3812 corpus
2628 3742 2742 3795 sine
2770 3739 2948 3809 capite
2969 3782 2982 3807 ,
3015 3754 3192 3811 neque
3222 3754 3352 3793 cum
3385 3738 3572 3794 multis
3598 3736 3902 3808 capitssius3
3941 3738 4014 3792 il-

2396 3830 2487 3888 lud
2536 3832 2680 3887 enim
2729 3828 3110 3899 imperfectum
3132 3866 3148 3897 ,
3193 3826 3298 3882 boc
3347 3832 3722 3883 monstrosum
3773 3824 4008 3897 fuisset,

2397 3920 2547 3994 quod
2571 3920 2776 3976 notavit
2797 3918 3051 3993 Cyprian.
3079 3915 3172 3973 lib.
3201 3915 3272 3972 de
3293 3919 3524 3972 ienitate
3545 3914 3870 3981 Ecclesiae,
3893 3932 4010 3973 seu

2396 4011 2463 4067 de
2487 4009 2831 4081 simplicitate
2860 4008 3222 4073 clericorum,
3245 4013 3304 4062 et
3332 4006 3570 4062 sumitur
3590 4022 3656 4061 ex
3679 4006 4010 4077 Augustino

2399 4106 2566 4156 tract.
2596 4105 2687 4157 50.
2715 4107 2769 4155 et
2793 4096 2892 4153 ult.
2919 4099 2973 4152 in
2997 4098 3142 4151 loan.
3167 4102 3224 4151 et
3245 4094 3339 4151 lib.
3377 4098 3420 4151 1.
3449 4092 3521 4150 de
3540 4093 3816 4150 doctrina
3837 4094 4015 4151 cliri-

2395 4192 2617 4251 stiam,
2644 4202 2696 4245 c.
2723 4190 2809 4258 17,
2835 4195 2891 4243 et
2911 4187 3224 4261 Hieronym.
3251 4185 3344 4241 lib.
3381 4189 3428 4241 l.
3453 4190 3664 4242 contra
3685 4187 4006 4241 leviniam.

2396 4285 2455 4336 et
2493 4281 2669 4335 Leone
2702 4291 2839 4347 papa
2876 4291 3043 4332 serm.
3078 4280 3131 4333 3.
3162 4274 3554 4346 assumptionis
3581 4290 3733 4330 suae.
3765 4276 3848 4331 Ex
3887 4275 4012 4332 hae

2398 4374 2580 4425 autem
2610 4366 2920 4423 diversitate
2948 4370 3004 4421 et
3031 4364 3472 4421 subordinatione
3501 4364 3706 4436 colligit
3731 4364 4012 4421 Richard.

2401 4458 2528 4529 4,(1.
2547 4462 2640 4529 24,
2661 4462 2763 4514 art.
2785 4462 2838 4529 5,
2861 4472 2916 4530 q.
2947 4460 3000 4526 3,
3025 4453 3090 4511 ad
3120 4458 3178 4525 4,
3202 4452 3478 4525 apostolos
3507 4455 3776 4525 recepisse
3803 4455 4018 4512 imme-

2399 4547 2540 4605 diate
2572 4566 2604 4604 a
2639 4548 2856 4604 Christo
2887 4550 3214 4618 potestatem
3241 4544 3516 4614 clavium,
3547 4560 3654 4601 non
3683 4552 3864 4601 tamen
3897 4562 4012 4617 po-

2402 4647 2654 4697 testatem
2679 4633 3199 4693 inrisdictionis.Sed
3223 4633 3326 4690 hoc
3351 4642 3618 4707 repugnat
3639 4634 3802 4705 priori
3827 4638 4016 4707 parti,

2399 4738 2457 4788 et
2493 4730 2776 4798 omnibus,
2807 4742 2946 4799 quae
2989 4727 3040 4782 in
3075 4725 3220 4781 illius
3257 4724 3726 4780 confirmationem
3763 4723 4020 4781 adduxi-

2404 4838 2561 4891 mus,
2591 4828 2646 4875 et
2680 4818 2748 4874 ad
2787 4812 3229 4873 constituendam
3273 4813 3624 4870 differentiam
3663 4820 3720 4869 et
3754 4811 4018 4871 debitam

2399 4908 2892 4967 subordinationem
2913 4908 3055 4961 inter
3084 4906 3304 4960 Petrum
3337 4911 3394 4960 et
3421 4902 3554 4959 alios
3591 4902 3872 4973 apostolos
3903 4920 4018 4961 ue·

2399 4998 2701 5054 cessarium
2730 5012 2835 5052 non
2867 5002 2972 5059 est,
3006 5002 3067 5050 ut
3093 4993 3254 5050 facile
3281 5008 3346 5049 ex
3377 4991 3623 5049 dicendis
3653 4992 3880 5062 patebit.

2480 5092 2529 5148 7.
2563 5086 2824 5145 Consistit
2840 5099 2970 5157 ergo
2994 5083 3080 5140 illa
3106 5081 3393 5139 diversitas
3419 5083 3595 5153 primo
3617 5090 3672 5139 et
3700 5087 4022 5154 praecipue

2399 5182 2454 5235 in
2494 5179 2632 5249 hoc,
2661 5174 2809 5249 quod
2851 5182 3093 5245 potestas
3121 5172 3250 5229 data
3287 5179 3372 5228 est
3405 5173 3566 5228 Petro
3589 5212 3603 5237 ,
3639 5180 3701 5228 ut
3743 5173 3792 5227 in
3835 5173 3930 5229 illa
3967 5184 4026 5233 ei

2401 5266 2823 5333 succederetur,
2855 5274 2909 5321 et
2948 5266 3024 5319 ita
3051 5279 3148 5335 per
3185 5262 3599 5321 successionem
3637 5270 3906 5334 perpetuo
3957 5269 4022 5322 in
