4325 6267
1766 402 1977 451 CAPUT
2005 403 2154 452 vm.

320 526 505 602 quoad
541 527 787 587 notitiam
814 542 945 584 vero
974 542 1083 593 non
1120 542 1241 585 esse
1280 530 1549 601 integram
1574 569 1589 598 ‚
1631 533 1695 585 ut
1720 529 1801 585 sic
1830 526 1911 585 di-

320 633 442 674 cam
460 660 475 685 ,
504 620 559 673 iu
588 617 862 675 omnibus.

392 706 622 763 Declaro
662 707 935 779 breviter,
977 723 1101 763 nam
1144 723 1313 781 supra
1352 708 1501 779 dixi,
1544 707 1683 765 hanc
1733 706 1907 781 legem

319 813 483 870 posse
524 797 861 854 considerari
904 800 957 854 in
1000 804 1128 855 actu
1171 799 1345 871 primo
1372 839 1389 871 ,
1426 805 1483 854 et
1521 804 1584 854 ut
1622 800 1703 855 sic
1730 839 1745 868 ‚
1788 811 1913 853 esse

320 889 503 959 ipsum
530 886 897 945 intellectuale
926 886 1137 958 lumen3
1174 888 1276 944 hoc
1304 903 1437 961 ergo
1468 888 1629 945 modo
1670 891 1911 957 constat,

318 994 439 1035 esse
461 978 515 1033 in
538 978 791 1035 omnibus
824 977 1089 1035 eamdem.
1108 962 1297 1035 Potest
1315 978 1545 1035 ulterius
1568 993 1687 1034 esse
1708 978 1757 1034 iu
1780 984 1913 1033 actu

324 1066 603 1139 secundo,
632 1066 685 1123 id
714 1073 801 1124 est
826 1066 877 1123 in
908 1067 1108 1123 actuali
1137 1068 1451 1140 cognitione
1477 1074 1535 1124 et
1575 1067 1797 1139 iudicio,
1828 1066 1913 1123 vel

318 1156 485 1213 etiam
512 1156 567 1212 in
600 1156 847 1228 proximo
876 1155 1062 1212 habitu
1090 1156 1197 1213 iam
1226 1163 1547 1228 comparato
1575 1170 1669 1229 per
1697 1162 1907 1226 actum3

323 1253 493 1319 atque
520 1246 623 1303 hoc
652 1244 815 1303 modo
841 1253 925 1303 est
953 1261 1015 1303 ex
1050 1252 1206 1318 parte
1231 1248 1283 1301 in
1312 1246 1599 1317 omnibus,
1630 1245 1725 1318 qui
1749 1246 1915 1302 tatio·

324 1351 393 1391 ne
421 1336 503 1391 uti
530 1343 787 1407 possunt3
822 1350 949 1391 nam
978 1335 1167 1391 saltem
1197 1334 1379 1409 quoad
1412 1334 1585 1406 prima
1611 1340 1667 1392 et
1697 1334 1913 1389 univer·

324 1423 591 1481 salissima
620 1424 880 1497 principia
907 1424 1149 1497 ignorari
1177 1440 1285 1481 non
1315 1430 1515 1497 potest,
1538 1424 1669 1497 quia
1696 1429 1826 1479 sunt
1844 1439 1911 1478 ex

323 1513 569 1570 terminis
626 1514 905 1569 notissima
931 1554 945 1583 ,
983 1520 1039 1570 et
1084 1513 1219 1570 adeo
1264 1514 1607 1581 conformia,
1652 1520 1710 1570 et
1755 1512 1915 1586 quasi

322 1602 623 1675 adaequata
671 1601 907 1658 naturali
947 1603 1283 1662 inclinationi
1322 1604 1548 1661 rationis
1585 1608 1643 1659 et
1668 1602 1917 1659 volunta-

322 1694 413 1761 tis,
436 1697 501 1749 ut
530 1692 873 1765 tergiversari
900 1708 1007 1749 non
1038 1694 1229 1764 possit.
1260 1694 1331 1750 Et
1358 1694 1463 1750 hoc
1490 1691 1650 1749 modo
1678 1691 1809 1748 dixit
1835 1691 1915 1749 di-

324 1799 429 1838 vus
456 1782 691 1839 Thomas
712 1797 882 1852 supra
904 1789 1008 1839 art.
1026 1787 1083 1855 6,
1108 1782 1281 1855 legem
1302 1782 1607 1839 naturalem
1628 1798 1737 1839 non
1758 1797 1918 1853 posse

321 1871 524 1929 aboleri
584 1888 614 1928 a
653 1871 921 1929 cordibus
962 1872 1243 1931 hominum
1270 1915 1285 1944 ,
1329 1872 1521 1930 saltem
1562 1872 1743 1945 quoad
1784 1873 1917 1929 haec

318 1962 599 2035 principia.
636 1963 919 2031 Quomodo
949 1963 1115 2037 aliqui
1155 1964 1469 2037 intelligunt
1508 1964 1825 2021 Aristoteles
1858 1968 1912 2021 3.

318 2052 515 2109 Etlu‘c.
531 2067 657 2123 cap.
700 2056 715 2110 1
734 2092 747 2107 .
762 2051 1054 2121 dicentem,
1074 2053 1269 2110 merito
1282 2053 1576 2126 quemlibet
1594 2050 1917 2124 reprehendi

318 2148 548 2213 propter
597 2144 955 2213 ignorantiam
1000 2142 1377 2200 universalem.
1421 2142 1609 2209 Quoad
1652 2142 1755 2199 alia
1792 2157 1919 2199 vero

320 2230 673 2303 particularia
708 2239 997 2303 praecepta
1022 2232 1259 2305 ignorari
1284 2239 1493 2304 potest3
1524 2248 1632 2306 qua
1661 2234 1920 2304 ignoran-

320 2322 397 2377 tia
432 2322 749 2392 supposita,
781 2327 1081 2393 potuerunt
1109 2321 1319 2394 aliquae
1348 2328 1537 2394 gentes
1563 2319 1914 2378 introducere

320 2409 465 2484 leges
503 2411 808 2467 contrarias
835 2413 941 2467 iuri
964 2418 1227 2483 naturae,
1258 2428 1537 2486 nunquam
1562 2418 1740 2468 tamen
1762 2410 1829 2466 ab
1856 2409 1919 2466 il·

322 2500 637 2558 lis.habitae
664 2506 794 2559 sunt
824 2507 886 2559 ut
911 2502 1185 2559 naturales
1213 2502 1391 2575 leges,
1431 2502 1527 2559 sed
1558 2508 1618 2557 ut
1646 2500 1919 2557 humanae

320 2592 605 2663 positivae.

402 2686 453 2739 3.
488 2682 591 2737 Hic
630 2696 761 2739 vero
787 2681 1117 2738 occurrebat
1156 2684 1407 2753 quaestio
1433 2722 1449 2752 ,
1490 2698 1557 2737 an
1602 2680 1735 2737 haec
1764 2682 1918 2753 igno-

321 2770 500 2827 rantia
536 2769 865 2828 naturalium
895 2778 1315 2843 praeceptorum
1344 2770 1518 2844 possit
1544 2786 1666 2827 esse
1694 2768 1919 2826 invinci-

321 2860 461 2916 bilis.
502 2860 697 2917 Castro
724 2874 893 2931 supra
918 2859 1213 2931 significat,
1246 2876 1353 2915 non
1385 2875 1577 2933 posse3
1609 2866 1669 2916 et
1695 2858 1799 2915 ruit
1826 2858 1921 2915 ali-

321 2966 563 3025 quorum
604 2949 984 3022 theologorum
1012 2950 1217 3021 opinio,
1236 2956 1299 3006 ut
1326 2948 1506 3005 videre
1530 2950 1660 3005 licet
1684 2949 1736 3007 in
1757 2948 1919 3006 Alen-

324 3056 383 3097 se
410 3046 467 3099 2.
506 3055 561 3112 p.
593 3056 650 3113 q.
690 3044 823 3111 153,
850 3038 959 3105 m.
994 3044 1058 3112 3,
1088 3047 1141 3096 et
1168 3039 1221 3095 in
1250 3039 1507 3098 Durando
1536 3039 1592 3096 in
1634 3044 1703 3109 3,
1733 3038 1791 3097 d.
1821 3044 1919 3107 25,

323 3145 383 3201 q.
420 3134 477 3202 t,
513 3136 569 3186 et
594 3130 853 3186 inclinant
880 3131 1047 3186 etiam
1076 3129 1241 3203 aliqui
1286 3130 1505 3187 iuristae
1534 3172 1549 3199 ,
1591 3135 1652 3185 ut
1679 3136 1828 3201 patet
1856 3146 1921 3186 ex

323 3220 581 3275 Gratiano
609 3224 733 3291 post
758 3233 882 3290 cap.
918 3217 1241 3283 Turbatur,
1291 3223 1339 3288 t,
1373 3234 1430 3291 q.
1462 3222 1495 3276 4
1516 3260 1531 3290 ,
1562 3225 1617 3275 et
1645 3220 1833 3277 Glossa
1862 3222 1917 3273 in

326 3309 505 3381 capite
541 3307 718 3366 ultim.
745 3308 813 3366 de
838 3307 1173 3366 consuetud.
1201 3308 1305 3365 Sed
1328 3309 1461 3380 quia
1486 3308 1621 3365 haec
1643 3324 1732 3366 res
1756 3308 1921 3364 latius

326 3399 555 3457 tractari
595 3398 735 3456 solet
758 3400 815 3455 in
844 3398 1066 3455 materia
1101 3398 1167 3455 de
1210 3398 1485 3471 peccatis,
1534 3402 1585 3456 1.
1628 3404 1658 3457 2
1685 3439 1700 3467 ,
1740 3414 1797 3471 q.
1832 3398 1923 3469 76',

328 3504 450 3547 mea
486 3490 755 3545 sententia
784 3487 1019 3545 breviter
1042 3493 1162 3559 est,
1194 3488 1366 3560 prima
1392 3488 1655 3559 principia
1688 3488 1926 3560 ignorari

326 3594 437 3635 non
481 3594 643 3650 posse
675 3577 785 3635 ullo
814 3576 977 3635 modo
998 3620 1013 3650 ,
1042 3592 1111 3634 ne
1138 3576 1269 3633 dum
1309 3576 1685 3633 invincibiliter
1710 3596 1726 3647 ς
1770 3592 1923 3648 prae-

327 3674 488 3739 cepta
523 3681 659 3723 vero
688 3665 1039 3739 particularia
1058 3706 1079 3735 ,
1119 3680 1261 3739 quae
1286 3664 1371 3722 vel
1401 3680 1496 3737 per
1524 3681 1581 3722 se
1612 3674 1741 3722 nota
1768 3670 1919 3734 sunt,

328 3756 417 3814 vel
453 3756 702 3814 facillime
726 3772 797 3813 ex
835 3771 933 3829 per
972 3772 1031 3812 se
1071 3757 1213 3811 notis
1258 3756 1591 3827 colliguntur
1616 3797 1632 3828 ,
1680 3756 1920 3829 ignorari

328 3844 549 3919 quidem
588 3861 750 3918 posse
767 3888 783 3913 ,
810 3861 918 3902 non
944 3853 1123 3901 tamen
1151 3846 1265 3900 sine
1288 3843 1453 3915 culpa
1474 3844 1663 3900 saltem
1688 3860 1784 3915 per
1807 3845 1923 3901 lon-

326 3952 462 4009 gum
502 3942 720 4007 tempus
744 3976 760 4005 ,
801 3936 933 4007 quia
974 3939 1030 3991 et
1066 3933 1317 3991 facillima
1352 3932 1627 4005 diligentia
1668 3934 1930 4006 cognosci

330 4031 595 4099 possunt,-
634 4033 691 4081 et
724 4031 919 4082 natura
960 4024 1075 4095 ipsa
1110 4030 1164 4079 et
1202 4024 1537 4080 conscientia
1563 4024 1636 4079 ita
1667 4022 1930 4095 pulsatio

332 4116 551 4173 actibus
584 4130 811 4185 eorum,
843 4121 905 4171 ut
932 4130 1036 4171 non
1060 4114 1334 4187 permittat
1354 4112 1758 4184 inculpabiliter
1779 4115 1931 4186 igno-

294 4200 475 4274 'rari,
512 4212 565 4263 et
594 4204 903 4263 huiusmodi
932 4211 1061 4263 sunt
1090 4211 1383 4275 praecepta
1425 4202 1677 4274 Decalogi
1704 4244 1720 4275 ,
1762 4218 1829 4259 ac
1861 4204 1933 4261 si-

332 4296 504 4355 milia.
548 4296 619 4353 Et
659 4294 763 4351 hoc
804 4294 939 4351 satis
982 4294 1303 4365 significavit
1340 4293 1545 4351 Paulus
1585 4292 1653 4351 ad
1680 4296 1839 4351 Rom.
1873 4300 1930 4361 23

336 4400 463 4442 nam
504 4384 573 4441 de
615 4376 1137 4456 transgressionibus
1180 4383 1373 4441 horum
1402 4390 1823 4455 praeceptorum
1854 4384 1933 4441 lo-

334 4474 609 4548 quebatur
634 4514 649 4543 ‚
700 4471 921 4547 quando
951 4473 1017 4530 de
1052 4472 1307 4546 gentibus
1336 4473 1549 4529 dicebat
1577 4514 1592 4546 ,
1632 4472 1787 4530 datas
1814 4490 1937 4531 esse

335 4568 387 4621 in
415 4564 711 4637 reprobum
762 4578 986 4621 sensum
1024 4570 1248 4635 propter
1278 4568 1502 4633 peccata
1542 4578 1661 4619 sua.
1694 4564 1763 4647 Et
1788 4563 1933 4620 idem

336 4657 572 4713 sumitur
607 4670 672 4710 ex
701 4668 824 4725 cap.
858 4652 1142 4725 Flayilia,
1176 4658 1268 4724 32,
1296 4668 1353 4725 q.
1390 4654 1441 4710 7..
1478 4653 1597 4711 Alia
1628 4668 1757 4709 vero
1780 4670 1936 4726 prae-

336 4753 535 4817 cepta,
574 4760 715 4817 quae
744 4742 930 4799 maiori
964 4741 1204 4815 indigent
1231 4742 1509 4807 discursu,
1546 4742 1782 4816 ignorari
1809 4760 1934 4815 pos-

338 4840 465 4891 sunt
504 4833 919 4905 invincibiliter,
963 4835 1279 4903 praesertim
1319 4848 1349 4889 a
1392 4833 1578 4906 plebe,
1622 4834 1768 4890 iuxta
1808 4850 1928 4906 cap.

346 4924 742 4986 Obitciuntur.
788 4928 837 4993 l,
869 4938 925 4995 q.
959 4925 1016 4979 4.
1048 4922 1118 4978 Ει
1140 4922 1277 4978 ratio
1308 4936 1403 4993 per
1434 4938 1491 4979 se
1517 4921 1689 4979 facilis
1715 4930 1819 4979 est.
1847 4924 1936 4980 vi-

342 5014 537 5071 deatur
562 5010 817 5069 Corduba
854 5010 946 5068 lib.
983 5016 1037 5068 4.
1069 5011 1376 5085 quaestion.
1420 5027 1475 5084 q.
1512 5015 1577 5084 4,
1621 5018 1678 5095 ‘i‘
1716 5012 1845 5069 Soto
1884 5017 1933 5069 l.

347 5102 419 5159 de
444 5105 632 5160 instit.
666 5118 721 5175 q.
758 5105 829 5172 4,
862 5108 967 5157 art.
1004 5104 1057 5158 4.

3369 387 3488 451 109
3552 366 3558 377 ’

2062 533 2117 585 4.
2150 526 2352 585 Ultimo
2393 525 2683 585 dicendum
2712 535 2838 600 est,
2880 528 3020 586 hanc
3063 528 3234 603 legem
3265 528 3565 586 naturalem

1981 620 2141 674 etiam
2171 634 2290 673 esse
2319 633 2482 673 unam
2511 617 2561 672 in
2592 620 2735 673 omni
2764 626 3008 691 tempore
3033 625 3089 675 et
3115 624 3260 675 statu
3298 617 3566 675 humanae

1990 715 2239 764 naturae.
2274 709 2351 765 lta
2378 711 2540 765 etiam
2569 704 2756 765 docuit
2781 710 2948 765 Arist.
2981 724 3148 781 supra
3175 708 3362 765 dicens
3386 750 3402 780 ,
3437 707 3569 763 ubi-

1980 812 2087 868 que
2117 802 2174 853 et
2200 812 2453 870 semper,
2491 806 2546 855 et
2571 801 2764 855 Cicero
2798 803 2848 855 3.
2883 797 2955 857 de
2987 798 3189 873 repub.
3218 804 3274 855 et
3300 790 3442 869 apu'd
3471 798 3570 854 La-

1981 892 2152 942 ctant.
2189 886 2277 942 lib.
2309 885 2381 943 de
2407 902 2542 943 vero
2566 888 2752 958 cultu,
2772 902 2824 945 c.
2857 893 2909 945 8.
2935 886 3222 959 dicentem,
3247 890 3408 944 omni
3427 892 3570 943 tem-

1976 992 2125 1051 pore
2151 992 2350 1033 omnes
2379 981 2592 1049 yentes,
2628 984 2739 1034 etc.
2772 977 2926 1034 Ratio
2955 993 3084 1033 vero
3104 983 3189 1032 est
3207 975 3416 1047 eadem,
3439 979 3569 1049 quia

1982 1064 2117 1121 haec
2150 1065 2233 1121 lex
2251 1082 2354 1121 non
2379 1069 2628 1139 sequitur
2649 1084 2716 1123 ex
2744 1066 2925 1140 aliquo
2956 1074 3102 1123 statu
3133 1066 3295 1123 huius
3319 1075 3566 1135 naturae,

1985 1154 2079 1210 sed
2107 1171 2175 1210 ex
2204 1156 2318 1227 ipsa
2347 1163 2544 1213 natura
2572 1156 2873 1213 secundum
2911 1173 2988 1213 se.
3033 1158 3172 1213 Sunt
3212 1165 3392 1214 aulem
3418 1198 3433 1229 ,
3477 1158 3570 1231 qui

1982 1242 2197 1313 dicant,
2229 1244 2353 1301 licet
2382 1245 2486 1301 hoc
2517 1246 2586 1302 sit
2625 1262 2816 1303 verum
2859 1245 3037 1319 quoad
3077 1245 3399 1303 universalia
3425 1248 3571 1318 prin-

1984 1332 2123 1404 cipia
2154 1332 2317 1389 huius
2345 1333 2501 1414 legis,
2536 1342 2714 1392 tamen
2736 1335 2916 1409 quoad
2945 1334 3327 1393 conclusiones
3357 1352 3463 1391 non
3493 1338 3572 1393 ita

1985 1438 2140 1493 esse3
2173 1424 2266 1480 sed
2296 1425 2738 1497 distinguendum
2767 1442 2886 1482 esse
2915 1425 3188 1497 duplicem
3231 1431 3438 1482 statum
3463 1425 3569 1481 hu-

1986 1512 2079 1570 ius
2100 1518 2356 1583 naturae,
2388 1514 2599 1571 scilicet
2628 1516 2706 1571 rel
2736 1516 2976 1589 integrae
2997 1555 3012 1583 ,
3053 1514 3137 1572 vel
3165 1524 3490 1587 corruptae,
3519 1522 3576 1572 et

1983 1600 2089 1656 illis
2120 1602 2470 1661 tribuendum
2497 1620 2618 1661 esse
2647 1604 2924 1662 diversum
2953 1605 3201 1661 naturale
3231 1606 3335 1661 ius.
3360 1606 3494 1662 Nam
3516 1607 3572 1660 in

1986 1699 2184 1747 natura
2214 1692 2419 1765 integra
2461 1694 2546 1750 ius
2570 1695 2814 1751 naturale
2855 1694 3073 1767 petebat
3099 1712 3152 1750 v.
3185 1710 3240 1767 g.
3275 1695 3570 1752 libertatem

1986 1780 2228 1836 omnium
2263 1780 2573 1854 hominum,
2603 1790 2660 1840 et
2687 1784 2918 1841 dominia
2953 1784 3266 1841 communia
3291 1824 3306 1855 ,
3345 1791 3401 1841 et
3427 1784 3575 1841 simi-

1988 1870 2086 1938 lia3
2121 1872 2172 1926 in
2205 1880 2402 1929 natura
2430 1889 2558 1929 vero
2589 1882 2850 1945 corrupta
2879 1875 3012 1945 petit
3039 1875 3353 1946 servitutes,
3383 1890 3572 1931 rerum

1986 1960 2304 2018 divisionem
2328 2006 2341 2031 ,
2371 1970 2482 2019 etc.
2513 1970 2574 2020 ut
2601 1965 2841 2020 sumitur
2869 1979 2936 2021 ex
2965 1963 3001 2020 1.
3046 1966 3558 2031 manumissiones,

1987 2050 2043 2106 ll'.
2075 2049 2141 2105 de
2171 2052 2342 2109 iustit.
2374 2059 2426 2109 et
2457 2054 2606 2124 iure,
2637 2063 2694 2110 et
2721 2060 2754 2120 s
2778 2056 2872 2111 ius
2899 2060 3120 2126 autem,
3155 2055 3327 2111 instit.
3361 2052 3428 2111 de
3457 2054 3576 2111 iure

1990 2139 2248 2196 naturali.

2065 2229 2348 2287 Distinctio
2375 2246 2506 2288 vero
2538 2234 2850 2290 necessaria
2885 2249 2990 2289 non
3029 2240 3133 2291 est.
3179 2235 3360 2291 Primo
3386 2274 3402 2305 ,
3445 2235 3576 2306 quia

1989 2317 2079 2375 illa
2106 2320 2350 2392 exempla
2369 2364 2384 2391 ,
2416 2337 2554 2394 quae
2585 2324 2887 2380 afferuntur
2911 2366 2926 2395 ,
2969 2330 3023 2380 et
3063 2324 3109 2380 si
3135 2340 3246 2397 qua
3273 2330 3404 2380 sunt
3431 2324 3576 2393 simi-

1990 2408 2057 2465 lia
2076 2452 2090 2480 ,
2122 2426 2226 2466 non
2256 2413 2531 2482 pertinent
2561 2411 2626 2469 ad
2657 2412 2907 2471 naturale
2933 2414 3018 2470 ius
3046 2414 3326 2484 proprium
3347 2418 3403 2469 et
3429 2414 3574 2485 posi·
3685 2455 3704 2479 ,

1990 2499 2161 2555 tivum
2181 2540 2197 2569 ,
2227 2499 2322 2557 sed
2353 2500 2420 2557 ad
2449 2501 2532 2558 ius
2560 2503 2802 2573 gentium
2821 2545 2835 2573 ,
2868 2509 2932 2559 ut
2955 2503 3092 2560 infra
3130 2502 3296 2559 latius
3333 2503 3571 2574 explica·

1990 2588 2083 2645 bo.
2124 2588 2276 2647 Unde
2315 2593 2534 2663 propria
2575 2598 2866 2665 praecepta
2906 2580 3212 2663 naturalia,
3251 2592 3578 2665 regulariter

1990 2678 2182 2735 saltem
2209 2680 2506 2753 loquendo,
2538 2682 2852 2759 cpmmunia
2877 2688 3009 2740 sunt
3033 2682 3254 2755 utrique
3277 2682 3461 2739 statui.
3485 2682 3582 2738 Se-

1994 2768 2180 2851 cundo
2199 2810 2214 2840 ,
2245 2770 2371 2842 quia
2393 2769 2535 2826 aliud
2565 2776 2653 2827 est
2679 2771 2824 2845 loqui
2845 2770 2912 2827 de
2941 2773 3227 2829 existentia
3254 2779 3575 2843 praecepto·

1990 2872 2143 2929 rum,
2178 2864 2241 2915 ut
2266 2859 2346 2914 sic
2375 2859 2575 2930 dicam,
2605 2858 2750 2917 aliud
2777 2860 2844 2917 de
2872 2860 3074 2918 actuali
3102 2861 3451 2935 obligatione,
3482 2876 3582 2916 seu

1990 2947 2249 3004 exercitio
2287 2962 2504 3004 eorum.
2529 2949 2784 3015 Quamvis
2805 2965 2936 3023 ergo
2959 2957 3134 3007 status
3158 2950 3435 3022 postulare
3457 2965 3584 3022 pos-

1992 3037 2061 3092 sit
2099 3052 2262 3091 usum
2289 3037 2448 3093 unius
2474 3040 2752 3109 praecepti
2773 3080 2788 3107 ,
2815 3045 2872 3095 et
2900 3054 3007 3095 non
3035 3039 3292 3113 alterius,
3323 3037 3586 3095 nihilomi-

1992 3143 2097 3182 nus
2125 3127 2210 3182 ius
2241 3134 2466 3183 naturae
2495 3143 2710 3199 semper
2735 3127 2874 3184 idem
2905 3136 3022 3201 est,
3050 3135 3108 3185 et
3131 3128 3319 3185 eadem
3341 3127 3583 3199 comple·

1993 3217 2172 3272 ctitur
2202 3224 2488 3287 praecepta
2511 3257 2525 3284 ,
2556 3216 2684 3290 quia
2728 3217 2808 3274 vel
2837 3223 2969 3274 sunt
2996 3220 3257 3290 principia
3284 3258 3298 3288 ,
3337 3218 3422 3275 vel
3450 3234 3584 3275 con-

2000 3306 2280 3361 clusiones
2307 3305 2612 3362 necessario
2640 3305 2870 3379 elicitae,
2901 3322 3032 3379 ergo
3063 3307 3262 3363 habent
3287 3310 3582 3363 necessita·

1996 3400 2136 3465 tem,
2169 3410 2306 3467 quae
2341 3395 2390 3449 in
2421 3394 2570 3451 nullo
2597 3402 2744 3453 statu
2775 3394 2970 3452 delicit.
2998 3396 3318 3453 Declaratur
3339 3396 3578 3466 tandem,

1998 3484 2125 3555 quia
2156 3482 2239 3539 vel
2267 3485 2322 3539 in
2353 3484 2468 3557 lege
2490 3492 2718 3541 naturae
2741 3484 3158 3543 considerantur
3180 3492 3470 3559 praecepta
3488 3501 3586 3541 ne-

1998 3572 2201 3645 gativa,
2235 3572 2316 3628 vel
2347 3572 2690 3629 affirmativa.
2722 3576 2980 3647 Negativa
3007 3590 3232 3632 necesse
3257 3581 3362 3647 est,
3391 3575 3580 3633 eadem

1996 3676 2214 3734 semper
2243 3676 2362 3718 esse
2384 3702 2399 3731 ,
2427 3667 2482 3719 et
2510 3662 2676 3719 fuisse
2702 3665 2754 3719 in
2784 3665 2926 3720 omni
2955 3670 3125 3736 statu,
3144 3666 3273 3737 quia
3301 3664 3587 3737 prohibent

1999 3752 2248 3808 actiones
2269 3752 2560 3819 intrinsece
2585 3752 2776 3824 malas,
2791 3768 2930 3825 quae
2951 3754 3174 3825 proinde
3196 3756 3249 3809 in
3275 3754 3418 3812 omni
3439 3760 3586 3813 statu

2000 3841 2174 3897 malae
2202 3849 2370 3912 sunt3
2419 3840 2660 3915 obligant
2685 3844 2847 3899 etiam
2881 3857 2980 3914 pro
3007 3858 3219 3915 semper
3243 3884 3260 3914 ,
3299 3849 3358 3900 et
3381 3843 3504 3901 ideo
3532 3844 3587 3900 in

2000 3932 2144 3987 omni
2170 3932 2332 3987 etiam
2363 3938 2514 3987 statu
2555 3930 2800 4003 obligant
2824 3973 2839 4004 ,
2872 3932 2926 3987 'si
2967 3934 3190 3989 materia
3228 3932 3444 3989 illorum
3485 3949 3584 3989 oc·

1997 4027 2212 4078 currat.
2257 4022 2556 4093 Praecepta
2603 4028 2790 4079 autem
2836 4021 3160 4079 affirmativa
3186 4064 3202 4093 ,
3241 4038 3372 4080 cum
3418 4023 3580 4081 etiam

2004 4111 2338 4182 praecipiant
2366 4126 2453 4167 res
2482 4126 2579 4182 per
2609 4128 2666 4167 se
2695 4111 2982 4183 honestas,
3015 4126 3230 4184 semper
3249 4113 3410 4169 etiam
3439 4128 3586 4169 eam-

2000 4200 2121 4256 dem
2152 4200 2488 4256 honestatem
2520 4199 2759 4274 habent,
2799 4208 2980 4257 tamen
3018 4202 3148 4274 quia
3189 4218 3297 4258 non
3339 4202 3584 4275 obligant

2003 4305 2100 4361 pro
2137 4305 2355 4360 semper
2375 4330 2388 4355 ,
2420 4290 2531 4346 fieri
2555 4296 2762 4362 potest,
2795 4297 2856 4347 ut
2883 4292 2937 4347 in
2967 4306 3074 4346 uno
3113 4298 3261 4347 statu
3292 4300 3592 4349 occurrant

2002 4380 2320 4435 occasiones
2368 4377 2671 4452 exequendi
2719 4378 2987 4452 quaedam
3025 4386 3353 4451 praecepta,
3395 4381 3446 4435 iu
3487 4381 3591 4437 alio

2004 4484 2134 4525 vero
2166 4468 2337 4539 aliae3
2366 4467 2511 4541 quod
2543 4484 2650 4524 non
2678 4469 2812 4524 satis
2837 4476 2925 4525 est
2949 4508 2964 4537 ,
3010 4476 3074 4524 ut
3115 4470 3200 4525 lex
3229 4469 3442 4526 dicatur
3467 4485 3590 4527 esse

2005 4557 2252 4627 diversa,
2285 4574 2408 4613 nam
2431 4560 2590 4615 etiam
2621 4559 2672 4613 in
2702 4564 2851 4614 statu
2875 4565 3102 4615 naturae
3123 4566 3418 4630 corruptae
3446 4560 3591 4617 aliud

2003 4654 2089 4705 est
2121 4656 2338 4718 tempus
2366 4646 2698 4719 paci8,aliud
2729 4648 2944 4720 helli,in
2966 4648 3166 4722 quibus
3195 4648 3408 4706 diversa
3434 4666 3591 4722 prae-

2002 4744 2159 4810 cepta
2194 4738 2464 4794 servanda
2491 4742 2655 4809 suut,
2693 4743 2749 4793 et
2787 4752 2876 4793 ars
2920 4736 3214 4795 medicinae
3253 4747 3341 4794 eat
3374 4739 3588 4811 eadem,

2005 4828 2254 4902 quamvis
2283 4827 2384 4883 alia
2413 4824 2714 4899 praecipiat
2753 4832 2996 4899 tempore
3037 4830 3282 4885 sanitatis
3321 4829 3589 4900 facienda,

2005 4918 2106 4988 alia
2138 4924 2382 4989 tempore
2409 4914 2799 4992 aegritudiuis:
2830 4918 2910 4974 sic
2936 4932 3068 4992 ergo
3097 4934 3310 4992 semper
3337 4919 3480 4976 idem
3506 4927 3594 4978 est

2005 5007 2255 5065 naturale
2277 5008 2382 5064 ius.
