4325 6267
1649 349 1864 402 carin·
1890 352 2142 404 xxvm.

275 477 348 536 tis
375 473 639 550 exemplis
666 481 722 534 et
753 477 1060 534 rationibus
1091 475 1164 534 ibi
1210 481 1490 534 ostensum
1519 483 1624 534 est.
1657 480 1730 535 De
1759 476 1864 536 alio

274 585 410 626 vero
437 567 688 641 exemplo
716 566 784 624 de
813 567 1308 626 communicatione
1329 567 1468 626 civili
1491 584 1622 627 cum
1645 584 1868 627 excom·

273 660 556 718 muniente
581 701 596 730 ,
639 658 746 717 dixi
786 660 838 715 in
883 659 948 716 V.
993 664 1146 716 tomo
1185 657 1256 715 de
1303 661 1571 716 censuris
1597 658 1737 731 disp.
1775 663 1863 730 15,

279 759 424 810 sect.
457 755 522 823 2,
555 766 612 806 n.
652 749 864 821 11,-ibi
901 763 1022 807 esse
1063 749 1354 822 specialem
1391 751 1694 822 rationem,
1739 749 1867 824 quia

276 843 716 900 communicatio
740 841 980 898 humana
1000 882 1016 914 ,
1046 841 1176 898 licet
1201 855 1472 900 successu
1497 839 1781 912 temporis,
1812 845 1870 898 et

273 949 378 1006 per
411 933 594 990 varios
635 938 792 989 actus
829 933 958 1004 iiat3
989 937 1167 988 tamen
1206 945 1304 1003 per
1345 931 1872 988 excommunicatio-

276 1041 406 1082 nem
437 1023 756 1097 prohibetur
783 1037 882 1096 per
907 1023 1132 1081 modum
1161 1025 1326 1081 unius
1351 1028 1538 1096 actus,
1569 1038 1669 1079 seu
1697 1029 1870 1080 mate-

275 1115 394 1172 riae
420 1113 622 1188 gravis:
655 1118 712 1171 et
739 1112 858 1171 ideo
886 1113 1056 1188 siquis
1084 1113 1156 1170 ita
1182 1114 1495 1185 frequenter
1517 1121 1676 1169 actus
1699 1112 1867 1186 leves,

277 1213 350 1263 ut
375 1205 554 1262 animo
579 1211 638 1262 et
673 1203 950 1262 voluntate
989 1219 1280 1276 expressa,
1310 1201 1393 1258 vel
1427 1201 1640 1260 virtuali
1669 1202 1722 1262 in
1747 1217 1872 1274 per·

277 1303 622 1354 severantem
650 1294 1200 1353 communicationem
1231 1295 1471 1367 seratur,
1501 1292 1666 1350 violat
1695 1292 1870 1367 legem

279 1389 340 1443 in
360 1385 586 1444 materia
611 1387 800 1458 gravi,
829 1392 886 1442 et
915 1385 1186 1442 illi.actus
1227 1383 1374 1441 leves
1411 1399 1518 1441 non
1548 1388 1872 1456 spectantur

279 1485 420 1534 tune
447 1482 512 1534 ut
535 1477 810 1545 distincti,
841 1475 936 1533 sed
973 1481 1036 1532 ut
1059 1481 1244 1547 partes
1271 1477 1432 1532 unius
1461 1474 1718 1532 materiae
1745 1489 1871 1548 gra-

277 1569 366 1625 vis
401 1583 498 1640 per
533 1566 656 1624 illos
695 1566 960 1640 intenta03
991 1573 1048 1624 et
1085 1572 1151 1624 ut
1185 1568 1264 1623 sic
1301 1571 1598 1623 censentur
1632 1567 1872 1638 graviter

278 1656 563 1730 prohibiti,
605 1663 662 1714 et
701 1671 798 1728 per
839 1655 1013 1731 legem
1052 1671 1121 1712 ex
1163 1671 1264 1712 suo
1303 1671 1501 1728 genere
1543 1655 1874 1728 obligantem

281 1750 390 1807 sub
423 1745 655 1805 mortali.
687 1749 760 1805 Et
783 1747 860 1805 ita
894 1761 1177 1820 nunquam
1203 1747 1412 1804 ratione
1439 1745 1610 1804 solius
1637 1761 1874 1804 consue·

281 1839 492 1898 tudinis
525 1837 732 1895 veniale
759 1842 1050 1910 peccatum
1075 1837 1316 1894 efficitur
1328 1837 1592 1905 Jnortale.

327 1933 419 1998 ,7.
457 1928 762 1988 Dicendum
801 1942 932 2002 ergo
971 1933 1083 2006 est,
1113 1935 1246 1984 tunc
1274 1927 1538 1984 committi
1579 1932 1772 1984 contra
1797 1927 1875 1984 le·

281 2035 410 2097 gem
451 2019 747 2078 humanam
783 2035 850 2076 ex
883 2024 1204 2090 contemptu
1229 2059 1244 2088 ,
1287 2018 1504 2093 quando
1539 2018 1656 2092 ipsa
1695 2024 1876 2076 trans-

281 2112 500 2188 gressio
531 2113 772 2170 exterior
795 2110 926 2183 legis
969 2112 1148 2167 oritur
1173 2125 1241 2166 ex
1273 2110 1497 2182 imperio
1526 2115 1876 2182 contemptus

281 2203 588 2274 interioris,
625 2204 700 2260 ita
729 2207 792 2259 ut
817 2200 904 2258 illa
929 2200 1164 2258 exterior
1191 2201 1553 2274 transgressio
1581 2215 1648 2257 ex
1676 2200 1726 2256 vi
1745 2201 1878 2258 talis

286 2295 498 2368 imperii
537 2293 630 2349 fiat
656 2290 878 2367 quidam
906 2296 1252 2362 contemptus
1279 2290 1535 2348 exterior.
1559 2291 1640 2348 Ita
1665 2291 1876 2348 Caieta·

286 2401 396 2442 nus
420 2385 474 2440 in
515 2385 670 2441 Sum.
702 2381 870 2439 verbo
907 2383 1300 2455 contemptus,
1329 2386 1386 2438 et
1408 2385 1466 2438 2.
1497 2385 1562 2453 2,
1595 2379 1720 2438 loco
1749 2394 1875 2453 pro-

285 2477 432 2532 xime
458 2476 626 2531 citato
649 2514 665 2546 ,
693 2471 786 2530 ubi
815 2471 870 2528 d.
901 2469 1132 2530 Thomas
1163 2471 1302 2527 idem
1335 2469 1569 2542 indicat,
1613 2479 1670 2528 et
1697 2472 1882 2544 attigit

289 2563 598 2622 Bernardus
625 2563 678 2620 in
704 2562 852 2621 dicto
880 2576 932 2618 ο.
959 2565 1042 2618 14.
1061 2559 1276 2618 dicens:
1310 2563 1472 2618 Ίῖιιηο
1497 2577 1616 2617 non
1631 2563 1874 2634 peccati

287 2655 542 2730 species,
582 2651 685 2710 sed
703 2655 936 2728 peceati
959 2653 1211 2708 intentio
1225 2655 1538 2724 pensatur.
1563 2651 1720 2708 Ratio
1750 2665 1878 2708 vero

289 2744 560 2819 generalis
603 2748 719 2816 est,
761 2744 892 2816 quia
931 2748 1092 2799 actus
1130 2741 1365 2798 exterior
1401 2741 1600 2814 accipit
1625 2741 1880 2799 malitiam

285 2835 608 2908 formalem,
645 2841 702 2891 et
725 2834 1043 2905 praesertim
1081 2832 1441 2890 extrinsecam
1477 2840 1535 2889 et
1569 2833 1881 2890 accidenta-

287 2927 398 2986 lem
438 2927 508 2983 ab
557 2932 688 2982 actu
720 2923 998 2996 interiori3
1039 2922 1134 2979 sed
1177 2925 1540 2998 transgressio
1577 2923 1712 2998 legis
1741 2925 1792 2981 in
1819 2940 1881 2982 re

293 3018 538 3089 minima,
563 3031 742 3089 neque
767 3015 818 3072 in
846 3021 976 3070 actu
1003 3013 1278 3087 exteriori,
1303 3029 1478 3088 neque
1499 3017 1554 3071 in
1578 3015 1878 3090 voluntate,

291 3126 438 3184 quae
467 3109 622 3164 illum
658 3106 882 3177 respicit
911 3112 972 3162 ut
998 3105 1274 3162 obiectum
1302 3146 1317 3178 ,
1366 3105 1526 3164 habet
1550 3104 1616 3162 de
1643 3122 1704 3164 se
1733 3106 1884 3164 mali·

288 3203 426 3259 tiam
467 3197 792 3265 mortalem;
823 3213 956 3270 ergo
983 3198 1028 3252 si
1057 3213 1126 3253 ex
1152 3201 1473 3269 contemptu
1499 3194 1643 3253 illam
1665 3197 1880 3270 recipit,

291 3294 414 3350 ideo
457 3297 570 3362 est,
615 3290 746 3363 quia
784 3289 1086 3362 imperatur
1127 3285 1192 3344 ab
1233 3286 1417 3360 aliquo
1469 3287 1706 3344 interiori
1755 3293 1884 3344 actu

287 3383 526 3440 habente
558 3379 820 3436 malitiam
847 3376 1168 3447 mortalem3
1209 3378 1306 3449 qui
1343 3383 1504 3433 actus
1531 3383 1881 3448 contemptus

289 3471 628 3546 appellatur,
665 3475 724 3526 et
745 3466 868 3525 ideo
903 3467 1271 3542 transgressio
1311 3465 1400 3525 illa
1439 3465 1638 3525 dicitur
1664 3484 1787 3526 esse
1813 3483 1880 3526 ex

287 3567 640 3634 contemptu.

373 3661 428 3713 8.
453 3651 561 3709 Sed
581 3664 730 3708 nune
750 3653 918 3706 restat
939 3646 1338 3722 inquirendum,
1364 3644 1513 3721 quod
1536 3647 1778 3705 secundo
1805 3647 1883 3706 lo-

289 3761 362 3802 co
389 3729 734 3818 propositum
758 3746 878 3797 est:
913 3739 1162 3812 quisnam
1203 3740 1275 3795 sit
1312 3737 1398 3794 hic
1441 3743 1600 3795 actus
1639 3740 1882 3812 interior,

289 3837 388 3910 qui
417 3839 766 3906 contemptus
793 3829 1121 3903 appellatur,
1145 3835 1201 3886 et
1226 3844 1330 3885 eur
1357 3835 1466 3886 tam
1487 3845 1653 3903 grave
1680 3829 1884 3886 malum

289 3931 614 3999 reputetur,
649 3928 714 3980 ut
737 3920 927 3978 reddat
951 3919 1180 3978 mortale
1219 3926 1550 3993 peccatum,
1593 3920 1742 3994 quod
1771 3919 1886 3978 leve

291 4023 446 4083 erat,
477 4014 562 4072 vel
601 4015 764 4070 etiam
803 4010 953 4085 quod
990 4009 1057 4067 de
1097 4025 1156 4066 se
1183 4009 1394 4066 nullum
1419 4016 1557 4067 erat.
1599 4011 1752 4068 Circa
1781 4009 1886 4067 hoc

293 4110 354 4166 d.
387 4104 700 4164 Bernardus
729 4117 896 4175 supra
923 4115 1044 4174 cap.
1081 4103 1167 4160 12.
1197 4098 1434 4170 indicat,
1467 4098 1616 4157 hune
1641 4107 1885 4158 contem·

293 4207 453 4273 ptum
494 4211 614 4253 esse
657 4199 844 4252 actum
883 4189 1198 4263 superbiae,
1240 4189 1454 4246 dicens:
1501 4191 1885 4264 Contemptus

297 4297 502 4348 tumor
527 4285 835 4361 superbiae
861 4287 966 4340 est.
999 4284 1150 4341 Sumi
1178 4284 1338 4339 etiam
1361 4287 1544 4354 potest
1569 4295 1635 4338 ex
1661 4279 1718 4337 d.
1749 4282 1888 4339 Tho-

295 4397 389 4440 ma
415 4379 582 4436 citato
611 4376 734 4433 loco
761 4381 818 4432 2.
849 4380 916 4446 2,
947 4390 1002 4449 q.
1045 4376 1146 4432 186
1167 4412 1184 4444 ,
1215 4379 1317 4429 art.
1350 4377 1404 4430 9.
1439 4369 1504 4429 ad
1535 4377 1566 4429 3
1587 4413 1602 4442 ,
1631 4371 1763 4429 dum
1791 4373 1886 4447 ait,

297 4475 666 4529 contemnere
695 4481 818 4524 esse
845 4464 998 4522 nolle
1026 4463 1236 4522 subiici
1262 4462 1396 4537 leqi.
1439 4464 1511 4521 Et
1547 4478 1780 4536 peecare
1820 4480 1888 4523 ex

297 4565 626 4632 contemptu
666 4572 786 4614 esse
827 4571 1058 4628 peccare
1098 4571 1164 4612 ex
1189 4552 1468 4612 voluntate
1497 4571 1605 4610 non
1635 4569 1692 4611 se
1720 4556 1888 4613 subii-

297 4651 476 4710 ciendi
510 4649 680 4707 alteri.
707 4649 876 4705 Docet
913 4653 1098 4704 autem
1137 4643 1273 4701 idem
1307 4644 1468 4701 divus
1489 4643 1722 4702 Thomas
1744 4650 1800 4704 2.
1828 4649 1886 4718 2,

295 4762 352 4819 q.
387 4746 515 4813 161,
541 4747 648 4798 art.
673 4744 729 4798 2.
755 4737 825 4794 ad
846 4743 901 4811 3,
927 4735 1171 4796 officium
1195 4727 1510 4793 humilitatis
1531 4737 1891 4807 praecipuum

298 4849 420 4892 esse
458 4830 654 4890 subiici
692 4831 840 4900 Deo,
881 4828 1032 4901 quod
1071 4827 1266 4899 repetit
1304 4831 1412 4882 art.
1459 4828 1521 4896 3,
1564 4832 1622 4882 et
1657 4841 1713 4898 q.
1763 4829 1889 4898 162,

301 4933 408 4984 art.
444 4931 510 4998 5,
539 4929 597 4980 et
633 4923 688 4978 in
717 4925 782 4994 6,
812 4919 937 4977 inde
978 4917 1190 4991 colligit
1226 4915 1510 4989 superbiae
1548 4916 1889 4990 gravitatem,

299 5033 436 5093 ergo
467 5015 512 5072 si
540 5017 893 5083 contemptus
921 5015 1008 5066 est
1033 5007 1284 5065 voluntas
1321 5022 1427 5064 non
1469 5020 1525 5062 se
1567 5004 1894 5063 subiiciendi

299 5105 634 5177 formaliter,
679 5100 732 5158 id
771 5107 860 5157 est
899 5096 1076 5156 solum
1117 5103 1341 5170 propter
1380 5095 1687 5169 fugiendam
1716 5095 1892 5155 subie-

299 5199 567 5266 ctionem,
597 5199 688 5252 est
723 5193 880 5265 plane
921 5195 1080 5248 actus
1119 5185 1424 5261 superbiae.
1467 5187 1538 5244 Et
1563 5186 1704 5244 hanc
1729 5189 1897 5244 inter·

297 5289 664 5366 pretationem
703 5288 1014 5358 sequuntur
1052 5279 1162 5338 iere
1201 5276 1510 5336 canonistas
1549 5277 1602 5335 in
1627 5277 1892 5352 principio

3325 334 3444 402 261

1934 479 2124 553 citati,
2150 485 2209 537 et
2246 476 2515 537 Adrianus
2544 493 2609 536 ac
2636 477 2841 536 Gerson
2880 475 3026 537 dicta
3052 477 3183 536 leet.
3221 483 3273 536 5.
3302 476 3375 536 de
3400 481 3531 538 vita

1936 572 2084 644 spir.
2118 569 2311 644 Angel.
2343 569 2574 646 Sylvest.
2606 576 2665 626 et
2698 569 2789 627 alii
2832 569 3145 626 summistae
3184 568 3352 626 verbo
3394 585 3531 627 eon-

1935 663 2209 734 temptus.
2242 661 2311 718 At
2341 675 2468 716 vero
2488 659 2656 716 Caiet.
2689 664 2744 718 2.
2777 663 2809 716 2
2831 700 2846 731 ,
2877 676 2932 733 q.
2972 663 3110 730 101,
3144 665 3247 717 art.
3280 665 3313 718 2
3337 701 3353 732 ,
3381 667 3438 718 et
3466 677 3525 734 q.

1945 755 2078 823 105,
2109 755 2214 808 art.
2249 756 2301 809 5.
2332 749 2399 806 ad
2428 756 2482 809 2.
2516 750 2657 808 hane
2683 749 2740 807 d.
2770 751 3009 809 Thomas
3037 752 3353 810 sententiam
3382 751 3534 810 vide-

1937 845 2029 897 tur
2057 841 2398 913 interpretari
2426 841 2493 898 de
2521 842 2735 899 formali
2764 842 3141 918 inobedientia,
3174 860 3317 919 quae
3345 845 3529 903 eonsi-

1938 930 2037 988 stit
2061 930 2114 986 in
2150 930 2431 988 voluntate
2471 947 2579 988 non
2618 932 2868 990 servandi
2908 931 3114 1007 legem,
3156 940 3385 1006 propter
3422 951 3531 992 non

1939 1020 2299 1080 obediendum
2315 1062 2331 1093 ,
2360 1027 2417 1078 et
2439 1020 2581 1078 hanc
2600 1021 2937 1080 voluntatem
2967 1024 3231 1096 significat
3253 1039 3375 1082 esse
3400 1039 3535 1082 con-

1937 1117 2224 1182 temptum.
2264 1109 2420 1180 Quod
2440 1117 2495 1168 et
2515 1111 2683 1184 aliqui
2710 1110 2951 1169 moderni
2984 1121 3292 1187 sequuntur
3312 1155 3327 1186 ,
3359 1121 3417 1172 et
3448 1115 3529 1172 ia-

1937 1206 2028 1258 vet
2053 1199 2213 1256 divus
2238 1201 2471 1258 Thomas
2510 1201 2657 1260 dicta
2685 1218 2738 1274 q.
2772 1206 2905 1274 105,
2928 1208 3093 1262 art.l.
3128 1203 3195 1260 ad
3232 1207 3280 1262 1.
3311 1205 3390 1262 Ex
3416 1204 3523 1262 hoe

1937 1305 2068 1350 vero
2097 1293 2251 1365 sequi
2282 1291 2524 1363 videtur,
2558 1297 2936 1364 contemptum
2977 1307 3085 1350 non
3129 1309 3290 1366 posse
3318 1295 3527 1352 versari

1939 1381 2086 1439 circa
2115 1380 2371 1452 consilia,
2402 1380 2549 1455 quod
2577 1389 2663 1440 est
2689 1388 2885 1440 contra
2922 1398 3141 1455 omnes,
3166 1389 3221 1439 et
3246 1383 3404 1456 plane
3431 1384 3537 1441 ial-

1943 1487 2087 1528 sum.
2117 1472 2389 1530 Probatur
2418 1480 2603 1529 autem
2630 1471 2883 1546 sequela,
2914 1475 3045 1546 quia
3080 1472 3383 1530 obedientia
3408 1481 3527 1532 tan·

1943 1568 2064 1620 tum
2089 1569 2174 1619 est
2201 1563 2356 1619 circa
2382 1568 2711 1635 praecepta3
2744 1579 2874 1636 ergo
2902 1564 3064 1620 etiam
3096 1563 3469 1624 inobedientia.
3500 1570 3509 1580 “

2018 1657 2210 1712 Potest
2244 1670 2377 1729 ergo
2416 1669 2539 1710 esse
2578 1654 2717 1711 alius
2757 1653 2971 1712 dicendi
3012 1654 3206 1713 modus
3233 1698 3247 1727 ,
3292 1666 3537 1714 contem·

1944 1751 2102 1818 ptum
2129 1761 2252 1802 esse
2277 1745 2597 1804 iniustitiam
2640 1745 2935 1818 quamdam
2960 1788 2975 1818 ,
3016 1748 3147 1818 quia
3186 1753 3538 1820 contemptus

1946 1841 2034 1892 est
2072 1839 2408 1894 aestimatio
2448 1839 2645 1894 minus
2686 1839 2838 1894 iusto
2863 1878 2878 1909 ,
2912 1843 2973 1895 ut
2997 1836 3179 1895 definit
3218 1837 3533 1896 Altisiodor.

1945 1924 2040 1983 lib.
2074 1931 2131 1984 2.
2163 1928 2321 1984 Sum.
2354 1933 2517 1984 tract.
2550 1931 2644 1999 20,
2675 1942 2729 1984 ο.
2762 1933 2819 1999 2,
2850 1943 2905 2000 q.
2944 1931 2993 1986 1.
3027 1929 3330 1986 Diminuere
3354 1936 3539 1988 autem

1945 2017 2384 2076 aestimationem
2411 2017 2635 2074 alterins
2663 2025 2857 2076 contra
2882 2018 3145 2078 iustitiam
3164 2023 3269 2076 est.
3295 2019 3450 2078 Unde
3470 2019 3537 2078 de

1949 2113 2267 2195 contemptu
2310 2108 2541 2181 proximi
2580 2109 2657 2164 ita
2694 2109 2859 2166 sentit
2898 2110 3069 2166 Caiet.
3101 2109 3153 2165 in
3180 2111 3333 2167 Sum.
3369 2110 3535 2167 verbo

1945 2201 2333 2272 contemptum
2359 2196 2575 2256 videtur
2594 2205 2781 2256 autem
2800 2215 2921 2256 esse
2941 2199 3133 2256 eadem
3155 2185 3291 2256 ratio
3314 2199 3380 2258 de
3402 2217 3537 2257 con-

1943 2294 2156 2361 temptu
2184 2286 2317 2361 legis
2345 2288 2431 2346 vel
2452 2287 2789 2362 legislatoris.
2818 2290 2889 2346 Et
2926 2288 3001 2344 ita
3026 2291 3305 2347 Navarrus
3340 2306 3531 2363 supra,

1947 2383 2004 2435 et
2031 2378 2081 2434 in
2109 2379 2265 2435 Sum.
2299 2393 2424 2451 cap.
2456 2383 2563 2451 23,
2595 2393 2651 2434 n.
2683 2382 2777 2436 42.
2808 2379 2903 2451 ait,
2936 2394 3170 2452 peecare
3196 2397 3263 2438 ex
3290 2387 3536 2438 contem-

1946 2475 2046 2543 ptu
2079 2485 2201 2527 esse
2228 2470 2437 2527 moveri
2474 2467 2539 2526 ad
2568 2468 2940 2544 peccandum,
2969 2486 3034 2527 eo
3069 2471 3220 2545 quod
3246 2470 3421 2545 legem
3450 2470 3535 2528 vel

1949 2558 2314 2632 legislatorem
2342 2559 2541 2634 aliquis
2569 2561 2719 2633 parvi
2748 2562 2933 2618 saciat:
2966 2560 3071 2618 hoc
3098 2569 3281 2620 autem
3308 2561 3375 2619 ad
3398 2563 3535 2620 iniu-

1950 2649 2150 2706 stitiam
2182 2651 2453 2722 pertinere
2481 2649 2715 2707 videtur.
2748 2652 2829 2709 Ex
2857 2651 2940 2708 his
2965 2667 3097 2726 ergo
3126 2653 3399 2711 incertum
3426 2669 3541 2712 ma·

1949 2746 2044 2798 net
2070 2741 2349 2814 quodnam
2376 2742 2567 2798 vitium
2594 2741 2663 2798 sit
2690 2748 3069 2816 contemptus,
3099 2745 3230 2816 quia
3256 2744 3538 2820 superbia,

1952 2831 2201 2888 formalis
2244 2831 2633 2906 inobedientia,
2662 2839 2717 2890 et
2756 2833 3013 2892 iniustitia
3045 2835 3175 2893 vitia
3200 2842 3332 2894 sunt
3356 2837 3542 2907 specie

1949 2921 2229 2979 distincta.
2262 2923 2417 2990 Quod
2456 2924 2499 2980 si
2537 2930 2889 2996 contemptus
2928 2925 2979 2981 in
3008 2925 3261 2992 omnibus
3285 2927 3389 2982 illis
3416 2942 3541 2998 spe-

1950 3014 2142 3071 ciebus
2171 3029 2293 3071 esse
2332 3021 2552 3086 potest,
2589 3022 2646 3072 et
2680 3014 2803 3072 ideo
2841 3031 2943 3071 vox
2980 3016 3281 3088 aequivoca
3315 3022 3439 3089 est,
3478 3022 3542 3074 ut

1951 3103 2265 3162 Altisiodor.
2298 3120 2467 3177 supra
2493 3106 2681 3178 sentit,
2706 3106 3027 3182 ambiguum
3054 3113 3235 3164 manet
3261 3107 3536 3180 quomodo

1953 3195 2221 3253 sumenda
2261 3197 2361 3267 sit,
2408 3210 2539 3252 cum
2577 3194 2777 3254 dicitur
2815 3213 2937 3253 esse
2975 3203 3269 3269 peccatum
3308 3197 3539 3256 mortale

1952 3284 2257 3359 transgredi
2285 3284 2459 3359 legem
2486 3301 2554 3343 ex
2580 3293 2922 3360 contemptu.

2033 3375 2115 3432 Ad
2140 3377 2250 3434 ‚hoe
2280 3391 2413 3449 ergo
2440 3375 2825 3456 explicandum
2854 3377 3079 3438 adverto
3106 3419 3122 3452 ‚
3161 3386 3536 3453 contemptum
3626 3417 3633 3423 -

1953 3467 2151 3541 partim
2180 3483 2302 3524 esse
2332 3482 2489 3539 posse
2516 3469 2569 3524 in
2600 3469 2900 3541 intellectu,
2934 3471 3129 3542 partim
3154 3470 3207 3527 in
3236 3471 3435 3528 affectu
3462 3473 3541 3528 in·

1953 3563 2142 3629 terno,
2175 3557 2371 3629 partim
2400 3559 2451 3613 in
2480 3573 2644 3630 opere
2680 3563 2903 3616 externo
2922 3599 2937 3630 ,
2971 3560 3075 3617 sub
3101 3575 3265 3632 opere
3292 3561 3537 3619 omissio·

1952 3665 2078 3706 nem
2105 3646 2470 3720 includendo,
2500 3647 2647 3721 quod
2688 3649 2801 3706 sere
2846 3652 3058 3707 notavit
3090 3649 3409 3709 Altisiodor.
3446 3669 3541 3710 su-

1953 3755 2076 3813 pra.
2105 3739 2319 3796 Primus
2340 3754 2472 3812 ergo
2500 3744 2849 3811 contemptus
2876 3738 2983 3796 diei
3004 3746 3184 3812 potest
3202 3740 3543 3799 intellectua-

1953 3831 2038 3903 lis,
2061 3835 2118 3886 et
2143 3831 2392 3886 consistit
2414 3831 2469 3886 in
2496 3828 2718 3900 iudicio,
2742 3845 2853 3903 quo
2880 3845 2969 3888 res
2997 3831 3177 3905 aliqua
3204 3831 3289 3888 vel
3311 3847 3544 3904 persona

1951 3923 2008 3978 in
2035 3921 2235 3977 minori
2264 3920 2633 3976 aestimatione
2659 3918 2909 3991 habetur,
2936 3935 3103 3995 quam
3130 3937 3230 3994 par
3258 3922 3349 3996 sit,
3375 3937 3439 3979 ac
3467 3921 3548 3981 di-

1953 4012 2144 4085 gnitati
2163 4011 2282 4067 eius
2304 4011 2588 4068 debeatur.
2608 4009 2862 4078 Quamvis
2884 4013 3027 4068 enim
3051 4014 3231 4068 minus
3253 4014 3543 4070 aestimare

1955 4117 2120 4159 unam
2160 4117 2299 4174 rem,
2342 4115 2506 4173 quam
2548 4099 2739 4171 aliam,
2782 4101 2956 4158 soleat
2992 4101 3313 4174 generaliter
3355 4103 3542 4160 vocari

1955 4197 2303 4264 contemptus
2344 4191 2521 4262 illius3
2568 4190 2611 4245 si
2640 4196 2821 4247 tamen
2848 4191 3153 4249 aestimatio
3184 4194 3254 4250 sit
3279 4191 3542 4264 prudens,

1955 4297 2064 4339 non
2085 4283 2193 4338 erit
2212 4286 2563 4353 contemptus
2584 4281 2837 4348 vitiosus,
2860 4279 2927 4339 de
2948 4297 3059 4354 quo
3084 4282 3201 4340 solo
3224 4287 3545 4354 tractamus3

1955 4379 2088 4430 tune
2111 4389 2243 4445 ergo
2266 4377 2351 4430 est
2370 4370 2709 4428 inordinatus
2729 4378 3103 4445 contemptus,
3124 4373 3343 4447 quando
3367 4388 3553 4446 respe-

1957 4471 2054 4524 ctu
2079 4466 2361 4538 ipsiusmet
2403 4463 2511 4533 rei,
2558 4468 2657 4520 aut
2702 4477 2996 4536 personae,
3044 4462 3385 4521 considerata
3430 4464 3548 4522 eius

1956 4555 2219 4629 qualitate
2243 4561 2301 4611 et
2326 4553 2581 4626 dignitate
2598 4593 2613 4624 ,
2648 4552 2943 4609 inordinata
2970 4558 3055 4609 est
3080 4552 3201 4610 talis
3222 4553 3543 4612 aestimatio.

1957 4647 2096 4703 Nam
2122 4647 2170 4701 si
2198 4659 2305 4702 una
2332 4658 2422 4700 res
2448 4644 2519 4699 sit
2546 4641 2698 4699 vilior
2724 4641 2848 4713 alia,
2874 4641 3019 4699 illam
3040 4649 3394 4702 contemnere
3416 4661 3549 4714 prae

1961 4735 2064 4792 alia
2091 4751 2199 4792 nen
2228 4739 2314 4790 est
2341 4733 2552 4801 vitium,
2586 4730 2679 4788 sed
2708 4734 2915 4806 virtus,
2948 4738 3012 4790 ut
3035 4741 3389 4791 contemnere
3414 4733 3549 4791 divi-

1961 4828 2060 4885 tias
2087 4826 2174 4883 vel
2194 4826 2431 4883 honores
2461 4829 2689 4896 propter
2718 4825 2997 4880 virtutem.
3030 4825 3090 4880 ln
3125 4824 3325 4882 affeetu
3364 4831 3547 4883 autem

1960 4923 2311 4989 contemptus
2339 4921 2446 4986 est,
2476 4921 2574 4970 aut
2599 4912 2736 4970 velle
2766 4911 2965 4970 habere
2984 4913 3146 4972 -hanc
3187 4914 3344 4972 vilem
3384 4915 3547 4974 aesti-

1961 5008 2253 5065 mationem
2290 5005 2360 5064 de
2398 5003 2525 5076 alio,
2559 5011 2656 5061 aut
2694 5011 2845 5061 certe
2886 5004 3021 5062 velle
3062 5005 3209 5063 illam
3252 5008 3417 5065 verbo
3454 5014 3552 5065 aut

1961 5112 2122 5169 opere
2151 5095 2460 5167 ostendere,
2489 5100 2548 5152 et
2571 5097 2625 5150 in
2648 5093 2765 5151 aliis
2784 5109 3074 5168 generare:
3100 5097 3153 5153 in
3175 5113 3339 5170 opere
3360 5103 3546 5155 autem

1962 5193 2313 5258 contemptus
2340 5186 2446 5242 erit
2480 5184 2749 5258 quidquid
2774 5187 3017 5244 exterius
3054 5187 3113 5244 iit
3136 5187 3429 5244 intentione
3455 5186 3549 5244 de-

1965 5274 2225 5352 spiciendi
2253 5275 2452 5348 alium,
2484 5282 2551 5332 ut
2574 5274 2642 5332 ab
2670 5273 2786 5331 aliis
2812 5275 2967 5348 parvi
2994 5278 3309 5334 aestimetur
3326 5319 3341 5350 ,
3372 5278 3455 5334 vel
3488 5283 3550 5336 ut
