4325 6267
1709 346 1920 396 CAPUT
1947 347 2098 396 xlx.

253 468 374 535 tur,
406 478 518 519 non
545 478 671 521 esse
699 463 944 538 sublege
965 465 1188 523 fomitis.
1214 467 1598 524 Verumtamen
1628 469 1757 541 quia
1785 469 1858 526 ibi

253 568 366 609 non
409 553 632 611 disserit
673 553 876 611 Paulus
916 555 984 611 de
1023 556 1476 629 concupiscentia
1506 557 1610 613 sub
1639 559 1860 615 nomine

256 641 394 713 legis
412 684 430 715 ,
459 650 514 699 et
542 646 673 715 quia
701 644 928 713 inferius
956 643 1082 717 post
1107 653 1460 703 enumeratos
1488 648 1712 704 fructus
1743 646 1861 718 Spi-

253 732 433 803 ritus,
463 732 679 790 subdit:
724 731 1024 791 Adversus
1065 734 1410 793 huiusmodi
1450 754 1566 793 non
1604 743 1692 794 881
1734 735 1861 797 lex:

255 819 412 893 quod
439 820 510 878 de
538 820 656 893 lege
684 822 882 879 fomitis
902 822 1126 897 intelligi
1149 840 1256 881 non
1279 831 1489 898 potest,
1520 833 1575 883 et
1595 826 1722 899 quia
1744 832 1862 883 tota

253 909 490 967 intentio
516 910 670 967 Pauli
711 911 781 968 ibi
819 911 1068 985 dirigitur
1097 914 1166 970 ad
1204 914 1377 987 legem
1408 915 1672 986 scriptam
1693 956 1708 987 ,
1741 915 1860 973 ideo

258 1014 396 1056 cum
448 1003 732 1059 communi
775 1005 1040 1061 sententia
1082 1002 1441 1077 supponimus
1465 1046 1482 1077 ,
1522 1004 1752 1063 Paulum
1793 1004 1864 1063 ibi

260 1086 416 1161 loqui
442 1088 512 1145 de
539 1090 657 1163 lege
685 1098 871 1160 vetere
897 1106 996 1148 seu
1021 1094 1248 1166 scripta.

338 1184 396 1236 8.
427 1180 564 1247 Quia
591 1196 720 1237 vero
750 1181 838 1239 lex
863 1181 952 1238 illa
990 1192 1046 1239 et
1085 1182 1314 1241 moralia
1352 1190 1409 1241 et
1447 1182 1864 1241 caeremonialia

263 1277 573 1342 praecepta
599 1271 946 1343 continebat,
979 1271 1216 1329 dubitari
1257 1280 1468 1345 potest,
1502 1274 1607 1331 sub
1638 1290 1748 1347 qua
1776 1287 1865 1330 ra-

263 1360 410 1415 tione
437 1357 508 1415 de
547 1359 633 1415 illa
673 1359 952 1433 loquatur.
997 1362 1069 1418 Et
1108 1362 1327 1434 quidem
1355 1364 1721 1438 Hieronymus
1749 1364 1864 1433 epi-

261 1447 405 1504 stola
435 1452 527 1507 89.
556 1448 624 1505 ad
650 1450 885 1523 August.
918 1449 1133 1507 videtur
1161 1451 1462 1526 intelligere
1489 1451 1646 1508 illum
1675 1452 1864 1509 locum

259 1534 328 1593 de
355 1537 478 1610 lege
500 1538 684 1611 quoad
708 1547 1000 1612 praecepta
1023 1542 1460 1611 caeremonialia;
1486 1558 1612 1599 nam
1635 1542 1864 1599 coniun-

261 1628 342 1698 git
371 1642 504 1683 cum
547 1644 614 1685 eo
651 1630 1032 1701 praecedentia
1069 1631 1235 1688 verba
1262 1674 1278 1705 ,
1308 1636 1609 1689 Evacuati
1643 1634 1782 1689 estis
1822 1647 1866 1688 a

267 1716 552 1785 Christo,
597 1722 701 1790 qui
735 1722 804 1775 in
839 1718 962 1792 1898
997 1704 1457 1793 iustificamini,·
1497 1722 1586 1778 ubi
1626 1727 1863 1791 constat,

255 1820 578 1863 sermonem
611 1822 730 1863 esse
771 1807 840 1864 de
877 1808 997 1881 lege
1038 1810 1452 1882 caeremoniali,
1484 1826 1651 1883 quam
1681 1812 1864 1868 statim

256 1902 432 1952 vocat
457 1893 603 1969 idem
629 1897 990 1974 Hieronymus
1020 1904 1346 1973 praecepta
1371 1898 1627 1972 leqalia,
1667 1906 1723 1957 81
1749 1918 1866 1957 non

259 1983 450 2051 bona,
487 1990 545 2042 81
569 1985 1046 2059 iustificationis,
1079 1992 1146 2045 in
1181 1989 1389 2062 quibus
1426 2007 1545 2047 non
1573 1993 1859 2057 viverent,

239 2080 329 2137 ‚ut
359 2074 567 2137 dicitur
595 2076 796 2132 Ezech.
826 2082 921 2135 20.
952 2080 1025 2135 Et
1050 2077 1194 2135 banc
1221 2080 1614 2150 expositionem
1647 2088 1711 2137 ut
1736 2097 1864 2153 pro-

255 2164 502 2222 babilem
530 2166 636 2223 sub
663 2165 1026 2225 disiunctione
1047 2170 1202 2241 ponit
1220 2171 1387 2227 Caiet.
1418 2170 1470 2225 in
1497 2169 1690 2227 eodem
1714 2169 1859 2227 loco.

343 2259 399 2313 9.
433 2255 538 2313 Alii
563 2272 695 2313 vero
722 2257 993 2328 sentiunt,
1025 2259 1118 2316 illa
1157 2260 1324 2316 verba
1363 2259 1714 2333 intelligenda
1743 2275 1866 2317 esse

261 2342 334 2401 de
361 2344 518 2418 lege,
545 2346 708 2403 etiam
735 2346 918 2419 quoad
943 2356 1244 2420 praecepta
1273 2349 1532 2421 moralia,
1564 2350 1694 2423 quia
1723 2352 1865 2407 Pau-

262 2434 354 2491 lus
381 2434 631 2507 proxime
659 2442 784 2493 ante
812 2436 1050 2495 dixerat:
1091 2438 1299 2495 Omnis
1337 2441 1494 2496 enim
1531 2437 1630 2495 lex
1655 2441 1721 2495 in
1745 2454 1866 2495 uno

261 2540 540 2582 sermone
562 2524 873 2601 impletur.-
897 2526 1126 2600 Diliyes
1149 2532 1502 2603 proximum
1528 2535 1722 2596 tuum,
1756 2532 1876 2597 sic-2

257 2618 328 2670 ut
351 2618 408 2671 18
435 2618 658 2690 ipsum.
687 2614 845 2681 Quod
865 2624 1224 2689 praeceptum
1257 2618 1462 2675 morale
1486 2624 1588 2691 est,
1613 2624 1672 2676 et
1691 2619 1869 2675 omnia

261 2705 499 2763 moralia
539 2707 740 2766 virtute
771 2707 1041 2779 continet.
1085 2708 1156 2764 Et
1195 2710 1324 2781 quia
1363 2708 1469 2765 hoc
1511 2716 1868 2781 praeceptum

263 2812 376 2851 non
405 2794 646 2851 violatur
664 2836 680 2869 ,
708 2796 813 2852 nisi
843 2811 909 2854 ex
931 2796 1233 2855 inordinata
1256 2798 1706 2869 concupiscentia
1731 2804 1868 2857 tem-

263 2884 540 2957 poralium
566 2886 870 2957 honorum,
901 2886 1120 2945 subdit:
1163 2890 1398 2963 Spiritu
1427 2888 1763 2956 ambulate,
1815 2894 1873 2946 81

262 2973 574 3033 desideria
600 2979 804 3033 carnis
831 2993 952 3034 non
977 2976 1332 3051 perficietis,-
1360 2980 1518 3052 quasi
1560 2979 1785 3049 diceret,
1815 2986 1872 3036 et

265 3064 374 3121 hoc
405 3064 572 3122 modo
599 3064 888 3138 implebitis
916 3073 1271 3140 praeceptum
1299 3067 1462 3125 illud:
1494 3073 1631 3125 Non
1658 3084 1869 3125 coneu-

256 3158 478 3228 pisces,
515 3154 667 3228 quod
695 3156 858 3211 etiam
887 3158 1095 3214 morale
1123 3164 1239 3227 est3
1271 3164 1328 3214 81
1362 3157 1554 3215 deinde
1596 3158 1862 3232 adiungit:

265 3244 338 3299 Si
362 3246 586 3316 spiritu
613 3242 944 3309 ducimini,
993 3262 1112 3302 non
1153 3250 1293 3303 estis
1333 3246 1441 3303 sub
1467 3245 1590 3319 1898
1615 3290 1630 3315 ,
1677 3235 1867 3320 utique

266 3332 376 3389 sub
411 3332 532 3405 lege
557 3332 814 3405 diligendi
841 3335 1182 3408 proximum,
1213 3342 1268 3393 et
1301 3352 1412 3393 non
1440 3335 1871 3407 concupiscendi

263 3421 600 3479 inordinate.
638 3426 814 3495 Atque
851 3426 928 3480 ita
957 3428 1301 3497 Augustinus
1329 3424 1422 3481 lib.
1453 3423 1526 3481 de
1564 3431 1794 3497 viatura
1818 3428 1875 3481 81

262 3514 478 3583 qratia
503 3528 628 3584 cap.
659 3515 752 3570 57.
783 3512 966 3570 locum
996 3514 1142 3570 hunc
1171 3514 1425 3589 intelligit
1451 3514 1518 3571 de
1559 3514 1675 3587 lege
1695 3556 1710 3585 ‚
1739 3518 1874 3570 Non

263 3606 670 3676 concupisces.
703 3604 775 3660 Et
793 3603 998 3659 clarius
1022 3604 1248 3674 epistola
1285 3606 1370 3662 19.
1404 3604 1470 3660 ad
1503 3604 1647 3661 Hier.
1674 3605 1874 3660 rescri-

261 3689 404 3745 bens
432 3688 502 3747 ad
528 3690 652 3746 eius
677 3691 991 3762 epistolam,
1018 3691 1112 3747 ubi
1143 3692 1384 3748 reserens
1413 3692 1576 3763 paulo
1605 3698 1786 3763 antea,
1817 3698 1874 3747 et

263 3780 436 3835 tacite
465 3780 770 3851 corripiens
797 3780 1226 3852 expositionem,
1257 3794 1422 3853 quam
1453 3781 1568 3853 ipse
1599 3781 1870 3838 indicave-

261 3874 388 3941 rat,
418 3868 624 3941 inquit:
657 3873 856 3942 Neque
882 3872 1043 3927 enim
1068 3870 1178 3928 hoc
1199 3876 1449 3944 propter
1475 3872 1875 3927 circumcisio-

259 3974 402 4015 nem
425 3957 694 4015 arbitror
713 3957 936 4026 dicere,
965 3975 1072 4016 nec
1090 3965 1338 4035 propter
1357 3960 1738 4032 sacrificia...
1755 3958 1877 4018 Sed

261 4048 376 4105 hoc
401 4051 601 4123 ipsum
629 4051 840 4115 etiam,
876 4048 1031 4121 quod
1075 4048 1174 4107 lex·
1209 4050 1392 4117 iubet,
1426 4055 1563 4108 ,Non
1600 4052 1876 4124 concupi-

261 4152 424 4204 sces,
463 4136 620 4210 quod
639 4135 942 4210 fatemur,
981 4144 1135 4195 certe
1166 4140 1522 4195 christianos
1551 4136 1752 4195 debere
1780 4137 1876 4194 ob-

263 4242 529 4284 servare.-
557 4228 630 4283 Et
663 4227 796 4283 haec
826 4230 1092 4299 expositio
1121 4244 1252 4285 vera
1289 4236 1406 4299 est,
1439 4231 1483 4284 si
1514 4230 1584 4285 ita
1611 4227 1874 4301 intelliga-

262 4322 393 4383 tur,
423 4322 623 4373 utnon
663 4308 732 4373 de
763 4317 894 4374 solis
934 4320 1242 4390 praeceptis
1282 4316 1579 4375 moralibus
1607 4319 1873 4391 intelliga-

262 4412 360 4463 tur
380 4446 398 4479 ,
428 4408 576 4463 sicut
601 4422 703 4463 nec
735 4405 802 4464 de
825 4407 957 4464 solis
981 4406 1505 4479 caeremonialibus,
1537 4406 1634 4464 sed
1665 4408 1876 4478 simpli-

261 4498 409 4552 citer
434 4495 502 4552 de
535 4502 650 4553 tota
680 4497 796 4569 lege
819 4540 834 4569 ,
863 4500 1028 4555 etiam
1057 4497 1366 4555 includente
1396 4498 1622 4555 moralia
1648 4480 1874 4572 praec‘e-

261 4592 381 4659 pta.
413 4586 663 4643 Arbitror
693 4588 1024 4661 autem-hoc
1067 4604 1176 4645 nnn
1212 4604 1440 4661 negasse
1479 4590 1874 4665 Hieronymum

265 4674 440 4731 citato
471 4674 624 4747 loco,
658 4683 721 4732 ut
748 4676 928 4733 statim
959 4676 1158 4735 dicam.

346 4766 508 4821 Circa
537 4764 840 4821 secundam
861 4765 1282 4839 dubitationem,
1313 4766 1505 4824 Ambr.
1531 4782 1719 4840 supra,
1749 4782 1875 4823 esse

265 4854 378 4910 sab
403 4854 530 4926 1898
567 4853 712 4926 idem
752 4870 875 4910 esse
917 4855 1211 4927 significat,
1244 4856 1396 4929 quod
1421 4872 1542 4913 esse
1569 4857 1672 4914 sub
1702 4856 1875 4913 domi·

267 4946 364 5000 nio
404 4944 572 5016 legis,
617 4958 718 4999 seu
755 4944 948 5000 minari
987 4960 1020 4999 a
1059 4944 1198 5016 lege.
1241 4945 1378 5012 Quia
1417 4961 1547 5001 vero
1576 4962 1672 5017 per
1701 4945 1874 5017 legem

267 5034 648 5104 intellexerat,
679 5033 855 5105 legem
883 5034 1086 5091 fomitis
1116 5022 1377 5091 dominari
1403 5034 1472 5091 ab
1499 5034 1588 5091 illa
1616 5034 1754 5107 lege,
1788 5050 1876 5090 se-

271 5123 524 5181 cundum
566 5123 720 5179 illum
749 5124 855 5179 erit
891 5124 1032 5179 vinci
1057 5138 1088 5179 a
1117 5123 1235 5197 lege
1264 5124 1494 5191 fomitis,
1527 5130 1581 5179 et
1605 5140 1637 5180 a
1668 5139 1875 5179 concu-

269 5215 541 5287 piscentia
580 5212 723 5270 trahi
765 5212 832 5269 ad
873 5228 1041 5286 opera
1083 5214 1266 5271 carnis
1306 5212 1653 5286 perficienda.
1696 5214 1764 5271 Et
1802 5213 1876 5270 ita

3364 327 3437 389 71

1927 470 2181 541 exponit,
2219 472 2338 544 Qui
2361 470 2595 543 Spiritu
2618 471 2727 525 Dei
2748 467 3080 538 ducuntur,
3118 484 3235 525 non
3255 472 3403 524 sunt
3422 465 3525 523 sub

1930 556 2079 630 1898,
2130 556 2183 614 id
2224 564 2345 626 est,
2390 559 2484 631 qui
2524 555 2720 615 ducem
2766 557 2927 615 babet
2956 558 3219 630 Spiritum
3250 563 3527 626 sanctum,

1929 662 2038 703 non
2067 652 2246 719 errat,
2278 646 2363 704 lex
2385 648 2530 703 enim
2551 644 2860 704 errantibus
2882 647 3194 705 dominatur
3210 687 3225 717 ,
3256 646 3404 705 sicut
3425 644 3528 701 alio

1931 737 2058 795 loco
2087 736 2249 794 dicit:
2280 740 2447 795 Iusto
2472 753 2596 794 non
2622 742 2707 794 881
2747 735 2846 793 lex
2874 730 3117 811 posita-⁴
3140 736 3289 803 Quae
3317 735 3529 806 exposi-

1933 826 2006 883 tio
2027 842 2136 883 non
2165 825 2509 898 displiceret,
2540 828 2584 883 si
2614 827 2698 883 lex
2730 834 2920 899 posset
2948 824 2999 883 in
3019 827 3113 883 illo
3137 841 3303 883 sensu
3326 824 3526 896 accipi,

1932 922 2113 973 tamen
2142 916 2273 989 quia
2295 915 2399 973 boc
2428 932 2537 972 non
2566 922 2681 973 stat
2702 931 2830 973 cum
2853 915 3303 973 antecedentibus
3326 913 3528 986 verbis,

1931 1021 2034 1063 nec
2063 1020 2196 1064 cum
2226 1006 2616 1089 sequentibus,
2650 1022 2751 1062 nec
2792 1021 2924 1063 cum
2965 1006 3296 1079 proprietate
3338 1003 3536 1060 verbo-

1931 1112 2091 1168 rum,
2121 1113 2265 1171 quae
2306 1097 2475 1169 magis
2515 1096 2751 1169 quadrat
2792 1095 2863 1153 illi
2891 1098 3210 1166 contextui,
3241 1094 3362 1152 ideo
3390 1093 3531 1151 hanc

1931 1186 2329 1259 expositionem
2357 1185 2680 1243 omittimus.

2018 1277 2104 1331 10.
2138 1274 2507 1347 supponendo
2534 1290 2669 1349 ergo
2700 1274 2768 1331 ibi
2806 1290 2926 1332 esse
2971 1290 3281 1333 sermonem
3319 1272 3385 1329 de
3413 1272 3533 1346 1838

1932 1364 2056 1438 Dei,
2087 1365 2275 1423 obiicit
2310 1366 2381 1422 ibi
2410 1365 2629 1422 Hieron.
2662 1366 2925 1433 Quoniam
2966 1366 3012 1420 si
3054 1364 3154 1437 illi,
3198 1365 3294 1437 qui
3335 1362 3537 1435 Spiritu

1933 1453 2265 1525 ducuntur,
2306 1470 2417 1511 non
2459 1461 2592 1512 sunt
2631 1454 2735 1510 sub
2776 1454 2931 1527 lege3
2982 1468 3113 1526 ergo
3160 1452 3243 1508 vel
3293 1454 3532 1526 Moyses,

1933 1546 2142 1615 Aaron,
2175 1544 2366 1614 losue,
2397 1544 2595 1617 David,
2624 1550 2679 1600 et
2705 1543 2905 1600 similes
2934 1559 3042 1599 non
3071 1542 3298 1599 suerunt
3323 1541 3537 1612 Spiritu

1933 1633 2122 1699 ducti,
2169 1632 2253 1689 vel
2296 1649 2402 1689 non
2444 1634 2667 1690 suerunt
2708 1632 2979 1705 sublege.
3020 1633 3153 1689 Item
3182 1631 3387 1689 Paulus
3419 1629 3539 1701 Spi-

1933 1724 2040 1778 ritu
2069 1722 2378 1779 ducebatur
2398 1766 2412 1794 ,
2442 1730 2497 1780 et
2524 1724 2697 1780 inulto
2725 1724 2895 1795 magis
2924 1722 3172 1780 Christus
3202 1763 3217 1794 ,
3262 1728 3319 1777 81
3357 1727 3538 1778 tamen

1936 1819 2167 1884 uterque
2196 1812 2400 1883 ditu’tur
2432 1813 2607 1869 sactus
2641 1812 2742 1869 sub
2782 1812 2928 1885 lege,
2961 1812 3136 1870 Galat.
3171 1816 3237 1884 4,
3268 1817 3324 1869 81
3357 1816 3407 1871 1.
3439 1812 3541 1869 Co-

1933 1900 2102 1957 rinth.
2137 1906 2191 1959 9.
2223 1902 2371 1969 Quae
2400 1902 2633 1958 obiectio
2664 1903 2957 1973 praecipue
2994 1900 3211 1957 videtur
3247 1900 3374 1957 mihi
3405 1915 3540 1957 con-

1935 1991 2156 2047 vincere
2186 1998 2383 2048 contra
2413 1990 2756 2065 haereticos,
2788 2008 2906 2047 non
2933 2006 3059 2047 esse
3098 1988 3207 2046 sub
3246 1987 3393 2063 1898,
3428 2004 3539 2047 non

1933 2082 2248 2138 necessario
2280 2082 2583 2154 significare
2614 2080 2787 2152 idem,
2820 2078 2977 2153 quod
3018 2094 3139 2135 non
3174 2076 3434 2151 obliqari
3460 2076 3543 2135 18-

1933 2188 2038 2245 98.·
2065 2187 2193 2227 nam
2218 2173 2445 2228 loannes
2474 2172 2749 2244 Baptista,
2784 2170 3034 2241 Simeon,
3076 2174 3134 2225 et
3172 2168 3372 2223 similes
3401 2167 3537 2224 iusti

1935 2260 2283 2318 ducebantur
2310 2262 2519 2333 Spiritu
2541 2301 2556 2332 ,
2592 2266 2648 2316 et
2674 2259 3021 2315 nihilominus
3051 2256 3432 2329 obligabantur
3458 2257 3535 2313 le-

1937 2366 2004 2423 ge
2033 2352 2230 2407 veteri.
2262 2351 2465 2407 Deinde
2494 2352 2643 2423 cogit
2664 2349 2755 2406 illa
2776 2348 3043 2417 obiectio,
3075 2354 3136 2403 ut
3166 2347 3453 2417 fateamur,
3478 2344 3541 2402 11-

1939 2438 2045 2495 lam
2074 2438 2409 2511 particulam·
2444 2440 2550 2496 sab
2592 2438 2714 2512 1898
2758 2454 2866 2494 non
2894 2436 3142 2493 eamdem
3194 2435 3543 2507 significatio-

1936 2544 2063 2584 nem
2093 2528 2297 2585 habere
2326 2543 2543 2603 semper
2569 2529 2623 2583 in
2650 2528 2854 2598 Paulo,
2897 2526 3059 2583 etiam
3099 2530 3358 2597 respectu
3395 2523 3541 2581 eius-

1937 2616 2062 2673 dem
2091 2617 2247 2690 legis.
2287 2617 2468 2673 Prima
2510 2632 2641 2689 ergo
2683 2616 2947 2689 expositio
2976 2654 2993 2685 ,
3032 2620 3089 2672 et
3130 2614 3284 2671 valde
3322 2618 3543 2684 recepta

1937 2706 2121 2779 quoad
2149 2705 2339 2763 locum
2367 2706 2437 2763 ad
2464 2706 2639 2764 Galat.
2677 2710 2729 2777 5,
2753 2713 2867 2779 est,
2889 2719 3055 2777 eum,
3085 2706 3181 2778 qui
3204 2703 3411 2775 Spiritu
3437 2702 3541 2759 du-

1938 2798 2124 2867 citur,
2169 2812 2281 2853 non
2320 2811 2442 2852 esse
2483 2796 2587 2852 sub
2629 2795 2745 2869 lege
2786 2799 3025 2853 terrente
3074 2800 3239 2868 atque
3279 2794 3537 2864 minante,

1938 2888 2069 2961 quia
2095 2888 2202 2944 iam
2232 2902 2419 2944 amore
2446 2886 2671 2943 ducitur
2706 2891 2762 2941 et
2788 2901 2894 2943 non
2926 2887 3143 2942 timore.
3173 2885 3255 2941 Ita
3285 2882 3544 2955 Augusti-

1937 2992 2044 3033 nus
2070 2975 2125 3032 d.
2152 2991 2207 3033 c.
2235 2974 2308 3032 de
2326 2980 2560 3033 natura
2578 2980 2633 3031 81
2651 2977 2878 3047 qratia.
2901 2972 3056 3033 Unde
3076 2972 3219 3029 idem
3239 2973 3531 3045 Augustin.

1939 3071 2185 3123 enarrat.
2216 3064 2270 3120 in
2300 3064 2437 3136 psal.
2478 3069 2526 3123 1.
2561 3065 2711 3120 circa
2739 3061 2896 3133 illud,
2926 3061 3123 3119 sedin
3152 3060 3274 3133 1898
3298 3060 3545 3117 Domini

1941 3153 2217 3211 voluntas
2258 3156 2413 3220 eius,
2451 3158 2606 3209 notat
2632 3166 2751 3207 esse
2780 3150 2929 3208 aliud
2957 3165 3080 3207 esse
3107 3152 3176 3205 in
3204 3146 3360 3221 1898,
3394 3145 3542 3204 aliud

1940 3242 2047 3299 sub
2076 3241 2220 3315 1898.
2261 3243 2381 3317 Qui
2410 3246 2495 3297 est
2536 3244 2600 3297 in
2619 3234 2627 3239 '
2648 3239 2795 3313 1898,
2840 3237 3169 3296 secundum
3205 3235 3387 3309 leqem
3416 3238 3544 3307 aqi·

1939 3336 2081 3399 har,-
2111 3330 2213 3387 ille
2249 3345 2387 3402 8ν9ο
2427 3327 2575 3386 liber
2614 3334 2721 3396 881,
2769 3330 2878 3384 iste
2917 3343 3139 3384 servus.
3182 3327 3252 3383 Et
3292 3323 3542 3381 eamdem

1939 3421 2337 3491 expositionem
2366 3417 2609 3475 indicant
2647 3417 2935 3492 Chrysost.
2976 3422 3032 3473 et
3071 3412 3368 3489 Theophyl.
3413 3410 3542 3469 licet

1941 3510 2176 3567 sortasse
2204 3507 2351 3565 aliud
2392 3506 2763 3575 intendentes,
2810 3516 2871 3563 ut
2909 3506 3092 3561 statim
3133 3503 3332 3559 dicam.
3376 3502 3539 3559 Eam-

1941 3598 2064 3655 dem
2095 3604 2410 3669 sequuntur
2432 3595 2692 3652 d.Thom.
2710 3593 2949 3651 Anselm.
2968 3592 3133 3663 Beda,
3150 3592 3318 3649 Caiet.
3342 3588 3537 3661 Adam,

1941 3693 1997 3744 et
2023 3685 2181 3743 multi
2210 3685 2329 3757 alii,
2357 3690 2553 3758 estque
2584 3683 2741 3740 valde
2768 3682 3061 3756 probabilis
3088 3686 3143 3738 et
3168 3679 3473 3737 sufficiens.

2010 3781 2116 3840 ,11.
2149 3774 2335 3832 Altera
2372 3774 2637 3844 expositio
2664 3788 2785 3828 esse
2814 3776 3017 3843 potest,
3050 3776 3114 3827 ut
3138 3785 3259 3825 esse
3288 3768 3390 3825 sub
3418 3766 3539 3841 lege

1942 3865 2088 3923 idem
2127 3866 2203 3921 sit
2241 3866 2298 3920 in
2338 3864 2486 3921 dicto
2530 3862 2685 3934 loco,
2726 3861 2873 3933 quod
2904 3876 3015 3917 non
3040 3858 3287 3915 damnari
3313 3858 3458 3930 lege,
3488 3862 3543 3913 et

1944 3971 2054 4012 non
2084 3969 2208 4010 esse
2238 3969 2399 4010 reum
2428 3968 2495 4009 ex
2522 3953 2573 4009 vi
2601 3952 2771 4023 illius,
2795 3952 2927 4024 quia
2946 3949 3031 4006 lex
3052 3964 3158 4005 nou
3180 3947 3398 4004 damnat
3416 3962 3537 4017 eos,

1945 4044 2038 4118 qui
2083 4043 2229 4099 illam
2258 4042 2583 4111 observant3
2624 4042 2718 4113 qui
2758 4046 2941 4096 autem
2981 4037 3268 4095 ducuntur
3308 4036 3533 4108 Spiritu,

1945 4138 2167 4190 servant
2196 4132 2395 4206 legem,
2424 4132 2584 4188 etiam
2612 4130 2797 4203 quoad
2824 4128 2957 4186 illud
2986 4132 3372 4199 praeceptum:
3410 4128 3545 4183 Non

1945 4224 2328 4297 concupisces
2345 4242 2370 4284 ,·
2406 4229 2463 4279 et
2498 4220 2619 4277 ideo
2658 4236 2769 4275 non
2796 4219 3127 4275 damnantur
3154 4231 3186 4271 a
3214 4214 3354 4287 lege.
3386 4214 3540 4269 Hanc

1944 4312 2152 4370 indicat
2179 4313 2418 4383 August.
2459 4308 2605 4366 dicta
2642 4306 2873 4380 epistola
2907 4310 2991 4365 19.
3026 4304 3093 4361 ad
3123 4304 3539 4377 Hieronymum,

1943 4402 2166 4460 dicens:
2196 4405 2314 4459 Hos
2342 4416 2477 4473 erqo
2504 4396 2933 4456 damnabiliter
2958 4393 3104 4452 dicit
3123 4408 3246 4451 esse
3266 4392 3371 4449 sub
3393 4390 3537 4463 1898,

1943 4508 2088 4568 quos
2107 4488 2410 4562 reossacit
2430 4488 2545 4556 lex,
2574 4503 2695 4544 non
2712 4484 3024 4561 implentes
3040 4481 3244 4556 leyem,
3263 4486 3372 4537 etc.
3394 4479 3547 4546 Quae

1943 4582 2113 4640 verba
2151 4580 2322 4638 refert
2360 4579 2523 4636 etiam
2558 4577 2703 4635 Beda
2732 4576 2801 4633 ad
2828 4574 3002 4633 Galat.
3037 4580 3091 4645 5,
3124 4570 3375 4645 quamvis
3402 4571 3548 4642 prio-

1945 4689 2061 4731 rem
2107 4670 2501 4744 expositionem
2547 4669 2725 4740 magis
2774 4665 3011 4737 probare
3051 4661 3325 4719 videatur.
3356 4658 3549 4716 Ansel-

1945 4778 2070 4819 mus
2110 4762 2277 4817 etiam
2318 4765 2615 4829 utramque
2654 4756 2931 4825 reserens,
2976 4750 3119 4808 hanc
3161 4749 3313 4821 ponit
3348 4748 3567 4805 ultimo.

1945 4852 2092 4925 loco,
2125 4850 2272 4907 sicut
2296 4854 2354 4905 et
2378 4845 2639 4904 Adamus.
2669 4846 2965 4915 Potestque
2994 4839 3212 4897 suaderi
3242 4854 3307 4895 ex
3341 4838 3542 4908 verbis,

1945 4958 2086 5015 quae
2115 4939 2281 5013 paulo
2308 4938 2538 4996 inferius
2567 4942 2693 5007 post
2721 4936 3039 4989 numeratos
3066 4929 3286 4985 fructus
3315 4927 3549 4999 Spiritus

1947 5031 2120 5088 sancti
2144 5028 2352 5088 Paulus
2384 5026 2695 5097 subiungit:
2728 5020 3027 5081 Adversus
3053 5014 3403 5077 huiusmodi
3432 5031 3552 5073 non

1947 5126 2033 5177 881
2073 5119 2205 5187 leae‚·
2248 5117 2406 5191 quasi
2444 5115 2688 5185 diceret,
2720 5112 2815 5185 qui
2842 5110 2977 5168 baec
3005 5114 3300 5181 operatur,
3329 5121 3437 5162 uon
3466 5111 3554 5163 est

1949 5211 2055 5269 sub
2085 5209 2239 5284 lege,
2270 5206 2399 5281 quia
2426 5220 2537 5263 non
2566 5202 2729 5261 habet
2754 5201 2904 5260 illam
2932 5199 3030 5257 sibi
3059 5198 3415 5269 contrariam,
3444 5210 3550 5252 nec
