4325 6267
1773 341 1981 391 caru-r
2009 342 2082 389 ιι.
3406 326 3444 387 7

281 466 446 520 Date
471 463 616 521 milit
641 464 738 521 tus
765 461 1038 537 sepulm,
1075 463 1126 523 id
1156 459 1586 523 est‘l’acultatem
1609 464 1869 537 sepelien-

283 552 364 623 di,
395 559 452 610 et
477 568 529 609 c.
565 555 656 611 ³1.
687 552 756 609 de
783 553 979 622 Iacob,
1019 552 1240 627 quando
1281 553 1534 611 discessit
1573 570 1604 611 a
1643 570 1862 626 socero,

282 640 490 699 dicitur
517 641 714 699 tulisse
743 656 934 698 aecum
962 642 1164 713 omnia,
1193 660 1346 717 quae
1372 646 1526 700 turis
1555 646 1650 701 sui
1667 650 1866 710 erant:

281 738 342 786 et
365 731 562 787 similia
587 730 712 787 loca
734 738 866 789 sunt
884 730 1206 804 frequentia.
1227 735 1404 807 Atque
1427 733 1530 789 boc
1551 734 1712 791 modo
1733 730 1872 790 sumi

283 819 508 876 videtur
535 821 624 876 ius
650 820 705 876 in
733 820 770 876 l.
803 822 1055 883 iustitia,
1093 823 1145 879 ss'.
1187 822 1256 878 de
1293 823 1466 880 iustit.
1505 829 1559 880 et
1595 826 1700 880 iur.
1743 840 1874 882 cum

282 910 491 968 dicitur
517 910 718 967 iustitia
739 925 860 966 esse
884 912 1080 983 virtus,
1103 928 1242 991 quae
1269 914 1357 969 ius
1388 928 1552 969 suum
1576 914 1874 987 unicuique

285 1000 503 1077 tribuit,
535 1000 590 1056 id
617 1006 703 1058 est
729 1000 784 1057 id
813 1001 1058 1058 tribuens
1091 1003 1412 1076 unicuique,
1444 1003 1596 1077 quod
1625 1004 1692 1061 ad
1721 1003 1873 1061 illum

283 1096 522 1161 spectat:
555 1090 650 1147 illa
677 1106 810 1165 ergo
844 1092 1014 1159 actio,
1043 1108 1144 1149 seu
1172 1092 1391 1149 moralis
1418 1093 1674 1161 facultas,
1706 1110 1871 1168 quam

285 1182 678 1255 unusquisque
711 1179 878 1237 babet
905 1180 971 1237 ad
1003 1196 1119 1237 rem
1147 1199 1324 1251 suam,
1357 1182 1442 1239 vel
1473 1182 1542 1240 ad
1569 1198 1685 1240 rem
1716 1182 1784 1240 ad
1815 1198 1874 1239 se

283 1270 474 1344 aliquo
501 1270 662 1327 modo
694 1271 1078 1343 pertinentem,
1110 1278 1341 1329 vocatur
1369 1273 1479 1343 ius,
1510 1278 1564 1329 et
1582 1272 1719 1329 illud
1748 1288 1872 1347 pro-

284 1362 402 1433 prie
435 1359 652 1417 videtur
677 1376 798 1417 esse
827 1362 1106 1418 obiectum
1137 1361 1392 1418 iustitiae.
1424 1362 1561 1419 Hinc
1591 1364 1755 1418 etiam
1785 1379 1874 1419 so·

285 1450 366 1506 let
395 1450 483 1505 ius
512 1464 613 1521 pro
642 1448 1040 1507 necessitudine
1071 1452 1266 1522 accipi,
1301 1457 1363 1508 ut
1387 1450 1590 1509 dicitur
1617 1452 1667 1507 in
1697 1451 1736 1507 l.
1764 1452 1871 1509 ult.

287 1539 346 1595 ff.
379 1538 448 1595 de
478 1540 648 1596 iustit.
677 1545 735 1596 et
759 1538 864 1595 iur.
895 1538 1113 1596 videtur
1137 1542 1280 1595 enim
1309 1546 1439 1596 tunc
1472 1556 1576 1597 vox
1604 1540 1692 1597 illa
1713 1541 1878 1614 signi-

283 1630 455 1685 ficare
485 1628 772 1701 specialem
793 1627 1086 1703 quamdam
1110 1630 1496 1703 obligationem
1510 1673 1524 1702 ,
1546 1636 1643 1688 aut
1663 1630 1877 1689 relatio·

283 1734 436 1789 nem,
467 1734 610 1792 quae
637 1735 704 1775 ex
725 1720 844 1790 ipsa
863 1717 1268 1784 necessitudine
1291 1722 1557 1776 nascitur.
1572 1726 1748 1793 Atque
1771 1719 1875 1776 boc

285 1807 454 1864 modo
489 1807 691 1864 dicitur
729 1823 878 1865 unus
914 1808 1210 1865 succedere
1236 1811 1356 1865 iure
1383 1812 1696 1883 sanguinis,
1741 1804 1878 1866 alius

284 1899 411 1953 iure
447 1895 782 1969 adoptionis,
821 1897 960 1954 alius
997 1914 1126 1955 vero
1151 1900 1271 1955 iure
1302 1899 1650 1955 institutionis
1679 1914 1775 1956 seu
1798 1906 1876 1955 te-

283 1988 566 2043 stamenti.
598 1987 686 2043 Sic
715 1989 876 2043 etiam
905 1985 1109 2044 dicitur
1137 1988 1190 2043 in
1219 1988 1260 2044 1.
1290 1988 1416 2049 ius.
1452 1993 1522 2047 34
1541 2031 1557 2061 ,
1585 1989 1638 2045 ff.
1672 1988 1741 2045 (le
1783 2005 1878 2061 pa-

289 2079 424 2149 ctis,
454 2080 548 2133 ius
575 2079 938 2151 cognationis
965 2093 1082 2133 nort
1103 2093 1274 2151 posse
1312 2076 1657 2153 repudiari,-
1697 2084 1753 2135 et
1789 2079 1876 2135 ius

289 2167 632 2240 cognationis
661 2168 876 2225 restitui
905 2166 1012 2223 filio
1037 2167 1238 2224 dicitur
1265 2170 1316 2223 in
1357 2167 1393 2223 Ι.
1427 2168 1528 2225 ult.
1564 2168 1620 2225 ff.
1654 2169 1724 2227 de
1756 2186 1874 2225 sen·

292 2264 408 2312 ten.
439 2273 558 2328 pas.
590 2256 740 2314 Unde
769 2256 1062 2329 colligitur,
1095 2274 1202 2313 non
1243 2258 1542 2330 significare
1578 2261 1752 2330 ipsam
1781 2274 1878 2316 co-

289 2348 643 2418 gnationem,
675 2346 770 2402 sed
799 2346 1064 2403 ‘moralem
1100 2345 1370 2403 actionem
1407 2342 1511 2404 seu'
1540 2348 1876 2421 facultatem,

291 2451 438 2507 quae
467 2450 532 2491 ex
561 2435 650 2492 illa
673 2437 941 2505 nascitur3
971 2438 1134 2493 etsie
1163 2435 1230 2493 de
1258 2436 1398 2493 aliis.

371 2530 425 2583 5.
453 2525 610 2581 iuxta
631 2522 788 2580 aliam
809 2538 941 2581 vero
963 2524 1372 2600 etymologiam,
1392 2542 1502 2598 qua
1521 2528 1608 2583 ius
1631 2543 1662 2583 a
1689 2528 1880 2585 iuben-

290 2612 366 2668 do
391 2612 617 2683 dicitur,
638 2614 856 2685 proprie
879 2612 1096 2670 videtur
1111 2612 1198 2671 ius
1215 2615 1386 2688 legem
1412 2616 1874 2689 signiticare3bam

289 2703 378 2760 lex
405 2702 458 2757 in
486 2702 724 2758 iussione
755 2718 854 2759 seu
882 2703 1106 2777 imperio
1137 2706 1316 2777 posita
1341 2713 1448 2764 est.
1482 2708 1550 2764 Et
1577 2706 1682 2764 boc
1711 2707 1874 2766 modo

293 2797 525 2848 sumunt
566 2791 880 2864 frequenter
925 2792 1069 2850 banc
1118 2809 1308 2851 vocem
1357 2796 1723 2853 iureconsulti
1750 2841 1764 2867 ,
1817 2805 1878 2856 ut

289 2879 514 2955 quando
549 2881 758 2953 dicunt,
785 2881 887 2938 boc
919 2882 1002 2939 vel
1024 2882 1111 2939 illo
1133 2884 1250 2939 iure
1282 2885 1509 2957 utimur,
1536 2885 1640 2957 vel,
1667 2886 1773 2944 boc
1795 2894 1881 2944 est

285 2970 424 3026 certi
454 2977 515 3027 et
543 2970 810 3042 explorati
839 2971 991 3041 iuris,
1026 2978 1080 3028 et
1108 2972 1319 3029 similia.
1351 2975 1485 3031 item
1517 2975 1729 3032 videtur
1773 2976 1876 3033 hoc

285 3057 454 3116 modo
477 3058 638 3131 sumi,
656 3062 876 3133 quoties
901 3077 928 3117 a
953 3060 1101 3118 sacto
1123 3059 1501 3135 distinguitur,
1518 3070 1581 3120 ut
1603 3080 1732 3121 cum
1747 3064 1880 3121 divi·

286 3148 442 3205 ditur
467 3150 769 3220 ignorantia
799 3152 934 3207 iuris
961 3152 1028 3207 ab
1055 3153 1360 3224 ignorantia
1385 3153 1540 3221 sacti,
1575 3159 1638 3211 ut
1662 3160 1746 3211 est
1766 3153 1874 3211 sre-

291 3252 473 3310 quens
504 3240 556 3293 in
584 3238 698 3294 iure
722 3247 778 3295 et
805 3237 1146 3315 doctoribus3
1177 3247 1368 3313 estque
1409 3241 1602 3298 titulus
1647 3243 1714 3300 de
1742 3244 1880 3300 iuris

289 3333 348 3383 et
375 3327 510 3383 sacti
538 3326 960 3401 ignorantia.·Et
987 3330 1110 3387 binc
1135 3333 1305 3388 etiam
1333 3331 1410 3403 id,
1441 3330 1588 3405 quod
1627 3340 1714 3391 est
1747 3350 1880 3391 con-

289 3422 611 3473 sentaneum
646 3419 872 3489 rationi,
901 3421 1020 3475 iure
1061 3404 1435 3494 fieri'dicitur,
1474 3429 1735 3496 tanquam
1775 3424 1878 3499 legi

290 3505 594 3563 conforme.
628 3508 720 3564 Sic
760 3509 924 3565 etiam
953 3506 1168 3565 videtur
1195 3509 1445 3567 definisse
1475 3511 1560 3568 ius
1589 3512 1879 3571 Sallustius

289 3597 344 3653 in
379 3594 766 3662 Catilium-io,
797 3614 927 3654 cum
947 3596 1102 3655 dixit:
1134 3601 1238 3655 Ius
1259 3604 1345 3655 est
1363 3598 1555 3657 civilis
1576 3606 1865 3675 aequitas,

287 3681 377 3740 vel
403 3687 640 3759 scriptis
668 3684 894 3760 legibus
922 3690 1178 3752 sancita,
1205 3687 1298 3745 vel
1317 3692 1602 3749 institutis
1623 3698 1734 3749 aut
1753 3710 1876 3750 mo·

287 3774 455 3831 ribus
479 3780 740 3849 recepta.
769 3776 918 3843 Quae
946 3777 1243 3848 descriptio
1271 3778 1325 3834 in
1347 3782 1538 3852 primis
1568 3782 1632 3839 de
1656 3782 1784 3839 solis
1805 3782 1880 3840 le-

289 3864 448 3935 gibus
477 3863 728 3922 civilibus
757 3864 880 3922 data
909 3865 1146 3939 videtur,
1179 3868 1222 3922 si
1261 3876 1440 3926 tamen
1481 3872 1750 3943 particula
1792 3871 1879 3929 illa

227 4026 234 4033 ³
291 3952 475 4009 civilis
503 3954 778 4027 dematur,
817 3958 978 4012 etiam
1021 3957 1230 4031 legibus
1275 3961 1556 4017 canonicis
1593 3968 1652 4017 et
1687 3961 1881 4019 divinis

293 4046 537 4116 positivis
567 4044 726 4103 facile
753 4046 955 4118 poterit
982 4046 1248 4120 adaptari.
1280 4050 1406 4122 Legi
1431 4056 1613 4107 autem
1645 4051 1877 4108 naturali

293 4152 396 4191 non
429 4134 648 4192 videtur
675 4137 985 4209 convenire,
1017 4138 1116 4197 nisi
1145 4154 1264 4195 eam
1293 4139 1542 4196 dicamus
1582 4156 1704 4197 esse
1745 4144 1882 4198 scri-

293 4232 438 4298 ptam
465 4226 520 4282 in
559 4226 838 4283 mentibus
860 4227 1160 4300 bominum,
1195 4244 1321 4285 nam
1359 4230 1446 4285 ius
1484 4230 1644 4287 etiam
1672 4232 1740 4288 de
1769 4231 1882 4305 lege

293 4314 531 4372 naturali
558 4314 787 4386 dicitur,
811 4322 872 4373 ut
893 4324 1111 4375 constat
1136 4332 1216 4374 ex.
1233 4316 1388 4374 titulo
1417 4318 1484 4375 de
1505 4320 1626 4376 iure
1655 4327 1884 4378 natura·

293 4405 350 4476 li,
379 4406 626 4479 gentium
653 4412 709 4462 et
734 4405 904 4475 civili,
929 4404 996 4463 de
1023 4422 1132 4479 qua
1160 4406 1420 4464 divisione
1445 4408 1583 4465 inira
1610 4408 1877 4467 dicemus,

295 4493 494 4551 Deinde
516 4492 608 4550 illa
628 4492 923 4566 descriptio
943 4500 1116 4569 magis
1131 4496 1344 4553 videtur
1362 4496 1488 4554 data
1511 4512 1606 4570 per
1625 4499 1882 4557 effectum

298 4583 454 4655 legis,
486 4598 658 4657 quam
687 4599 787 4655 per
815 4584 1085 4655 propriam
1113 4587 1234 4643 eius
1271 4586 1555 4657 rationem.
1590 4588 1686 4645 Vel
1730 4596 1882 4645 certe

295 4672 515 4730 videtur
541 4673 716 4746 magis
743 4688 864 4731 esse
892 4672 1184 4747 descriptio
1222 4675 1420 4732 obiecti
1456 4680 1740 4735 constituti
1782 4694 1882 4751 per

301 4763 498 4835 legem,
528 4778 696 4837 quam
726 4764 893 4836 ipsius
923 4764 1076 4837 legis,
1107 4767 1235 4838 quia
1265 4766 1346 4822 lex
1377 4767 1658 4824 constituit
1694 4769 1880 4841 aequi·

299 4860 464 4909 tatem
483 4894 498 4924 ,
530 4851 618 4909 vel
645 4860 731 4909 est
755 4869 1010 4911 mensura
1037 4861 1091 4909 et
1117 4855 1308 4928 regula
1335 4855 1485 4927 eius3
1515 4872 1622 4913 non
1651 4862 1737 4913 est
1757 4874 1882 4930 pro-

299 4945 412 5015 prie
439 4946 558 5014 ipsa
581 4945 845 5015 aequitas.

373 5032 540 5091 Addit
560 5049 689 5093 vero
710 5033 949 5091 isidorus
968 5034 1028 5091 d.
1055 5034 1190 5092 libro
1216 5041 1270 5093 5.
1301 5036 1534 5109 Οήςίπ.
1557 5053 1611 5093 c.
1641 5041 1696 5111 3,
1720 5038 1808 5094 ius
1828 5044 1886 5095 et

306 5122 476 5196 legem
505 5124 816 5193 comparari
845 5130 906 5180 ut
929 5139 1106 5198 genua
1131 5130 1188 5181 et
1214 5125 1477 5197 speciem3
1503 5140 1628 5182 nam
1656 5126 1741 5182 ius
1763 5126 1884 5183 vult

303 5226 422 5270 esse
448 5227 649 5288 genus,
681 5213 849 5287 legem
877 5227 1007 5269 vero
1034 5213 1289 5286 speciem.
1317 5214 1386 5270 Et
1405 5214 1669 5271 rationem
1691 5214 1881 5273 redde·

1945 480 2007 521 re
2033 463 2273 535 videtur,
2302 464 2431 539 quia
2458 466 2543 521 ius
2570 465 2865 541 legibuset
2890 466 3131 525 moribus
3161 472 3397 525 constat.
3414 468 3523 527 Lex

1941 560 2123 611 autem
2161 561 2250 612 est
2274 555 2593 613 constitutio
2621 558 2857 629 scripta,
2885 565 2943 614 et
2970 558 3204 615 babetur
3233 558 3285 613 in
3312 573 3435 630 cap.
3466 564 3527 631 2,

1944 650 2000 717 3,
2029 652 2084 703 et
2113 649 2172 716 ⁴,
2201 644 2258 702 d.
2292 650 2339 703 1.
2365 647 2432 703 Et
2462 644 2680 703 videtur
2700 648 2937 721 sequid.
2961 648 3193 705 Thomas
3215 652 3532 721 2.2,q.57‚

1943 740 2048 792 art.
2087 738 2135 793 1.
2170 734 2235 792 ad
2266 739 2324 807 2,
2354 734 2565 809 dicens,
2594 736 2869 793 'rationem
2907 738 3067 811 aequi
3102 743 3157 793 et
3193 736 3355 808 iusti,
3404 737 3448 793 si
3479 738 3533 793 in

1946 826 2214 895 scriptum
2245 824 2552 901 redigatur,
2587 841 2708 881 esse
2736 825 2927 897 legem.
2959 828 3031 883 Et
3058 826 3312 883 videntur
3338 842 3529 899 sump-

1945 914 2078 969 sisse
2103 930 2173 971 ex
2202 916 2510 987 Augustino
2536 914 2630 971 lib.
2666 920 2755 973 83.
2788 930 2883 987 qq.
2914 930 2969 987 q.
3012 918 3101 973 31.
3138 914 3371 972 dicente:
3402 918 3531 973 Lex

1946 1005 2042 1059 ius
2061 1008 2165 1070 est,
2190 1001 2346 1076 quod
2368 1006 2437 1059 iu
2460 1019 2527 1060 eo
2548 1006 2785 1077 scripto,
2805 1000 2957 1077 quod
2966 1003 3185 1077 populo
3200 1007 3531 1077 expositum

1945 1095 2048 1159 est,
2076 1097 2144 1148 ut
2168 1090 2445 1159 observet,
2482 1094 2829 1149 continetur.
2856 1096 2925 1149 At
2951 1108 3078 1150 vero
3106 1109 3137 1149 e
3159 1094 3431 1151 contrario
3450 1096 3539 1152 Ci-

1943 1196 2074 1237 cero
2105 1181 2197 1237 lib.
2240 1186 2287 1253 i,
2318 1188 2375 1238 et
2400 1186 2453 1239 2.
2486 1180 2558 1239 de
2584 1181 2809 1255 legibus
2840 1182 3013 1238 solam
3040 1181 3184 1239 illam
3210 1188 3369 1255 putat
3406 1198 3529 1241 esse

1946 1270 2221 1342 propriam
2252 1270 2448 1343 legem,
2480 1286 2623 1343 quae
2650 1274 2705 1327 in
2735 1272 2941 1328 ratione
2967 1277 3083 1343 est,
3116 1272 3374 1343 scriptam
3406 1288 3533 1329 vero

1946 1362 2190 1416 exterius
2216 1358 2353 1417 dicit
2378 1376 2499 1415 esse
2524 1361 2862 1433 populariter
2887 1360 3083 1433 legem.
3114 1360 3269 1421 Unde
3295 1359 3529 1429 divinam

1948 1455 2187 1507 mentem
2218 1456 2378 1507 vocat
2406 1466 2675 1507 summam
2696 1450 2891 1524 legem,
2916 1450 3109 1507 deinde
3128 1450 3395 1507 rationem
3415 1450 3529 1508 exi·

1951 1544 2183 1595 stentem
2206 1538 2259 1595 in
2280 1546 2459 1597 mente
2482 1539 2754 1612 sapientis,
2780 1540 2956 1613 legem
2978 1554 3106 1597 vero
3130 1540 3389 1612 scriptam
3416 1554 3531 1595 ma-

1945 1628 2030 1700 gis
2057 1628 2297 1699 nomine,
2322 1644 2487 1703 quam
2518 1645 2579 1687 re
2607 1630 2781 1703 legem
2804 1629 3086 1702 appellari.
3112 1629 3222 1687 lam
3244 1645 3374 1686 vero
3396 1646 3537 1687 usus

1949 1715 2205 1786 obtinuit,
2235 1724 2298 1777 ut
2328 1720 2412 1775 lex
2440 1719 2715 1791 descripta
2741 1728 2799 1777 et
2826 1736 2934 1776 non
2963 1721 3168 1791 scripta
3204 1721 3425 1792 proprie
3450 1720 3533 1777 (li-

1946 1811 2139 1879 catur,
2180 1812 2234 1864 et
2268 1810 2345 1865 ita
2377 1810 2484 1882 ius,
2529 1815 2696 1881 prout
2734 1808 2914 1881 legem
2955 1810 3243 1882 significat,
3276 1825 3407 1866 cum
3442 1809 3533 1866 illa

1945 1896 2316 1970 convertitur,
2348 1904 2404 1953 et
2430 1905 2693 1971 tanquam
2719 1897 3000 1974 synonima
3030 1903 3375 1970 reputantur.

2025 1989 2080 2043 6.
2110 1986 2247 2043 Hinc
2276 2002 2403 2043 vero
2444 1987 2753 2044 derivatum
2802 1994 2889 2044 est
2927 2002 3119 2045 nomen
3157 1988 3295 2044 iuris
3328 1986 3396 2044 ad
3432 1987 3539 2045 alia

1948 2074 2218 2145 quaedam
2246 2076 2567 2149 significata,
2598 2076 2664 2133 ad
2694 2092 2839 2151 quae
2868 2076 3221 2151 significanda
3262 2076 3405 2150 legis
3432 2094 3538 2134 vox

1951 2163 2215 2221 translata
2241 2181 2349 2221 non
2376 2172 2483 2223 est.
2515 2167 2649 2223 Nam
2680 2166 2806 2223 binc
2834 2174 2993 2224 actus
3021 2166 3216 2224 iudicis
3264 2167 3405 2225 solet
3439 2183 3539 2224 no-

1952 2254 2094 2311 mine
2124 2255 2258 2310 iuris
2288 2254 2571 2327 appellari,
2606 2255 2689 2311 vel
2720 2256 2845 2329 quia
2886 2256 3193 2313 secundum
3239 2256 3389 2329 leges
3427 2256 3541 2313 fieri

1948 2342 2132 2412 debet,
2161 2344 2249 2401 vel
2276 2348 2407 2418 quia
2432 2346 2708 2403 interdum
2726 2346 2939 2403 videtur
2958 2348 3115 2419 quasi
3135 2346 3311 2420 legem
3331 2346 3537 2403 consti·

1952 2441 2129 2504 tuere,
2159 2442 2217 2491 et
2242 2435 2321 2491 sic
2353 2434 2552 2492 dicitur
2578 2435 2765 2506 iudex,
2798 2451 2928 2492 cum
2956 2452 3159 2493 munus
3188 2452 3353 2493 suum
3379 2452 3539 2494 exer-

1951 2531 2062 2597 cet,
2093 2527 2177 2581 ius
2206 2524 2409 2595 dicere3
2442 2524 2591 2583 unde'
2614 2533 2700 2583 est
2720 2526 2911 2584 titulus
2934 2526 2991 2582 ff.
3009 2526 3055 2582 si
3075 2527 3199 2600 quis
3222 2526 3307 2583 ius
3328 2525 3533 2583 dicenti

1949 2630 2056 2670 non
2086 2615 2455 2687 obtemperav.
2488 2622 2543 2671 et
2570 2630 2623 2671 c.
2658 2620 2712 2673 2.
2745 2612 2811 2671 de
2836 2616 3024 2672 const.
3052 2614 3103 2669 in
3127 2618 3183 2685 6,
3206 2612 3410 2671 dicitur
3430 2629 3533 2670 ex·

1950 2708 2052 2761 tra
2077 2707 2447 2763 territorium
2482 2695 2581 2761 iu's
2618 2702 2833 2761 dicenti
2864 2708 3106 2779 impune
3140 2720 3260 2761 non
3293 2703 3537 2766 obediri,-

1957 2792 2108 2867 quod
2140 2784 2251 2850 t‘am
2292 2792 2359 2851 de
2398 2794 2897 2867 sententia,·quam
2933 2792 3000 2850 de
3038 2792 3155 2866 lege
3192 2808 3293 2850 seu
3328 2799 3537 2850 statuto

1953 2882 2174 2957 intelligi
2200 2888 2405 2955 potest.
2437 2884 2551 2939 imo
2582 2882 2635 2938 in
2664 2881 2703 2939 Ι.
2734 2882 2941 2954 penult.
2974 2883 3027 2939 ir.
3072 2881 3141 2939 de
3167 2885 3298 2940 iust.
3328 2888 3388 2939 et
3410 2884 3529 2938 iure

1950 2970 2154 3029 dicitur
2184 2972 2344 3029 iudex
2373 2974 2461 3029 ius
2490 2971 2741 3040 reddere,
2770 2974 2933 3029 etiam
2972 2988 3101 3029 cum
3130 2972 3315 3045 inique
3341 2970 3529 3028 decer-

1955 3062 2058 3133 nit,
2091 3078 2199 3117 non
2227 3061 2413 3118 habito
2434 3068 2691 3134 respectu
2711 3061 2873 3133 adid,
2900 3060 3049 3134 quod
3069 3060 3222 3130 facit,
3250 3059 3345 3116 sed
3367 3058 3436 3115 ad
3458 3058 3533 3131 id,

1949 3149 2101 3225 quod
2124 3150 2307 3207 facere
2328 3149 2507 3208 debet.
2534 3153 2820 3208 Praeterea
2848 3148 2951 3206 boc
2976 3149 3139 3205 modo
3159 3147 3357 3205 dicitur
3370 3147 3537 3205 iudex

1949 3226 2239 3297 subditum
2260 3242 2313 3297 in
2336 3240 2423 3298 ius
2444 3256 2666 3313 vocare,
2691 3242 2881 3313 utique
2902 3240 3037 3295 iuris
3058 3235 3380 3310 experiundi
3400 3252 3535 3293 cau-

1951 3346 2032 3401 sa,
2061 3336 2126 3386 ut
2151 3329 2350 3387 dicitur
2380 3331 2434 3386 in
2463 3331 2499 3387 l.
2542 3334 2588 3387 1.
2622 3330 2677 3385 ff.
2703 3329 2849 3386 dein
2876 3328 2962 3385 ius
2981 3325 3252 3397 vocando,
3284 3326 3536 3398 quamvis

1950 3427 2139 3492 posset
2163 3417 2301 3476 illud
2327 3417 2552 3491 intelligi
2580 3417 2647 3475 de
2674 3418 2960 3475 vocatione
2998 3416 3068 3473 ad
3102 3416 3285 3473 locum
3324 3414 3531 3473 iudicii.

1950 3510 2088 3566 Nam
2112 3525 2215 3565 vox
2236 3508 2375 3566 haec
2397 3509 2558 3565 etiam
2580 3507 2649 3566 ad
2670 3504 3084 3580 significandum
3106 3506 3311 3577 locum,
3327 3519 3435 3577 quo
3455 3504 3539 3561 iu-

1951 3598 2155 3657 dicium
2183 3606 2497 3669 exercetur,
2520 3598 2783 3655 translata
2804 3603 2907 3665 est,
2935 3603 2999 3653 ut
3017 3602 3241 3653 notatur
3268 3595 3321 3649 in
3348 3593 3537 3652 eadem

1951 3687 1987 3744 1.
2021 3688 2233 3760 penult.
2264 3688 2322 3744 ff.
2356 3688 2422 3745 de
2448 3688 2579 3745 iust.
2620 3693 2677 3746 et
2700 3688 2807 3743 iur.
2839 3686 2993 3744 Unde
3030 3684 3175 3759 apud
3212 3682 3406 3743 latinos
3446 3686 3539 3740 ire

1950 3782 2130 3835 iuius
2152 3776 2297 3834 idem
2320 3778 2588 3852 est,quod
2611 3776 2681 3834 ad
2701 3778 3036 3849 praetorium
3065 3790 3161 3832 seu
3184 3774 3368 3832 sedem
3382 3776 3538 3847 prab-

1954 3868 2088 3925 toris
2115 3869 2215 3939 ire,
2244 3873 2310 3925 ut
2336 3882 2403 3924 ex
2430 3871 2623 3924 Donat.
2652 3858 2863 3923 Victor.
2896 3872 2955 3921 et
2980 3864 3165 3921 multis
3190 3864 3349 3921 iurib.
3383 3868 3539 3919 notat

1951 3958 2193 4015 Brisson.
2225 3972 2413 4029 supra.
2445 3958 2561 4014 lmo
2592 3962 2649 4012 et
2690 3953 2746 4012 d.
2782 3954 3019 4011 Thomas
3056 3966 3226 4024 supra
3261 3952 3331 4009 ad
3377 3955 3425 4010 1.
3468 3953 3539 4009 ita

1953 4047 2363 4118 interpretatur,
2388 4062 2518 4103 cum
2539 4044 2742 4101 dicitur
2763 4044 2955 4116 aliquis
2976 4056 3297 4113 comparere
3318 4041 3371 4097 in
3394 4042 3531 4097 iure.

1951 4137 2052 4197 Ubi
2083 4135 2232 4193 addit
2266 4138 2431 4193 etiam
2470 4134 2629 4191 aliam
2668 4134 3116 4207 significationem
3159 4130 3322 4187 buius
3360 4130 3530 4202 vocis,

1953 4243 2079 4284 nam
2106 4230 2225 4299 ipsa
2250 4228 2411 4283 etiam
2434 4241 2549 4297 ars,
2566 4239 2674 4298 qua
2696 4223 3049 4293 discernitur,
3064 4220 3195 4295 quid
3218 4222 3289 4278 sit
3308 4220 3536 4290 iustum,

1953 4316 2090 4373 dicit
2119 4314 2411 4389 aliquando
2438 4314 2623 4371 vocari
2655 4314 2760 4370 ius.
2792 4314 2865 4370 Et
2892 4313 2970 4368 sic
3012 4312 3175 4368 tacite
3204 4309 3420 4367 videtur
3446 4326 3538 4367 ex-

1953 4423 2156 4480 ponere
2186 4406 2389 4463 dictam
2420 4407 2456 4462 l.
2498 4412 2545 4463 l.
2580 4405 2635 4461 ff.
2668 4404 2735 4462 de
2762 4405 2895 4461 iust.
2928 4410 2983 4460 et
3012 4403 3119 4458 iur.
3158 4400 3251 4458 ubi
3277 4400 3539 4473 Ulpianus

1952 4496 2140 4567 refert,
2172 4504 2229 4553 et
2254 4496 2453 4567 probat
2479 4494 2845 4551 definitionem
2869 4493 3012 4551 Celsi
3038 4490 3288 4549 dicentis:
3321 4494 3427 4547 Ius
3452 4496 3539 4549 est

1954 4603 2060 4644 ars
2089 4585 2223 4642 boni
2250 4591 2307 4642 et
2334 4586 2532 4659 aequm
2560 4598 2688 4640 nam
2717 4583 2853 4641 baec
2881 4581 3116 4640 delinitio
3146 4595 3255 4637 non
3283 4587 3393 4636 tam
3436 4581 3537 4652 ipsi

1953 4679 2080 4751 legi,
2114 4692 2283 4750 quam
2312 4672 2767 4748 iurisprudentiae
2804 4674 3097 4729 convenire
3134 4669 3383 4739 videtur,
3432 4670 3539 4725 nisi

1959 4783 2050 4824 ars
2093 4766 2199 4823 late
2242 4771 2492 4822 sumatur
2520 4779 2622 4836 pro
2648 4777 3001 4835 quacumque
3026 4760 3239 4817 ratione
3266 4775 3365 4817 seu
3392 4774 3541 4817 men·

1953 4873 2085 4914 sura
2110 4855 2453 4929 operationis.
2892 4897 2903 4907 .

2034 4949 2088 5005 7.
2117 4947 2239 5002 Duo
2269 4944 2487 5002 tandem
2516 4948 2813 5015 supersunt
2839 4939 3188 4997 declaranda.
3220 4940 3403 4997 Unum
3434 4944 3539 5007 est,

1953 5034 2235 5110 quomodo
2264 5035 2349 5090 ius
2378 5031 2651 5090 interdum
2680 5032 2747 5088 ab
2774 5045 2951 5103 aequo
2980 5035 3036 5086 et
3062 5029 3205 5086 bono
3246 5028 3549 5103 distingua-

1956 5133 2067 5198 tur,
2099 5125 2144 5181 si
2174 5124 2303 5181 nibil
2332 5122 2477 5180 aliud
2506 5130 2591 5180 est
2616 5123 2726 5193 ius,
2753 5136 2922 5195 quam
2946 5120 3122 5192 ipsum
3144 5121 3377 5187 iustum,
3396 5118 3543 5191 quod

1954 5214 2116 5274 etiam
2145 5220 2231 5272 est
2258 5214 2434 5284 ipsum
2466 5227 2703 5285 aequum
2729 5216 2785 5268 et
2808 5210 3042 5284 bonum3
3074 5208 3178 5280 vel,
3210 5210 3254 5263 si
3293 5213 3544 5263 sumatur
