4325 6267
1685 325 1897 376 CAPUT
1923 326 2170 378 XXXIV.

283 461 348 512 et
381 455 464 514 sic
503 455 570 514 de
599 456 736 514 aliis.
769 459 997 528 Semper
1025 461 1207 513 autem
1237 454 1618 528 supponimus,
1648 458 1706 510 et
1731 453 1878 525 leges

285 562 410 604 esse
435 549 636 614 iustas,
667 555 726 604 et
748 548 1024 619 respicere
1054 547 1194 604 bona
1221 547 1274 604 in
1301 546 1394 603 tali
1420 545 1544 603 loeo
1565 543 1876 614 existentia,

289 653 392 693 seu
423 637 663 694 actiones
685 636 753 694 ibi
771 635 966 708 iactas,
991 639 1120 711 quia
1140 636 1348 694 ratione
1371 635 1478 693 loci
1499 635 1698 693 debent
1717 632 1880 690 subdi

287 727 657 786 iurisdictioai
699 727 845 785 illius
872 727 1154 794 territorii,
1183 729 1396 786 etiamsi
1423 742 1658 800 persona
1685 740 1881 782 secun-

287 817 424 875 dum
453 833 544 890 se,
572 823 630 876 et
664 816 848 891 quoad
887 817 1224 875 conditiones
1263 817 1606 889 personales,
1637 831 1736 873 seu
1761 815 1884 872 abs·-

287 907 570 965 trahentes
607 922 639 964 a
679 905 808 964 loco
831 949 846 980 ,
891 923 996 964 non
1037 909 1110 964 sit
1149 906 1366 964 subdita
1394 948 1409 975 ,
1451 914 1512 964 ut
1553 907 1716 964 latius
1753 904 1886 962 dicti

291 1006 512 1056 actores
552 1004 987 1072 prosequuntur.
1025 999 1124 1055 Hic
1161 998 1496 1056 occurrebat
1532 997 1780 1071 quaestio
1817 995 1884 1054 de

291 1091 547 1159 tributis,
587 1106 656 1148 an
693 1090 1014 1163 peregrinus
1043 1096 1295 1148 teneatur
1318 1105 1384 1147 ea
1410 1088 1660 1160 solvere3
1687 1103 1754 1145 ex
1779 1087 1886 1143 eis·

295 1180 420 1238 dem
456 1170 640 1237 tam‘en
683 1181 965 1253 principiis
1000 1180 1300 1238 definienda
1326 1188 1430 1238 est.
1461 1181 1594 1237 Nam
1623 1181 1668 1236 si
1693 1179 1887 1236 debea-

298 1278 391 1326 tur
418 1271 682 1328 tributum
721 1271 928 1327 ratione
950 1270 1026 1326 rei
1047 1253 1324 1328 existentis
1353 1271 1404 1326 in
1433 1270 1579 1342 loco,
1609 1269 1694 1327 vel
1721 1269 1888 1326 actio·

295 1359 380 1415 nis
403 1401 418 1430 ,
451 1375 594 1431 quae
621 1361 677 1415 in
707 1358 947 1445 talioloco
977 1359 1055 1430 tit,
1085 1360 1246 1417 etiam
1275 1359 1479 1416 advena
1507 1358 1643 1417 illud
1673 1359 1885 1433 solvere

297 1451 597 1522 tenebitur,
641 1465 736 1522 per
764 1465 821 1506 se
849 1448 1145 1523 loquendo,
1175 1457 1232 1506 et
1258 1450 1540 1523 supposita
1567 1449 1768 1507 iustitia
1797 1449 1890 1506 tri·

296 1537 440 1613 buti3
475 1556 586 1597 non
613 1554 744 1596 vero
773 1539 896 1608 alia,
927 1553 1070 1612 quae
1096 1539 1400 1611 personalia
1427 1546 1574 1598 sunt.
1602 1541 1677 1598 De
1697 1555 1807 1613 qua
1829 1555 1888 1598 re

297 1635 409 1687 tota
434 1629 599 1702 plura
623 1630 674 1686 in
705 1628 846 1686 libro
870 1627 1239 1688 V.'dicemus.

781 1821 1059 1892 CAPUT
1102 1821 1410 1891 XXXIV.

541 2021 754 2080 mmm
780 2017 934 2092 leqes
960 2017 1157 2075 civiles
1183 2021 1380 2075 iustae
1406 2015 1661 2092 obliqent

715 2107 1155 2166 ecclesiasticas
1170 2123 1488 2184 personas.

835 2287 1368 2352 Sam-ariam

307 2483 360 2531 1.
387 2480 540 2532 Ratio
569 2477 838 2530 dubitandi
871 2479 924 2528 in
959 2477 1054 2528 hac
1089 2479 1389 2543 quaestione
1423 2483 1504 2528 est
1528 2483 1739 2542 propter
1765 2476 1904 2540 leges

377 2550 576 2600 civiles.
603 2577 673 2586 —
696 2549 772 2600 Ex
805 2547 1116 2613 philosophis
1151 2549 1234 2598 lex
1267 2547 1416 2598 affert
1447 2549 1548 2598 vim
1573 2545 1807 2610 cogendi.
1835 2574 1906 2584 --

375 2620 426 2670 2.
457 2619 806 2680 Ecclesiastiei
825 2631 856 2668 a
875 2625 1130 2682 potestate
1149 2619 1289 2668 civili
1309 2620 1602 2669 eximuntur
1626 2617 1792 2683 quoad
1811 2618 1905 2669 tri-

377 2691 586 2740 bunalia
620 2703 918 2749 causarum,
955 2696 1058 2739 tam
1089 2688 1578 2750 ecclesiasticarum,
1604 2701 1754 2752 quam
1776 2696 1905 2738 tem-

381 2761 634 2824 poralium
653 2762 762 2811 sive
780 2760 1010 2810 civilium
1030 2760 1138 2809 sive
1156 2759 1515 2809 criminalium.
1537 2786 1606 2795 —
1627 2757 1677 2808 3.
1701 2757 1910 2820 Quando

383 2831 464 2880 lex
495 2831 664 2880 civilis
697 2838 778 2880 est
811 2829 1010 2879 directe
1035 2829 1114 2879 vel
1141 2828 1391 2882 indirecte
1415 2835 1595 2880 contra
1621 2828 1910 2878 immunita-

383 2909 486 2950 tem
504 2901 922 2951 eeelesiasticam.
943 2927 1014 2936 -
1031 2899 1083 2949 4.
1101 2900 1170 2950 De
1191 2899 1410 2963 legibus,
1429 2910 1561 2963 quae
1579 2899 1776 2949 servari
1795 2911 1908 2962 pos-

381 2977 502 3020 sunt
539 2983 568 3020 a
606 2971 808 3020 clericis
843 2971 956 3020 sine
991 2969 1276 3019 indecentia
1301 2976 1388 3019 aut
1413 2969 1722 3032 gravamine.
1753 2995 1823 3004 —
1848 2968 1899 3019 5.

382 3041 646 3090 Sententia
677 3041 892 3090 Navarri
916 3039 980 3089 de
1005 3040 1056 3090 vi
1079 3039 1328 3090 directiva
1355 3039 1485 3100 legis
1507 3039 1644 3088 circa
1670 3038 1910 3088 ecclesia-

383 3119 428 3160 st
437 3112 560 3161 ieos.
583 3137 652 3146 —
671 3110 897 3160 Primum
917 3109 1316 3160 fundamentum.
1338 3135 1409 3145 —
1424 3107 1710 3158 Secundum
1730 3121 1787 3157 ac
1804 3116 1910 3158 ter-

388 3183 536 3232 tium.
573 3208 642 3216 —
676 3176 728 3230 6.
765 3181 1051 3230 Communis
1091 3179 1348 3230 sententia
1379 3179 1657 3240 affirmanS,
1695 3179 1910 3229 clericos

385 3251 552 3301 teneri
575 3250 638 3300 ad
661 3247 934 3301 servandas
959 3251 1098 3312 leges
1116 3250 1388 3300 civiles.—-
1409 3248 1458 3297 7.
1483 3249 1648 3299 Prima
1667 3248 1800 3299 ratio
1817 3261 1912 3313 pro

387 3319 482 3371 hae
506 3322 780 3372 sententia.
807 3347 875 3356 —
901 3321 952 3371 8.
981 3321 1089 3382 Quo
1112 3333 1166 3370 se
1189 3318 1430 3370 extendat
1449 3317 1574 3368 haec
1593 3319 1743 3368 ratio.
1766 3345 1836 3356 -—
1854 3320 1906 3370 9.

384 3391 662 3454 Responsio
685 3391 991 3454 aliquorum.
1020 3417 1090 3426 —
1115 3389 1463 3454 impugnatur.
1491 3415 1560 3424 —
1587 3388 1673 3439 10.
1701 3389 1812 3439 Alia
1831 3401 1912 3440 ra-

385 3462 461 3512 tio
493 3461 792 3524 proponitur
818 3473 910 3524 pro
933 3460 1186 3510 communi
1209 3459 1486 3510 sententia.
1513 3485 1582 3494 —
1611 3459 1693 3507 11.
1721 3458 1914 3509 Confir-

385 3539 577 3598 matur.
606 3557 674 3568 —-
701 3530 784 3581 12.
823 3531 1152 3594 Impugnatur
1184 3530 1358 3580 etiam.
1385 3555 1456 3566 -·
1483 3529 1568 3580 13.
1595 3528 1775 3579 Verior
1809 3543 1914 3582 mc-

387 3602 486 3652 dus
521 3600 742 3651 dicendi.
761 3627 832 3636 —
859 3601 940 3651 14.
969 3601 1132 3664 Leges
1163 3600 1342 3650 civiles
1366 3601 1532 3650 iustae
1555 3611 1656 3648 non
1687 3611 1914 3663 compre-

385 3671 616 3722 hendunt
653 3671 867 3722 clericos
901 3671 1068 3734 quoad
1103 3671 1206 3720 vim
1239 3671 1538 3721 coactivam.
1577 3695 1646 3706 —-
1687 3669 1769 3719 15.
1801 3669 1912 3719 Alia

389 3741 696 3795 differentia.
725 3768 794 3794 .—
821 3740 907 3790 ¹6.
928 3741 1244 3792 Consecutio.
1270 3767 1338 3776 —-
1355 3740 1604 3791 obviatur
1630 3739 1915 3789 obiectiun-

390 3815 556 3864 culae.
584 3839 654 3848 —
682 3811 765 3860 17.
787 3811 922 3860 Bene
939 3818 1108 3874 potest
1127 3811 1312 3874 aliquis
1331 3810 1496 3860 teneri
1518 3810 1804 3874 praeceptis
1823 3811 1916 3860 ali-

389 3884 569 3945 cuius,
608 3895 636 3932 a
661 3895 765 3946 quo
787 3895 880 3945 per
903 3893 1112 3944 poenam
1135 3882 1250 3944 cogi
1275 3881 1472 3944 nequit.
1500 3906 1568 3916 -
1597 3879 1681 3930 18.
1709 3879 1916 3941 Quando

393 3955 532 4018 leges
563 3952 744 4002 civiles
767 3949 888 4000 liant
916 3951 1063 4013 tales,
1092 3958 1148 4000 ut
1173 3951 1402 4014 obligent
1424 3949 1816 4001 ecclesiasticos.
1847 3977 1916 3988 -

391 4025 584 4075 Bonum
605 4035 869 4073 commune
893 4022 1104 4070 maxime
1128 4020 1265 4071 cadit
1289 4022 1388 4071 suh
1410 4021 1742 4082 obligatione,
1763 4026 1816 4069 et
1833 4027 1914 4072 est

391 4095 627 4146 omnibus
651 4093 767 4142 aliis
791 4090 1197 4155 praeferendum.
1228 4117 1297 4127 —-
1325 4092 1407 4142 19.
1435 4091 1486 4139 Si
1509 4091 1591 4140 lex
1615 4089 1683 4139 sit
1707 4090 1842 4140 iusta
1860 4097 1915 4140 et

389 4155 677 4228 generalis,
715 4161 778 4212 de
815 4161 1140 4212 incommodis
1175 4160 1576 4224 particularibus
1601 4173 1700 4209 non
1723 4167 1804 4210 est
1826 4173 1915 4210 cu-

393 4234 627 4286 randum.
640 4231 807 4283 —20.
831 4233 872 4282 A
884 4230 1144 4296 praedicta
1163 4231 1476 4282 resolutione
1494 4229 1746 4292 excipitur
1758 4230 1913 4294 Papa,

391 4305 620 4357 Ecclesia
646 4316 738 4353 seu
762 4302 1150 4352 communitates
1171 4300 1572 4362 ecclesiasticae,
1596 4305 1650 4350 et
1676 4300 1756 4364 pia
1785 4300 1915 4363 loca,

393 4382 652 4440 quatenus
685 4371 892 4437 speciali
926 4371 1097 4436 aliquo
1119 4371 1391 4436 privilegio
1413 4369 1663 4432 gaudent:
1693 4372 1918 4436 itemque

393 4457 611 4512 persona
633 4443 854 4495 illustris
869 4478 885 4505 ,
911 4453 1043 4506 quae
1065 4441 1232 4492 simile
1254 4441 1580 4507 privilegium
1601 4439 1775 4492 habet.

411 4627 460 4681 1.
492 4619 749 4689 Quaestio
779 4615 926 4674 haec
963 4617 1193 4696 pertinet
1227 4615 1296 4673 ad
1323 4609 1610 4672 materiam*
1629 4613 1697 4672 de
1725 4614 1920 4672 immu-

327 4715 494 4771 nitate
522 4709 1024 4770 eeclesiasticarum
1055 4721 1450 4780 personarum,
1478 4723 1602 4763 nam
1623 4705 1770 4763 illam
1791 4721 1921 4778 sup-

329 4806 500 4878 ponit,
531 4803 668 4860 etin
697 4801 812 4858 sola
843 4799 934 4856 illa
965 4798 1260 4871 fundatur3
1288 4815 1396 4856 non
1426 4802 1606 4870 potest
1632 4804 1810 4853 tamen
1830 4795 1920 4852 hic

335 4896 551 4954 omnino
593 4891 982 4968 praetermitti,
1025 4891 1154 4963 quia
1193 4889 1500 4946 necessaria
1539 4895 1625 4944 est
1663 4887 1728 4944 ad
1757 4885 1924 4960 expli-

331 4986 567 5044 candam
607 4983 986 5041 limitationem
1026 4978 1111 5038 vel
1153 4979 1520 5036 extensionem
1557 4977 1742 5051 legum
1787 4977 1920 5035 civi·

328 5077 492 5150 lium,
519 5083 579 5134 et
603 5073 952 5132 efficacitatis
975 5087 1165 5128 earum
1187 5071 1338 5127 circa
1357 5083 1616 5141 personas
1635 5073 1922 5124 extraneas

333 5187 364 5228 a
394 5167 774 5226 iurisdictione
813 5163 973 5221 civili.
1007 5161 1164 5220 Ratio
1192 5175 1324 5234 ergo
1351 5156 1632 5216 dubitandi
1658 5161 1762 5228 est,
1794 5157 1922 5230 quia

213 5299 240 5320 .
332 5261 484 5338 leges
506 5258 690 5317 civiles
712 5253 1019 5330 procedunt
1039 5269 1070 5308 a
1093 5249 1466 5309 iurisdictione
1492 5247 1794 5322 temporali;
1811 5245 1920 5304 cle-

493 5375 690 5426 Suam.
712 5366 1158 5429 munim—Pars
1177 5365 1211 5412 Ι.

3326 311 3443 376 281

1947 453 2050 510 rici
2076 463 2262 513 autem
2290 457 2523 530 exempti
2551 463 2683 515 sunt
2703 473 2735 513 a
2755 453 3127 514 iurisdictione
3148 455 3529 528 temporalium

1948 545 2291 618 principum3
2322 563 2455 622 ergo
2482 554 2537 604 et
2564 547 2631 604 ab
2656 563 2847 604 eorum
2876 545 3120 619 legibus3
3146 560 3277 620 ergo
3299 545 3401 602 illis
3423 561 3533 602 non

1949 633 2288 710 obligantur,
2328 639 2457 712 quia
2493 637 2643 712 leges
2679 636 2857 696 solum
2885 644 3121 711 possunt
3147 635 3382 710 obligare
3410 653 3537 709 per·

1951 739 2117 782 sonas
2159 725 2405 785 subditas
2456 729 2707 800 potestati
2757 727 3100 802 legislatoris.
3144 727 3532 802 confirmatur,

1951 817 2082 888 quia
2119 818 2169 872 si
2209 817 2453 875 clericus
2494 817 2830 892 obligaretur
2870 818 2991 892 lege
3017 820 3197 892 regia,
3227 818 3538 876 inobediens

1951 912 2098 962 esset
2122 909 2258 980 regi,
2274 907 2415 966 illam
2439 908 2879 981 transgrediendo
2892 928 2915 991 j
2939 924 3072 981 ergo
3094 908 3162 965 ab
3183 910 3326 982 ipso,
3350 908 3435 965 vel
3457 910 3537 980 ip-

1952 997 2071 1053 sius
2097 998 2341 1056 ministro
2362 1013 2427 1056 ac
2456 996 2635 1058 iudice
2655 1000 2843 1072 punire
2876 1007 3064 1073 posset
3092 1005 3319 1073 propter
3350 999 3541 1057 huius-

1955 1085 2099 1143 modi
2139 1092 2661 1164 transgressionem
2707 1092 2832 1164 quia
2874 1091 3253 1165 unusquisque
3283 1093 3537 1164 princeps

1921 1253 1928 1262 ς
1956 1175 2149 1234 vindex
2176 1184 2261 1235 est
2296 1196 2522 1237 suarum
2554 1181 2767 1254 legum,
2798 1189 2852 1238 et
2876 1180 2998 1238 ideo
3026 1182 3203 1238 omnis
3230 1181 3312 1238 lex
3343 1197 3536 1238 secum

1955 1265 2111 1322 affert
2137 1268 2243 1324 vim
2272 1270 2532 1343 cogendi,
2564 1279 2627 1328 ut
2652 1270 2966 1328 Aristoteles
2992 1269 3153 1343 dixit3
3185 1274 3313 1345 quia
3340 1271 3540 1345 alioqui

1955 1356 2112 1413 valde
2152 1358 2402 1417 inefficax
2442 1369 2589 1419 esset
2628 1361 2695 1418 ad
2726 1363 2885 1420 finem
2912 1379 3076 1419 suum
3118 1363 3540 1436 assequendum

1959 1453 2012 1503 at
2039 1454 2287 1522 constat,
2318 1448 2549 1508 clericos
2580 1468 2685 1509 non
2714 1467 2879 1525 posse
2904 1454 3084 1525 puniri
3111 1469 3143 1509 a
3170 1454 3425 1526 regibus,
3454 1454 3539 1509 vel

1957 1536 2330 1595 saecularibus
2359 1540 2652 1614 iudicibus,
2684 1543 2893 1601 etiamsi
2922 1543 3067 1616 leges
3090 1544 3297 1601 saeculi
3317 1560 3423 1600 non
3447 1544 3546 1601 ob-

1955 1635 2213 1702 servent3
2242 1643 2374 1702 ergo
2402 1632 2617 1703 signum
2645 1641 2749 1706 est,
2780 1633 2882 1690 illis
2908 1649 3017 1691 non
3045 1633 3289 1708 obligari.
3399 1693 3409 1706 ,

2038 1721 2094 1776 2.
2127 1719 2198 1775 Ut
2224 1718 2605 1788 difficultatem
2632 1723 2773 1780 hanc
2800 1724 3052 1797 expedire
3080 1727 3389 1799 possimus,
3422 1741 3552 1798 sup·

1845 1877 1851 1884 .
1961 1806 2271 1879 ponendum
2300 1810 2477 1881 primo
2504 1819 2618 1885 est,
2650 1827 2913 1886 personas
2940 1814 3342 1872 ecclesiasticas
3366 1831 3549 1872 exem-

1961 1905 2082 1971 ptas
2109 1915 2231 1956 esse
2258 1916 2291 1956 a
2316 1909 2585 1973 potestate
2620 1903 2765 1962 civili
2800 1903 2982 1978 quoad
3020 1904 3217 1964 iudicia
3243 1921 3342 1964 seu
3378 1906 3550 1963 tribu-

1963 1989 2104 2046 nalia
2129 2005 2455 2060 causarum,
2490 2010 2599 2052 non
2627 1995 2809 2054 solum
2836 1997 3337 2054 ecclesiasticarum
3370 1995 3547 2072 (quod

1965 2077 2335 2138 indubitanter
2359 2085 2596 2155 pertinet
2612 2085 2682 2142 ad
2709 2086 2790 2142 ius
2814 2086 3097 2159 divinum),
3115 2087 3210 2144 sed
3232 2087 3393 2145 etiam
3417 2095 3553 2144 tem-

1967 2169 2236 2240 poralium
2262 2179 2375 2230 tam
2412 2173 2652 2232 civilium
2674 2218 2689 2247 ,
2734 2193 2901 2250 quam
2942 2177 3304 2235 criminalium
3332 2219 3347 2250 ,
3390 2183 3557 2252 atque

1969 2262 2128 2319 etiam
2170 2278 2203 2319 a
2240 2263 2514 2323 solutione
2556 2268 2935 2341 tributorum3
2976 2271 3088 2326 sive
3116 2268 3253 2326 haec
3282 2271 3550 2341 exemptio

1972 2351 2038 2408 sit
2063 2350 2314 2411 absolute
2343 2353 2411 2412 de
2437 2359 2559 2414 iure
2585 2357 2767 2415 divino
2787 2403 2802 2432 ,
2832 2361 2943 2418 sive
2970 2361 3038 2417 ab
3065 2359 3157 2418 illo
3188 2360 3367 2418 trahat
3394 2361 3556 2433 origi-

1971 2456 2115 2514 nem,
2146 2450 2202 2499 et
2230 2459 2327 2516 per
2353 2447 2665 2504 Pontificem
2695 2458 3163 2508 consummentur.
3196 2453 3271 2508 De
3298 2467 3409 2525 quo
3432 2451 3556 2507 sun-

1972 2531 2225 2590 damento
2249 2535 2387 2591 inter
2414 2552 2541 2593 vere
2571 2537 2873 2598 catholicos
2902 2557 3010 2598 non
3036 2548 3124 2598 est
3148 2541 3550 2613 controversia,

1971 2629 2026 2679 et
2054 2623 2405 2696 inpraesenti
2434 2642 2541 2683 non
2571 2636 2862 2687 revocatur
2892 2631 2945 2687 in
2970 2630 3233 2702 dubium,
3251 2630 3320 2687 ed
3347 2631 3398 2686 in
3426 2644 3553 2701 pro-

1973 2714 2089 2786 prio
2119 2721 2361 2773 tractatu
2388 2733 2454 2774 cx
2484 2719 2730 2790 professo
2757 2719 3191 2778 demonstratum
3220 2729 3326 2792 est,
3356 2727 3411 2777 et
3438 2719 3555 2776 ideo

1974 2805 2028 2861 in
2053 2805 2195 2862 illius
2217 2805 2537 2878 probatione
2568 2825 2673 2866 non
2703 2809 3079 2882 immoramur,
3110 2811 3316 2868 sufficit
3340 2826 3462 2883 cap.
3494 2815 3550 2868 2.

1975 2910 2101 2967 cap.
2132 2897 2197 2952 Si
2221 2893 2518 2968 diliqenti.
2553 2915 2677 2972 cap.
2710 2899 3081 2974 Siqnfflcasti
3101 2942 3117 2963 .
3160 2899 3227 2958 de
3264 2901 3370 2956 sor.
3402 2917 3554 2957 com-

1975 2991 2086 3058 pet.
2117 2992 2176 3042 et
2204 2987 2405 3055 optime
2434 2989 2633 3046 concil.
2666 2989 2794 3046 trid.
2828 3007 2962 3048 sess.
2994 2997 3089 3063 25,
3116 3009 3239 3066 cap.
3265 2998 3361 3051 20.
3384 2991 3451 3049 de
3472 3009 3557 3049 re·

1975 3075 2190 3131 format.
2216 3077 2328 3132 Nec
2350 3076 2524 3134 solum
2547 3095 2811 3150 personae
2830 3080 3253 3150 ecclesiasticae,
3278 3083 3371 3140 sed
3392 3083 3555 3142 etiam

1977 3166 2118 3222 bona
2144 3181 2343 3223 earum
2362 3175 2612 3240 exempta
2638 3178 2817 3228 sunta
2839 3171 3226 3242 temporalibus
3257 3173 3468 3230 tributis
3499 3185 3558 3231 et

1978 3256 2261 3327 oneribus,
2302 3263 2365 3312 ut
2402 3265 2616 3315 constat
2652 3275 2719 3317 ex
2759 3276 2882 3333 cap.
2912 3265 3049 3318 Non
3087 3265 3310 3330 minus,
3345 3270 3400 3320 et
3425 3279 3551 3338 cap.

1979 3346 2303 3420 Adversus,
2336 3346 2403 3404 de
2442 3349 2765 3407 immunitat.
2807 3351 3091 3409 ecclesiar.
3130 3369 3254 3426 cap.
3291 3358 3551 3424 Noverit,

1979 3439 2046 3495 de
2075 3445 2311 3495 sentent.
2342 3442 2744 3499 excommunic.
2782 3449 2841 3499 et
2876 3457 2999 3515 cap.
3050 3446 3413 3520 Quanquam
3436 3489 3451 3512 ,
3493 3445 3563 3502 de

1979 3527 2183 3586 censib.
2214 3529 2267 3584 ia
2294 3532 2347 3586 6.

2055 3623 2106 3676 3.
2141 3619 2397 3676 Secundo
2423 3634 2488 3676 ex
2515 3619 2621 3676 hoc
2649 3620 2997 3680 fundamento
3025 3625 3304 3698 sequitur,
3335 3625 3421 3682 hic
3450 3641 3571 3701 non·

1980 3710 2187 3765 moveri
2222 3708 2591 3782 quaestionem
2618 3709 2685 3767 de
2713 3710 2923 3786 legibus
2952 3713 3231 3786 civilibus,
3261 3731 3401 3788 quae
3428 3715 3555 3772 huic

1977 3797 2303 3855 immunitati
2333 3813 2691 3871 personarum
2718 3802 3220 3861 ecclesiasticarum
3246 3809 3555 3863 contrariae

1981 3895 2112 3945 sunt
2135 3888 2374 3960 directe,
2403 3891 2488 3946 vel
2516 3889 2809 3964 indirecte,
2840 3893 2968 3966 quia
3004 3901 3303 3952 tractamus
3338 3896 3405 3954 de
3432 3895 3564 3969 legi-

1979 3979 2084 4036 bus
2109 3978 2291 4050 iustis,
2324 3985 2385 4034 ut
2410 3980 2463 4035 in
2490 3979 2646 4036 titulo
2673 3982 3056 4054 explicuimus:
3097 3986 3233 4042 tales
3272 3993 3457 4044 autem
3485 3987 3567 4042 lc-

1980 4083 2075 4142 ges
2104 4067 2335 4124 iniustae
2363 4077 2513 4140 sunt,
2540 4077 2597 4126 et
2622 4072 2942 4143 reprobatae
2972 4081 3036 4131 ut
3061 4075 3295 4148 iniquae,
3328 4093 3435 4132 non
3467 4093 3562 4132 so-

1979 4158 2094 4217 lum
2120 4161 2175 4215 in
2202 4159 2319 4216 iure
2348 4160 2634 4233 canonico,
2664 4176 2785 4234 cap.
2818 4163 3112 4232 Ecclesia,
3146 4176 3202 4222 et
3228 4181 3351 4238 cap.
3392 4169 3563 4241 Quae

1981 4252 2046 4306 in
2071 4247 2475 4317 eeclesiarum,
2506 4249 2573 4306 de
2607 4254 2831 4309 constit.
2854 4261 2909 4310 et
2927 4269 3051 4327 cap.
3075 4258 3329 4322 Noverit,
3354 4255 3425 4312 de
3446 4272 3569 4313 sen-

1982 4339 2148 4398 tentia
2174 4353 2518 4396 excommun.
2544 4346 2600 4396 et
2620 4355 2744 4414 cap.
2764 4343 2867 4400 ult.
2898 4343 2965 4401 de
2993 4345 3263 4402 immunit.
3294 4347 3497 4404 eccles.
3514 4346 3571 4404 in

1987 4433 2043 4502 6,
2076 4429 2173 4486 sed
2200 4429 2359 4487 etiam
2386 4429 2437 4486 in
2460 4429 2578 4487 iure
2606 4431 2769 4502 civili,
2799 4433 2861 4489 C.
2892 4433 2961 4491 de
2990 4449 3199 4492 sacros.
3230 4435 3449 4494 Eccles.
3468 4453 3565 4512 per

1984 4521 2174 4594 plures
2215 4519 2380 4591 leges.
2423 4519 2525 4578 Est
2563 4529 2746 4579 autem
2785 4523 2872 4581 lex
2911 4524 3083 4582 civilis
3121 4525 3327 4585 directe
3367 4538 3561 4586 contra

1985 4611 2375 4669 immunitatem
2404 4601 2850 4686 ecclesiasticam,
2882 4616 3103 4688 quando
3133 4616 3219 4675 vel
3245 4616 3312 4674 de
3340 4619 3569 4676 materia

1988 4701 2249 4776 spirituali
2276 4709 2373 4758 aut
2399 4702 2773 4760 ecclesiastica
2794 4703 3000 4763 directe
3021 4706 3275 4785 disponit,
3304 4715 3399 4766 aut
3421 4711 3573 4766 circa

1988 4807 2249 4866 personas
2286 4790 2691 4850 ecclesiasticas
2728 4793 2779 4849 in
2821 4796 3177 4868 particulari,
3217 4799 3301 4858 vel
3335 4799 3566 4872 directe,

1990 4890 2086 4940 aut
2105 4897 2361 4954 expresse
2380 4889 2660 4938 versatur:
2684 4883 2945 4942 indirecte
2966 4893 3148 4944 autem
3168 4897 3255 4946 est
3275 4892 3567 4962 contraria,

1988 4973 2207 5048 quando
2235 4972 2287 5028 in
2327 4972 2545 5044 propria
2586 4973 2808 5029 materia
2848 4977 2925 5032 ita
2962 4975 3218 5052 disponit,
3249 4985 3312 5036 ut
3334 4995 3417 5036 ‘ox
3454 4981 3575 5036 eius

1988 5063 2367 5122 observatione
2387 5057 2654 5118 redundet
2672 5062 2871 5136 aliquid
2893 5074 3085 5124 contra
3107 5067 3325 5142 propria
3346 5068 3465 5125 iura
3480 5084 3573 5124 ec-

1989 5154 2305 5223 clesiarum,
2329 5155 2425 5206 aut
2442 5150 2795 5209 ecclesiastici
2823 5153 3049 5228 ordinis,
3084 5158 3168 5214 vel
3194 5166 3387 5216 contra
3414 5159 3574 5230 privi-

1989 5241 2128 5317 legia
2155 5242 2254 5298 sibi
2274 5257 2309 5298 a
2328 5241 2461 5315 Deo,
2484 5241 2765 5318 Pontifice,
2789 5252 2884 5301 aut
2904 5245 3323 5317 imperatoribus
3346 5264 3581 5308 conces·

3057 5349 3111 5404 36
