4325 6267
787 374 870 437 30
2194 393 2392 440 Linea
2420 393 2467 440 1.

784 517 858 572 De
897 515 1105 587 legibus
1133 521 1318 572 autem
1348 513 1597 572 humanis
1616 558 1629 585 ,
1661 515 2064 589 cuiuscumque
2092 513 2297 571 ordinis

706 605 832 676 sint,
863 604 1000 660 ratio
1044 603 1308 661 sumenda
1347 611 1432 660 est
1465 620 1530 660 ex
1575 603 1921 676 praecedenti
1963 603 2293 662 conditione.

704 695 842 752 Nam
876 694 1021 750 sicut
1057 693 1200 766 leges
1237 694 1613 750 communitati
1655 695 2033 766 imponuntur,
2067 696 2140 750 ita
2177 710 2301 766 pro-

704 791 826 857 pter
871 785 1078 842 bonum
1119 785 1534 842 communitatis
1580 787 1872 857 praecipue
1910 786 2042 841 ferri
2079 785 2323 855 debent,

704 874 940 948 alioquin
973 875 1309 931 inordinatae
1343 882 1552 931 essent.
1585 876 1718 930 Nam
1749 882 1940 930 contra
1973 890 2183 930 omnem
2214 889 2300 930 re-

701 966 1020 1022 ctitudinem
1050 973 1158 1036 est,
1199 965 1404 1023 bonum
1433 980 1726 1021 commune
1753 963 1819 1020 ad
1855 966 2125 1036 privatum
2155 962 2299 1020 ordi-

703 1071 856 1124 nare,
898 1070 996 1112 seu
1041 1060 1215 1110 totum
1259 1052 1328 1111 ad
1370 1059 1575 1127 partem
1607 1060 1827 1125 propter
1861 1053 2032 1125 ipsam
2063 1053 2295 1123 referre,

705 1145 874 1218 igitur
908 1159 1038 1201 cum
1079 1142 1159 1198 lex
1200 1158 1299 1213 pro
1331 1142 1723 1200 communitate
1753 1142 1997 1213 seratur,
2029 1141 2175 1198 illius
2203 1141 2300 1197 bo-

703 1250 835 1290 num
880 1249 975 1305 per
1003 1248 1060 1288 se
1098 1235 1273 1304 primo
1309 1248 1612 1306 procurare
1637 1232 1820 1290 (lebet.
1848 1235 1982 1290 Item
2011 1249 2074 1290 ex
2108 1231 2296 1288 ordine

707 1323 891 1378 linium
933 1323 1170 1378 sumitur
1211 1322 1412 1394 optima
1449 1323 1605 1378 ratio.
1647 1323 1782 1378 Nam
1823 1322 1940 1379 finis
1977 1321 2135 1377 debet
2178 1336 2298 1378 esse

709 1412 1152 1484 proportionatus
1189 1414 1360 1483 actui,
1391 1413 1618 1485 eiusque
1647 1413 1913 1483 principio
1940 1418 1996 1468 et
2022 1411 2293 1482 facultati3

706 1500 803 1557 sed
835 1500 922 1558 lex
941 1506 1027 1557 est
1047 1499 1236 1574 regula
1259 1502 1567 1557 communis
1586 1501 1960 1572 operationum
1985 1501 2291 1569 moralium3

703 1604 834 1660 ergo
879 1595 933 1646 et
971 1591 1208 1660 primum
1249 1590 1575 1662 principium
1605 1589 1892 1646 moralium
1923 1591 2298 1660 operationum

704 1676 865 1734 debet
901 1693 1022 1733 esse
1061 1679 1298 1749 primum
1340 1678 1660 1750 principium
1703 1678 1864 1753 legis:
1897 1678 1992 1734 sed
2021 1679 2139 1734 finis
2169 1678 2295 1734 ulti·

707 1784 832 1824 mus
877 1783 974 1823 seu
1015 1767 1244 1825 felicitas
1269 1774 1354 1823 est
1381 1769 1618 1838 primum
1645 1768 1970 1840 principium
2006 1766 2296 1824 moralium

705 1860 1119 1928 operationum3
1151 1873 1274 1912 nam
1306 1858 1356 1912 in
1387 1856 1686 1913 moralibus
1716 1858 1834 1912 finis
1862 1864 1948 1913 est
1974 1857 2297 1929 principium

708 1946 998 2018 operandi,
1031 1955 1084 2002 et
1118 1947 1194 2002 ita
1225 1946 1446 2004 ultimus
1469 1947 1586 2011 tipis
1607 1954 1692 2002 est
1711 1947 1946 2018 primum
1970 1947 2295 2018 principium

703 2036 890 2092 talium
921 2051 1178 2106 operum:
1214 2035 1416 2092 bonum
1445 2043 1632 2092 autem
1662 2053 1976 2105 commune,
2008 2051 2108 2093 seu
2129 2036 2299 2092 felici-

710 2132 794 2182 tas
821 2126 1056 2182 civitatis
1084 2132 1170 2181 est
1197 2125 1423 2182 ultimus
1452 2126 1567 2182 finis
1587 2124 1705 2183 eius
1729 2126 1780 2182 in
1805 2142 1907 2183 suo
1929 2125 2137 2198 ordine3
2161 2141 2294 2200 ergo

703 2215 834 2276 illud
857 2215 1016 2273 debet
1035 2231 1154 2272 esse
1179 2217 1413 2287 primum
1440 2217 1766 2288 principium
1788 2217 1920 2288 legis
1941 2238 1956 2289 ς
1981 2215 2140 2272 debet
2159 2231 2293 2289 ergo

701 2323 826 2364 esse
865 2304 948 2362 lex
976 2313 1196 2378 propter
1223 2322 1517 2363 commune
1547 2307 1764 2363 bonum.
1802 2307 1900 2374 Qui
1929 2306 2041 2362 sere
2069 2311 2154 2361 est
2183 2305 2293 2362 dis-

701 2411 903 2452 cursus
933 2395 989 2453 d.
1015 2397 1250 2453 Thomas
1279 2397 1328 2451 in
1359 2394 1413 2451 d·.
1447 2403 1551 2452 art.
1581 2401 1636 2468 2,
1668 2395 1759 2468 qui
1790 2403 1966 2469 potest
1991 2397 2207 2469 egregie
2235 2395 2297 2451 il-

705 2483 926 2540 lustrari
967 2499 1035 2540 ex
1070 2483 1320 2540 doctriua
1359 2486 1500 2556 Aug.
1543 2484 1634 2542 lib.
1679 2489 1762 2544 19.
1794 2484 1866 2542 de
1901 2487 2074 2542 Ctvtt.
2109 2500 2162 2540 c.
2206 2488 2290 2554 16,

707 2573 802 2630 ubi
839 2589 905 2631 ex
941 2573 1120 2630 debito
1155 2573 1341 2631 ordine
1382 2577 1552 2644 partis
1580 2575 1646 2632 ad
1677 2583 1892 2649 totum,
1922 2583 1978 2633 et
2005 2577 2172 2632 unius
2202 2575 2294 2631 do-

708 2679 833 2720 mus
863 2663 930 2721 ad
961 2664 1233 2739 civitatem
1265 2665 1464 2739 (cuius
1491 2673 1599 2736 est,
1633 2672 1693 2722 ut
1713 2665 1905 2739 inquit,
1931 2667 2173 2736 initium,
2198 2681 2297 2720 seu

707 2753 1000 2826 particula)
1034 2753 1268 2827 colligit,
1312 2755 1375 2811 ad
1417 2771 1607 2827 pacem
1646 2756 1844 2811 civium
1890 2770 2080 2826 pacem
2109 2752 2298 2810 dome-

705 2843 898 2900 sticam
939 2845 1148 2900 referri.
1181 2846 1248 2900 Et
1287 2844 1594 2916 subiungit:
1625 2848 1725 2902 Ita
1737 2842 1836 2916 fit,
1869 2848 1935 2900 ut
1961 2858 2036 2899 ex
2065 2841 2188 2916 leqe
2214 2843 2298 2898 ci-

703 2935 908 2990 vitatis
939 2937 1269 3010 praecepta
1313 2949 1540 2991 sumere
1570 2930 2084 3009 patremfamilias
2124 2948 2293 3006 opor-

708 3017 861 3088 teat}
907 3022 1116 3096 quibus
1144 3022 1387 3080 doniam
1413 3040 1592 3080 suam
1615 3025 1702 3078 sic
1726 3026 1926 3095 φοραί,
1958 3028 2026 3079 ut
2051 3025 2128 3079 sit
2155 3024 2298 3096 paci

707 3111 1166 3170 accommodata
1191 3116 1486 3183 civitatis;
1507 3128 1637 3187 ergo
1667 3111 1840 3168 multo
1869 3112 2064 3186 magis,
2095 3125 2293 3168 secun-

702 3202 834 3260 dum
862 3205 1227 3276 Augustinum
1245 3247 1260 3276 ,
1291 3202 1438 3278 leges
1467 3203 1696 3260 civitatis
1723 3201 1920 3259 debent
1946 3200 2013 3258 ad
2044 3217 2295 3258 commu·

699 3307 823 3348 nem
851 3308 1039 3364 pacem
1067 3298 1123 3349 et
1148 3293 1354 3350 bonum
1381 3293 1617 3350 civitatis
1647 3292 1903 3349 ordinari.

779 3381 892 3438 Alia
921 3380 1199 3438 manifesta
1231 3382 1365 3439 ratio
1395 3384 1537 3438 sumi
1567 3387 1748 3453 potest
1775 3397 1840 3438 ex
1870 3381 2073 3453 origine
2098 3379 2313 3438 huma··

706 3485 806 3527 nae
833 3470 990 3544 legis,
1022 3473 1150 3543 quia
1177 3478 1418 3542 potestas
1447 3472 1830 3543 gubernativa,
1856 3486 1996 3552 quae
2019 3480 2105 3526 est
2123 3471 2176 3527 in
2201 3470 2295 3526 ho-

702 3559 964 3629 minibus,
996 3559 1078 3616 vel
1105 3565 1188 3615 est
1213 3558 1520 3624 immediate
1544 3576 1574 3616 a
1594 3562 1727 3633 Deo,
1753 3567 1816 3616 ut
1835 3561 2102 3633 contingit
2123 3560 2174 3615 in
2200 3576 2293 3632 po-

703 3655 900 3706 testate
929 3649 1218 3721 spirituali,
1250 3649 1332 3705 vel
1362 3655 1447 3705 est
1473 3649 1782 3706 immediate
1810 3648 1878 3705 ab
1905 3649 2034 3720 ipsis
2065 3649 2293 3705 homini-

701 3736 834 3808 bus,
868 3747 930 3794 ut
955 3739 1006 3792 in
1036 3743 1302 3808 potestate
1332 3753 1467 3808 pure
1498 3737 1814 3808 temporali,
1847 3744 2082 3810 utroque
2110 3745 2295 3794 autem

703 3825 864 3884 modo
893 3825 1013 3884 talis
1053 3832 1291 3898 potestas
1317 3834 1404 3884 est
1428 3830 1717 3900 praecipue
1745 3827 1871 3883 data
1899 3833 2121 3899 propter
2143 3843 2295 3883 com-

701 3931 863 3972 mune
901 3916 1106 3973 bonum
1134 3918 1572 3987 communitatis3
1601 3932 1733 3990 ergo
1761 3917 1866 3974 boc
1896 3915 2100 3972 bonum
2129 3915 2295 3974 debet

703 4005 907 4062 intendi
929 4008 980 4062 in
1005 4006 1214 4079 legibus
1235 4005 1486 4064 serendis.
1513 4007 1682 4064 Minor
1705 4007 1885 4080 quoad
1909 4009 2144 4079 priorem
2171 4023 2293 4078 par·

704 4102 812 4152 tem
842 4094 909 4152 de
937 4097 1203 4168 spirituali
1233 4105 1500 4169 potestate
1525 4103 1612 4153 est
1637 4097 1858 4154 evidens
1885 4099 1934 4152 in
1965 4097 2286 4169 Scriptura,

697 4201 822 4241 nam
872 4194 1159 4258 propterea
1194 4187 1417 4259 praelati
1448 4194 1718 4242 vocantur
1747 4194 2024 4259 pastores,
2055 4187 2148 4261 qui
2178 4189 2292 4243 ani-

703 4291 846 4330 mam
877 4291 1029 4332 suam
1061 4275 1255 4331 debent
1280 4292 1478 4348 ponere
1501 4292 1598 4348 pro
1623 4276 1814 4334 ovibus
1838 4277 1982 4348 suis3
2009 4284 2061 4332 et
2081 4275 2294 4347 dispen-

701 4373 917 4422 satores
954 4380 1058 4420 non
1097 4364 1329 4436 domini,
1358 4373 1414 4421 et
1444 4365 1667 4421 ministri
1698 4365 1790 4422 Dei
1820 4382 1925 4420 non
1957 4380 2157 4421 causae
2188 4364 2295 4437 pri-

671 4456 942 4524 -mariae3
973 4470 1104 4528 ergo
1132 4460 1389 4512 tenentur
1415 4455 1628 4512 divinae
1658 4455 1937 4512 intentioni
1960 4455 2293 4512 conformari

705 4547 756 4601 in
789 4561 894 4601 usu
926 4543 1046 4606 talis
1075 4543 1376 4616 potestatis3
1403 4545 1546 4600 Deus
1569 4551 1753 4601 autem
1777 4561 2066 4601 commune
2089 4545 2295 4601 bonum

706 4635 955 4708 ipsorum
983 4632 1262 4689 hominum
1291 4633 1668 4705 principaliter.
1691 4633 1940 4705 intendit3
1974 4649 2105 4706 ergo
2132 4636 2296 4690 etiam

697 4723 925 4779 ministri
957 4723 1022 4780 ad
1059 4723 1165 4779 hoc
1205 4729 1476 4780 tenentur.
1501 4724 1571 4781 Et
1592 4723 1713 4780 ideo
1735 4725 2052 4796 gravissime
2075 4727 2129 4778 in
2152 4725 2297 4780 Scri-

696 4818 864 4885 ptura
911 4813 1422 4885 reprehenduntur,
1467 4814 1558 4886 qui
1601 4813 1701 4869 bac
1745 4820 2013 4885 potestate
2051 4815 2100 4869 in
2133 4831 2297 4870 suum

699 4904 972 4976 privatum
1028 4901 1381 4960 commodum
1419 4903 1742 4959 abutuntur.
1790 4903 2017 4971 Quando
2051 4918 2175 4958 vero
2206 4920 2303 4974 po-

699 5001 868 5050 testas
921 4992 1046 5049 data
1080 4999 1166 5048 est
1203 4990 1507 5048 immediate
1545 4993 1611 5049 ab
1647 4992 1773 5064 ipsis
1815 4991 2154 5062 bominibus,
2184 4993 2298 5047 evi-

693 5083 1070 5141 dentissimum
1104 5088 1224 5148 est,
1259 5099 1364 5138 non
1396 5098 1514 5138 esse
1563 5089 1788 5156 propter
1817 5083 2070 5154 principis
2104 5083 2305 5139 utilita-

700 5180 832 5244 tem,
866 5173 958 5230 sed
990 5179 1212 5244 propter
1253 5187 1544 5244 commune
1572 5171 1775 5229 bonum
1795 5187 2012 5238 eorum,
2039 5173 2130 5245 qui
2157 5172 2301 5228 illam

697 5261 1091 5335 contulerunt,
1139 5270 1194 5318 et
1235 5260 1355 5318 ideo
1393 5250 1549 5336 reges
1589 5260 1814 5318 ministri
1847 5261 2179 5334 reipublicae
2211 5277 2303 5334 ap-

2368 515 2661 588 pellantur.
2696 515 2843 574 Adde
2890 519 3087 587 etiam,
3130 529 3251 572 esse
3290 514 3566 573 ministros
3604 517 3697 574 Dei
3740 517 3811 574 ad
3850 519 3956 576 Ro·

2369 621 2514 662 man.
2554 610 2643 677 13,
2672 612 2729 662 et
2754 606 2989 678 sapient.
3016 610 3070 664 6:
3106 607 3261 664 Cum
3286 611 3475 663 essent
3501 609 3764 663 „tinistri
3789 610 3959 680 requi

2367 699 2512 762 eius,
2549 703 2659 752 etc.
2694 695 2900 753 Debent
2922 711 3052 768 ergo
3072 712 3135 752 ea
3158 701 3425 766 potestate
3448 698 3525 752 uti
3550 697 3598 752 in
3624 697 3829 753 bonum
3854 701 3957 753 rei·

2371 784 2647 856 publicae,
2679 801 2710 841 a
2738 773 2870 858 qua,
2902 790 2957 841 et
2983 791 3205 857 propter
3232 801 3395 857 quarn
3424 784 3569 842 illam
3597 792 3952 857 acceperunt.

2368 876 2599 946 Propter
2626 874 2776 947 quod
2806 881 2953 933 recte.
2976 873 3107 930 dixit
3126 874 3359 930 Basilius
3384 875 3529 930 hom.
3564 878 3649 932 12.
3680 877 3729 930 in
3752 875 3961 932 initium

2368 963 2626 1019 Proverb.
2660 963 2708 1018 in
2740 963 2844 1020 hoc
2872 962 3085 1019 differre
3115 970 3407 1038 tyrannum
3436 980 3467 1019 a
3497 979 3625 1036 rege
3647 1003 3662 1032 ,
3694 962 3843 1035 quod
3872 964 3963 1021 ille

2370 1055 2666 1123 propriam,
2700 1051 2787 1108 hic
2819 1067 3167 1109 communem
3196 1052 3485 1109 utilitatem
3508 1053 3558 1108 in
3582 1069 3685 1110 suo
3708 1053 3963 1125 regimine

2370 1144 2604 1214 quaerit.
2638 1135 2789 1210 Quod
2820 1143 2982 1198 etiam
3011 1143 3177 1199 tradit
3208 1143 3373 1199 Arist.
3410 1148 3462 1200 8.
3495 1143 3691 1200 Ethic.
3719 1158 3841 1214 cap.
3872 1147 3959 1212 10,

2368 1239 2420 1285 el.
2452 1235 2508 1288 3.
2542 1231 2963 1300 Politicorum,
3012 1248 3136 1303 cap.
3172 1237 3225 1301 5,
3258 1237 3312 1288 et
3339 1234 3611 1288 consentit
3637 1231 3692 1286 d.
3726 1233 3959 1288 Thomas

2368 1325 2422 1378 2.
2452 1327 2510 1390 2,
2534 1337 2589 1394 q.
2625 1326 2721 1390 ⁴2,
2754 1329 2858 1378 art.
2892 1327 2947 1380 2.
2976 1320 3041 1377 ad
3075 1326 3129 1392 3,
3154 1328 3209 1377 et
3232 1321 3324 1378 lib.
3352 1326 3404 1378 3.
3430 1320 3501 1378 de
3519 1323 3741 1392 Ray-im.
3764 1324 3956 1393 princ.

2366 1425 2490 1481 cap.
2522 1411 2733 1468 ll.lam
2757 1426 2889 1466 vero
2916 1411 3180 1482 probatur
3202 1410 3375 1482 prima
3396 1409 3809 1482 consequentia,
3836 1411 3964 1481 quia

2370 1516 2512 1556 unus
2538 1515 2607 1557 ex
2638 1499 2945 1572 praecipuis
2974 1499 3187 1557 actibus
3219 1499 3383 1556 huius
3414 1501 3695 1571 potestatis
3722 1506 3807 1554 est
3832 1497 3949 1568 lex,

2367 1606 2489 1646 narn
2511 1597 2600 1647 est
2621 1591 2785 1648 veluti
2812 1591 3258 1660 instrumentum,
3282 1605 3377 1662 per
3399 1588 3543 1662 quod
3568 1591 3821 1661 princeps
3842 1603 3971 1644 mos·⁵

2368 1679 2552 1738 raliter
2574 1681 2752 1737 influit
2780 1683 2830 1736 in
2855 1681 3268 1753 rempublicam,
3298 1687 3360 1736 ut
3381 1679 3526 1736 illam
3545 1680 3841 1753 gubernet3
3864 1676 3961 1736 de-

2367 1769 2458 1827 bet
2494 1781 2625 1842 ergo
2664 1787 2790 1828 esse
2830 1771 2916 1828 lex
2957 1777 3181 1843 propter
3221 1785 3515 1827 commune
3558 1769 3761 1826 bonum
3792 1769 3958 1841 ipsius

2366 1858 2728 1931 reipublicae.

2443 1953 2498 2006 2.
2544 1950 2743 2006 Contra
2785 1949 2925 2004 hanc
2970 1965 3101 2006 vero
3143 1949 3511 2007 conditionem
3550 1948 3710 2005 obiici
3752 1955 3953 2021 potest,

2364 2039 2495 2110 quia
2526 2037 2730 2094 multae
2762 2045 2893 2094 sunt
2921 2037 3068 2111 leges
3087 2079 3102 2110 ,
3132 2053 3273 2111 quae
3302 2040 3355 2092 in
3386 2037 3590 2094 bonum
3616 2039 3957 2110 privatarum

2366 2142 2726 2200 personarum
2760 2126 3106 2201 ordinantur,
3139 2135 3203 2184 ut
3230 2145 3281 2183 v.
3312 2144 3368 2200 g.
3402 2143 3543 2201 quae
3572 2129 3709 2185 liunt
3736 2128 3785 2183 in
3815 2127 3964 2185 l'avo-

2366 2231 2482 2274 rem
2522 2217 2854 2289 pupillorum
2876 2259 2889 2284 ,
2932 2218 3201 2288 militum,
3230 2223 3288 2272 et
3315 2215 3535 2272 similes.
3559 2203 3720 2274 'Unde
3746 2218 3801 2272 in
3831 2217 3868 2273 l.
3910 2222 3957 2290 l,

2366 2306 2421 2362 ff.
2453 2307 2520 2362 de
2549 2306 2719 2362 iustit.
2750 2313 2807 2362 et
2845 2291 2953 2362 iur.
2988 2312 3043 2363 et
3068 2307 3121 2362 in
3150 2307 3387 2372 §huius
3416 2304 3623 2372 studii,
3660 2307 3836 2363 instit.
3866 2322 3962 2363 eo-

2366 2395 2490 2452 dem
2532 2395 2676 2452 titul.
2718 2394 2963 2472 duplices
2999 2396 3408 2468 distinguuntur
3434 2394 3609 2468 leges:
3653 2395 3958 2469 quaedam,

2366 2501 2506 2558 quae
2544 2485 2612 2542 ad
2653 2501 2945 2541 commune
2986 2485 3224 2557 bonum,
3265 2499 3362 2540 seu
3395 2491 3597 2542 statum
3628 2485 3957 2556 reipublicae

2366 2574 2719 2641 ordinantur,
2748 2574 2878 2631 aliae
2904 2589 3055 2646 vero,
3079 2590 3219 2648 quae
3244 2581 3373 2632 sunt
3395 2576 3543 2631 circa
3570 2577 3843 2655 privatum
3864 2575 3961 2632 bo-

2368 2681 2501 2720 num
2531 2663 2900 2736 singulorum.
2932 2666 2998 2721 Et
3024 2667 3077 2720 in
3107 2665 3148 2722 l.
3186 2671 3234 2737 1,
3264 2663 3321 2720 ff.
3353 2663 3419 2720 de
3444 2665 3726 2720 constitut.
3753 2665 3956 2736 princi-

2364 2769 2529 2826 pum,
2562 2753 2792 2825 dicitur,
2823 2754 3087 2826 quasdam
3118 2771 3239 2811 esse
3268 2754 3417 2827 leges
3444 2755 3789 2827 personales,
3820 2770 3960 2828 quae

2367 2858 2658 2915 personam
2703 2860 2809 2899 non
2852 2843 3241 2915 egrediuntur,
3286 2844 3412 2917 quia
3454 2845 3706 2900 nimirum
3737 2846 3785 2900 in
3818 2844 3959 2900 illius

2370 2937 2585 2988 tantum
2616 2933 2967 2990 commodum
2996 2935 3149 2990 liunt.
3180 2933 3333 3002 Quod
3365 2933 3595 2989 maxime
3624 2934 3808 2992 videre
3836 2933 3964 2990 licet

2366 3023 2417 3079 in
2448 3022 2755 3096 privilegio,
2787 3024 2933 3095 quod
2963 3023 3047 3080 lex
3070 3023 3277 3095 privata
3304 3022 3514 3081 dieitur
3542 3024 3592 3078 in
3615 3039 3741 3095 cap.
3770 3025 3961 3080 Privi-

2366 3111 2616 3184 Ieyium,
2665 3111 2719 3168 d.
2761 3117 2823 3184 3,
2854 3112 2980 3186 quia
3019 3113 3275 3169 nimirum
3314 3113 3364 3167 in
3406 3113 3673 3185 privatum
3715 3128 3961 3172 commo-

2364 3201 2499 3258 dum
2538 3200 2861 3273 privilegiati
2900 3201 3255 3272 conceditur3
3296 3219 3401 3258 non
3430 3217 3561 3275 ergo
3593 3200 3739 3274 leges
3773 3219 3961 3259 omnes

2366 3292 2688 3348 ordinantur
2728 3292 2781 3347 in
2822 3307 3115 3348 commune
3152 3291 3377 3348 bonum.
3420 3291 3648 3348 Aliunde
3684 3308 3815 3349 vero
3850 3309 3957 3348 non

2367 3380 2583 3437 videtur
2628 3382 2763 3436 satis
2799 3395 2953 3449 esse,
3000 3379 3148 3453 quod
3178 3380 3227 3435 in
3256 3396 3547 3436 commune
3589 3379 3793 3438 bonum
3821 3381 3964 3438 ordi-

2364 3476 2593 3540 nentur,
2626 3471 2755 3542 quia
2783 3483 2943 3540 saepe
2978 3470 3031 3524 in
3072 3468 3369 3526 multorum
3410 3469 3668 3525 damnum
3714 3477 3770 3526 et
3797 3470 3963 3527 detri-

2366 3566 2610 3615 mentum
2640 3558 2982 3626 redundant3
3017 3575 3124 3614 non
3152 3565 3282 3616 sunt
3308 3566 3487 3614 autem
3513 3557 3757 3614 facienda
3794 3559 3957 3632 mala,

2365 3655 2427 3704 ut
2454 3649 2670 3704 veniant
2696 3633 2837 3704 bona
2856 3689 2871 3716 ,
2902 3663 3001 3703 nec
3029 3644 3249 3720 quidam
3280 3645 3641 3718 locupletandi
3669 3655 3801 3704 sunt
3825 3663 3955 3705 cum

2364 3736 2598 3793 aliorum
2619 3737 2976 3806 detrimento,
3010 3738 3157 3792 iuxta
3188 3736 3434 3808 regulam
3456 3735 3853 3810 Locupletari,
3888 3737 3955 3796 de

2365 3824 2543 3900 regul.
2578 3827 2684 3882 iur.
2722 3827 2771 3881 in
2805 3831 2858 3883 6.
2892 3827 3056 3883 Maior
3084 3831 3253 3899 patet,
3285 3826 3479 3897 primo,
3505 3825 3725 3898 quando
3751 3828 3961 3884 contin-

2364 3917 2466 3988 git,
2497 3915 2670 3971 eidem
2699 3917 2813 3988 regi
2842 3915 3013 3980 multa
3042 3931 3211 3987 regna
3240 3914 3485 3971 subiecta
3512 3931 3665 3988 esse,
3698 3931 3817 3971 nam
3847 3916 3960 3988 lex,

2366 4020 2507 4077 quae
2537 4007 2626 4061 uni
2655 4021 2826 4078 regno
2857 4012 2945 4061 est
2972 4004 3143 4074 utilis,
3174 4004 3326 4062 alteri
3356 4003 3492 4061 solet
3511 4020 3630 4062 esse
3654 4006 3875 4078 nociv33
3900 4013 3955 4062 et

2366 4096 2421 4151 in
2462 4095 2655 4151 eodem
2688 4110 2856 4167 regno
2886 4101 3067 4166 potest
3094 4094 3232 4151 idem
3262 4095 3579 4166 contingere
3606 4097 3749 4153 inter
3778 4096 3954 4153 diver-

2365 4201 2452 4240 sas
2478 4185 2745 4241 civitates.
2779 4186 2915 4240 Item
2956 4185 3039 4241 lex
3076 4184 3515 4256 praescriptionis
3534 4189 3557 4254 ,'
3590 4192 3653 4241 ut
3682 4187 3774 4241 uni
3801 4201 3958 4259 prae·

2368 4273 2494 4330 beat
2530 4273 2833 4330 dominium
2874 4274 2979 4343 rei,
3012 4289 3202 4329 verum
3231 4273 3506 4329 dominum
3538 4277 3714 4346 privat
3742 4291 3799 4331 re
3827 4290 3956 4348 sua,

2368 4379 2527 4435 saepe
2548 4363 2733 4434 etiam,
2757 4361 2908 4434 quod
2937 4364 3313 4446 communitati
3345 4363 3559 4438 videtur
3589 4363 3741 4435 utile,
3775 4366 3959 4421 multis

2368 4451 2795 4525 particularibus
2836 4451 3079 4523 personis
3120 4466 3411 4508 onerosum
3448 4458 3533 4508 est
3567 4459 3624 4508 et
3656 4455 3957 4510 incommo-

2371 4543 2531 4613 dum3
2576 4543 2683 4598 imo
2725 4540 3017 4614 aliquando
3054 4542 3199 4614 leges
3237 4541 3440 4598 directe
3481 4539 3721 4598 inierunt
3756 4541 3959 4600 malum

2370 4633 2664 4706 aliquibus,
2699 4640 2758 4688 ut
2787 4631 2932 4703 leges
2961 4631 3249 4704 punitivae.

2448 4727 2502 4780 3.
2534 4721 2615 4778 Ad
2646 4722 2881 4794 priorem
2910 4729 3117 4794 partem
3150 4723 3293 4776 varie
3322 4718 3652 4791 respondent
3678 4728 3953 4794 auctores,

2372 4823 2435 4870 ut
2472 4810 2655 4868 videre
2698 4811 2826 4868 licet
2867 4811 2915 4867 in
2945 4813 3185 4868 Navarra
3215 4827 3269 4865 n.
3304 4814 3394 4867 28.
3427 4816 3484 4866 et
3513 4813 3605 4881 29,
3637 4808 3761 4867 loco
3792 4828 3960 4884 supra

2372 4906 2559 4959 citato.
2606 4900 2727 4956 Mihi
2774 4916 2903 4955 vero
2942 4916 3028 4956 res
3059 4898 3271 4956 videtur
3298 4900 3447 4956 clara
3466 4941 3481 4972 ,
3510 4906 3569 4955 et
3594 4898 3831 4958 adhibita
3858 4901 3962 4958 du·

2372 4993 2498 5066 plici
2529 4990 2880 5046 distinctione
2909 4990 3065 5046 facile
3094 4990 3350 5061 expediri.
3379 4991 3530 5045 Prior
3557 4997 3643 5046 est
3662 4989 3729 5047 de
3757 4991 3962 5063 duplici

2371 5084 2517 5140 bono
2562 5082 2839 5136 communi
2879 5079 3236 5152 reipublicae,
3271 5097 3440 5136 unum
3466 5086 3569 5150 est,
3600 5078 3747 5153 quod
3777 5096 3875 5151 per
3902 5097 3961 5137 se

2374 5173 2548 5245 primo
2590 5185 2886 5226 commune
2914 5175 3029 5240 est,
3059 5171 3189 5241 quia
3216 5185 3319 5225 non
3350 5174 3434 5225 est
3460 5169 3564 5226 sub
3595 5168 3827 5226 alicuius
3856 5172 3964 5243 pri-

2380 5261 2483 5318 vati
2512 5259 2755 5316 dominio
2777 5299 2792 5330 ,
2834 5258 2927 5316 sed
2957 5258 3123 5315 totius
3152 5258 3584 5330 communitatis,
3618 5258 3685 5316 ad
3712 5259 3872 5319 cuius
3902 5278 3964 5317 u-
